3090 4974
544 468 602 517 Llll.
622 469 652 518 ll.
688 468 786 520 EPlST.
805 471 835 518 ll.

191 619 365 687 Caedimnr
387 630 419 688 et
441 621 573 688 totidem
595 621 698 710 plagis
721 624 941 692 consumimus
963 624 1087 694 hostem

190 742 293 808 Lento
316 742 475 809 Samnites
498 743 539 808 ad
562 741 681 810 lumina
704 745 806 832 prima
829 745 946 812 duello.

187 862 329 928 Discedo
352 861 488 929 Alcaeus
511 874 629 950 puncto
654 863 754 945 illius;
777 865 830 933 ille
853 888 925 934 meo
948 867 1045 955 quis?

189 983 270 1064 Quis
293 983 354 1050 nisi
378 982 614 1051 Callimachus?
637 985 669 1052 Si
692 985 765 1074 plus
788 987 967 1075 adposcere
989 989 1094 1066 visus,
1171 991 1233 1057 too

178 1180 316 1306 gamund
337 1184 365 1232 et
387 1183 513 1233 Schmidii
535 1185 679 1236 secundus.
702 1213 728 1222 -
749 1185 789 1236 38.
807 1185 910 1250 ptimo]
931 1199 1017 1248 mone
1036 1187 1089 1238 duo
1107 1187 1198 1239 Bland.

200 1269 296 1321 ruquu.

145 1424 271 1486 tiumqac
290 1425 389 1476 nomine
412 1427 600 1489 compellarunt.
628 1427 667 1479 Ct.
706 1427 758 1479 bus
780 1428 917 1480 dumtaxat
937 1428 1084 1480 batuebant
1108 1429 1143 1479 ad
1166 1443 1232 1480 eon-

146 1499 199 1549 Cic.
212 1498 247 1550 de
258 1500 328 1550 Orat.
342 1501 367 1562 Ξ,
380 1499 421 1564 78,
435 1501 491 1553 346.
512 1502 553 1564 8⁰,
566 1503 623 1554 325.
642 1503 667 1565 3,
705 1503 779 1553 rivas
797 1501 991 1566 oblectandos.)
1313 1553 1322 1568 ,

144 1572 185 1634 33,
198 1573 239 1623 86.
255 1601 282 1610 -
297 1575 331 1624 od
341 1574 438 1625 lumina
446 1576 540 1642 priam]
559 1578 667 1627 aGraeci
739 1577 843 1627 os-ton.
862 1579 966 1628 Discedo
978 1576 1039 1640 cet]
1052 1577 1156 1628 «Finitis
1169 1589 1230 1629 mu-

144 1648 207 1717 xepl
224 1645 336 1714 λύχνων
352 1643 443 1712 ἁφάς.
472 1651 668 1713 Vespertinatu-
706 1650 757 1698 lnis
786 1649 859 1701 hisee
889 1650 1013 1700 laudibus
1041 1663 1090 1714 ego
1118 1649 1229 1701 domum

142 1725 214 1773 mina
230 1723 293 1774 dicit
311 1724 465 1776 Ammianus
483 1727 562 1776 blare.
576 1726 622 1786 46,
641 1725 666 1784 8,
705 1722 787 1772 redeo
797 1722 864 1774 alter
872 1724 985 1776 Alcaeus
997 1724 1081 1774 tactus
1092 1723 1228 1788 elegorum

143 1798 181 1859 9.,
201 1811 270 1862 quae
287 1797 397 1849 sublatis
413 1800 514 1850 mensis
531 1800 623 1864 primis
641 1801 666 1850 in
704 1797 842 1860 scriptoris
864 1798 989 1860 suffragio
1011 1798 1038 1847 et
1056 1798 1179 1849 iudicio.»
1200 1825 1226 1836 -

143 1871 283 1922 triclinium
302 1873 391 1923 inferri
408 1872 542 1934 solebant;
561 1878 667 1938 tempus
703 1870 817 1933 scaea]
835 1872 874 1922 Ct.
888 1873 953 1936 Epp.
969 1873 978 1922 4
992 1910 998 1934 ,
1012 1873 1053 1933 49,
1065 1873 1106 1922 29.
1121 1899 1149 1910 -
1165 1885 1230 1936 putt-

142 1947 448 2012 ipsumtumieoprimo,
463 1949 668 2012 priorumsucem
703 1945 750 2010 cto]
777 1947 825 1996 «ln
844 1947 956 2006 comitiis
975 1945 1153 1997 creandorum
1171 1961 1230 1998 ma-

142 2035 167 2072 v.
189 2021 309 2072 Oudend.
331 2023 365 2074 ad
390 2022 466 2087 Apul.
488 2025 548 2076 liet.
571 2024 602 2085 2,
623 2024 663 2074 st.
703 2020 859 2082 debeldum
882 2020 1111 2072 distribuebantur
1131 2021 1229 2072 suifra-

143 2099 305 2146 recentiores
333 2097 490 2146 teneriores
517 2099 607 2147 mom
630 2092 665 2147 τὸ
703 2095 775 2156 glum
800 2092 891 2144 laturis
909 2093 1021 2145 tabellae
1040 2096 1160 2156 ceratae,
1188 2096 1229 2146 in·

142 2167 278 2230 λυχνικόν
294 2185 319 2222 v.
337 2171 405 2222 Voss
423 2172 456 2222 de
474 2173 523 2222 vit.
540 2173 624 2222 serm.
639 2172 664 2234 3,
702 2169 799 2232 scripta
826 2168 957 2219 babentes
975 2170 1083 2219 nomina
1100 2169 1228 2221 candida-

141 2246 198 2307 24.,
228 2245 301 2310 quod
330 2249 436 2310 tempus
465 2245 664 2310 quodammodo
702 2245 790 2293 torum
808 2255 858 2308 per
879 2241 1034 2306 singularias
1057 2241 1157 2296 litteras
1180 2258 1229 2296 ex-

141 2320 233 2370 delinit
245 2319 359 2370 Galenus
368 2319 402 2370 de
412 2322 535 2370 Praenot.
546 2320 580 2370 ad
590 2321 662 2385 Epig.
702 2331 808 2382 presse,
825 2331 866 2369 ex.
881 2331 920 2382 gr.
933 2320 967 2372 bl.
981 2320 1009 2369 T.
1025 2319 1065 2380 C.,
1083 2319 1109 2370 b.
1123 2334 1147 2370 e.
1161 2321 1229 2372 blan

141 2407 164 2445 c.
179 2395 218 2444 44.
238 2407 264 2458 p.
285 2394 341 2444 638.
360 2395 388 2444 Τ.
401 2387 563 2466 XIV.'uipag
580 2391 664 2447 ἐννά-
702 2405 750 2444 cus
760 2391 858 2444 Tullius
872 2394 978 2456 Cicero,
998 2395 1027 2443 ut
1041 2395 1158 2458 patetex
1171 2395 1225 2446 Cic,

139 2483 190 2535 της
207 2463 272 2540 ἄρτι
289 2465 401 2529 λύχνων
423 2463 585 2536 ἡμμένων.»
612 2473 663 2521 Lo·
701 2468 778 2516 Dom.
793 2467 833 2518 43.
847 2468 1015 2530 Diribitores,
1035 2471 1100 2531 quot
1111 2471 1225 2534 quisquc

139 2558 202 2595 mex
218 2544 253 2594 ad
270 2545 349 2608 Soph.
370 2544 408 2595 Αἱ,
427 2544 476 2595 Ed,
495 2544 539 2595 att,
557 2559 585 2610 p,
603 2545 661 2598 206,
701 2541 824 2604 suffragia
843 2541 961 2604 tulisset,
988 2545 1086 2608 puncto
1104 2545 1226 2609 apposito

140 2619 179 2670 Cl.
192 2621 244 2670 Sat.
258 2620 285 2682 2,
298 2620 328 2680 7,
341 2618 381 2669 33.
401 2620 447 2670 Est
459 2633 540 2683 ergo:
562 2633 662 2683 ausurae
701 2615 841 2678 notabant,
854 2619 885 2666 ut
895 2619 1000 2668 constat
1010 2619 1092 2668 etiam
1104 2630 1137 2668 ex
1148 2619 1225 2668 Festo

139 2693 173 2744 ad
189 2695 289 2758 primm
306 2693 378 2743 iaces
391 2695 545 2756 nocturnas,
565 2693 663 2758 quibus
700 2691 726 2739 in
739 2703 764 2739 v.
778 2691 973 2754 Suffropotores.
997 2691 1063 2741 Hinc
1076 2697 1173 2754 puncto
1183 2705 1227 2743 ac-

139 2768 259 2819 accensis
285 2768 375 2818 finitur
398 2767 581 2831 gladiatorium
600 2766 662 2816 illud
701 2764 833 2827 cipiantur
854 2777 902 2826 pro
926 2765 1070 2828 suffragiis,
1098 2767 1159 2828 quia
1176 2765 1225 2817 illis

138 2841 270 2893 ludicrum
282 2843 478 2892 incruentum.»
496 2839 543 2892 Alii
554 2841 662 2904 quidem
700 2835 768 2885 haec
785 2836 997 2886 indicabantur.»
1016 2839 1135 2887 Foacsnn.
1167 2839 1222 2888 Cic.

139 2919 288 2983 exponunt:
309 2929 424 2967 «coenae
442 2918 578 2981 tempore,
597 2915 662 2966 dum
700 2923 748 2975 pro
760 2907 902 2972 Plaudit,
916 2909 962 2960 53:
981 2911 1114 2960 ememtes
1125 2911 1223 2976 (tribas)

137 2991 237 3042 lumina
259 2993 321 3042 sunt
337 3003 451 3042 accensa
463 3006 490 3050 ς»
516 2990 565 3041 sed
583 3003 661 3054 prae·
696 2984 797 3047 punctis
808 2997 891 3046 paene
907 2985 1007 3034 tolidem
1024 2983 1163 3050 (talanat).
1183 2985 1221 3036 Cl.

138 3065 243 3117 tulerim
271 3067 388 3130 priorem
417 3067 547 3116 rationem
581 3066 662 3115 etiam
699 3061 729 3108 A·
744 3059 771 3108 P·
785 3057 843 3108 343-
861 3083 890 3094 -
909 3059 950 3108 ille
965 3071 1020 3108 meo
1037 3057 1123 3124 444444]
1142 3061 1223 3110 lnler-

136 3141 247 3203 propter
262 3153 287 3190 v.
307 3141 385 3200 tento,
413 3140 454 3189 ein
472 3136 581 3203 longum
597 3153 662 3203 pro-
698 3132 799 3194 rogatio
816 3143 978 3196 suspeusum
995 3132 1077 3182 habet
1095 3131 1224 3184 lectorem

137 3212 218 3262 ducto
235 3225 267 3262 ac
279 3213 358 3263 nimis
369 3226 453 3278 prope
467 3213 543 3276 longo
556 3213 587 3263 iis
600 3226 662 3263 con·
699 3204 885 3256 inlerdUbiom
895 3207 1131 3270 exspectationem,
1141 3219 1223 3270 quem

136 3287 215 3348 vivis,
239 3288 284 3351 qui
302 3286 352 3337 alia
369 3291 396 3338 et
413 3286 523 3337 meliora
542 3286 661 3337 oblecta·
698 3280 807 3332 modern
819 3283 927 3344 poetam
939 3281 1123 3333 nominaturus
1135 3283 1177 3333 sit.
1192 3309 1220 3320 -

137 3361 226 3411 menta
250 3363 374 3411 norunt.»
403 3363 489 3426 Atque
519 3363 661 3412 consenta—
698 3355 964 3417 commutamnus
973 3359 1222 3420 poetaCyrenaeus,

136 3447 217 3485 neum
233 3434 339 3485 videtur
354 3437 380 3486 in
393 3435 474 3486 domo
486 3436 533 3485 viri
546 3433 662 3499 locuple-
698 3443 723 3479 e.
737 3443 761 3478 a.
773 3430 835 3479 Chr.
845 3430 903 3480 280.
916 3431 1009 3493 Magna
1021 3432 1074 3482 ium
1086 3431 1153 3482 haec
1165 3435 1223 3482 erat

136 3510 183 3572 tis,
201 3509 250 3560 sed
267 3508 340 3574 politi
358 3513 385 3560 et
397 3509 518 3572 litterati,
538 3524 589 3561 non
602 3511 660 3560 Tri·
698 3502 764 3556 laus.
794 3504 952 3566 Crinngoras
972 3505 999 3555 in
1016 3503 1120 3556 Anthul.
1139 3502 1220 3556 palat,

135 3581 291 3635 mannonis
308 3584 427 3647 alieuius,
451 3587 520 3648 tum,
540 3599 602 3636 cum
618 3584 660 3635 n.
696 3581 727 3629 n.
746 3591 772 3642 p.
787 3579 848 3629 aaa:
867 3574 1057 3645 Καλλιμάχου
1074 3575 1108 3628 τὸ
1122 3593 1222 3650 τορευ-

136 3657 251 3709 minibus
279 3661 399 3710 accensis
427 3659 573 3724 potabant,
599 3659 658 3710 talia
696 3649 748 3704 τὸν
765 3645 836 3717 ἔπος
852 3650 933 3704 τόδε·
958 3651 993 3720 δὴ
1011 3650 1066 3726 γὰρ
1083 3653 1125 3705 ἐπ’
1143 3649 1221 3722 αὐτῷ

135 3730 234 3782 ludlera
252 3731 340 3784 locum
358 3735 473 3784 cessisse
490 3733 659 3787 liberioribus
693 3724 862 3800 Ὡνὴρτοὸς
873 3730 1014 3781 Μουσέων
1025 3725 1134 3792 πάντας
1143 3722 1220 3782 ἔσει-

135 3807 221 3856 omnis
233 3808 337 3869 generis
352 3807 535 3869 sermonibus,
555 3809 599 3871 qui
611 3821 660 3872 per
681 3823 731 3858 -oa
747 3805 849 3872 κάλως.
878 3806 982 3868 Quintil.
996 3808 1039 3870 40,
1060 3809 1087 3869 4,
1105 3807 1151 3858 58:
1170 3807 1220 3858 ele-

134 3879 176 3930 illa
200 3880 293 3932 baberi
311 3895 363 3931 non
380 3883 511 3945 poterant.
543 3881 599 3944 (Alii
625 3882 658 3932 de
694 3873 753 3946 piae
773 3885 891 3946 princeps
914 3882 1019 3932 tabdur
1044 3882 1218 3933 Gallinariam.

133 3953 202 4004 ludis
211 3954 324 4020 publicis
334 3953 508 4018 intelligentes
517 3954 656 4020 explicant:
695 3960 817 4009 Attamen
835 3971 899 4009 vere
917 3957 991 4008 ovid.
1006 3959 1064 4008 Am.
1079 3958 1106 4018 4,
1120 3959 1160 4020 te,
1174 3958 1218 4009 43;

134 4027 327 4092 «Gladiatores,
354 4043 417 4081 curn
443 4031 607 4094 vesperascit
626 4043 658 4080 ac
694 4033 823 4082 Battiades
832 4045 928 4094 semper
939 4031 1219 4097 totocautobiturorbe,

133 4101 186 4151 iam
203 4101 328 4154 lucernae
343 4103 541 4164 accenduntur,
561 4103 657 4154 lentius
696 4108 816 4168 Quamvis
831 4107 930 4170 inuenio
946 4121 997 4156 non
1008 4105 1087 4167 votet,
1105 4113 1220 4158 ortano-

132 4174 259 4227 dimicant
274 4177 477 4242 incolumesque
489 4176 654 4229 discedunt«
694 4181 733 4229 tet.
762 4179 836 4230 Hand
850 4179 943 4230 inscita
955 4179 1002 4230 luit
1013 4179 1140 4230 Torrentii
1152 4195 1218 4233 con-

132 4251 166 4300 nt
182 4249 265 4301 multo
282 4252 382 4302 rectius
400 4251 610 4315 interpretabere
622 4251 656 4302 de
695 4255 807 4314 iectura,
832 4265 913 4316 quam
936 4253 1056 4317 sequitur
1076 4253 1218 4308 Paldamus

132 4322 323 4386 gladiatoribus
340 4326 507 4386 domesticis,
527 4327 571 4390 qni
587 4327 658 4378 rudi·
693 4327 894 4392 (satistatis.
910 4327 981 4378 4844.
995 4341 1021 4394 p.
1036 4328 1102 4391 344.)
1116 4332 1143 4380 et
1154 4331 1217 4380 Gro-
