3156 4972
597 439 657 492 um.
676 439 708 492 u.
742 441 811 493 eir.
828 441 883 492 vn.
1228 442 1290 509 339

248 599 408 677 Quaeres,
431 595 562 685 quando
585 597 701 665 iterum
724 619 844 686 paveas
867 600 1049 687 iterumque
1071 601 1178 688 perire

247 720 371 796 Possis,
395 739 415 786 o
439 719 532 788 toties
554 721 685 786 servusi
708 722 800 800 Quae
822 721 918 788 belua
941 721 1059 810 ruptis,
1247 725 1291 790 70

249 841 328 908 Cum
351 840 452 908 semel
479 839 604 929 effugit,
629 842 735 909 reddit
756 863 792 910 se
815 865 914 931 prava
937 845 1081 912 catenis?
1173 857 1176 864 ⁴

246 964 315 1028 Non
325 983 399 1028 sum
411 963 580 1042 moechus,
604 965 661 1032 ais.
697 966 810 1054 Neque
825 986 896 1054 ego,
913 966 1054 1044 hercule,
1071 968 1129 1046 lur,
1141 968 1198 1036 ubi
1211 990 1289 1036 vasa

247 1086 419 1152 Praetereo
442 1087 572 1174 sapiens
594 1097 762 1174 argentea:
785 1087 861 1156 tolle
882 1088 1052 1176 periclum,

249 1211 314 1275 larn
335 1227 417 1294 vaga
437 1207 583 1294 prosiliet
603 1209 700 1275 lrenis
722 1218 835 1276 natura
857 1212 999 1278 remotis.

248 1333 336 1398 Tune
358 1329 435 1396 mihi
457 1329 622 1408 dominum
646 1351 756 1398 rerum
777 1332 921 1420 imperiis
943 1331 1174 1422 hominumque
1249 1337 1290 1402 75

246 1453 304 1520 Tot
325 1453 486 1540 tantisque
508 1452 625 1529 minor,
649 1471 747 1542 quem
770 1463 819 1520 ter
839 1453 979 1522 vindicta
1001 1465 1182 1546 quaterque

236 1630 339 1686 netues,
361 1624 434 1674 credo
452 1637 467 1673 e
486 1622 551 1674 cod.
570 1623 862 1686 mascemutinas.
883 1652 911 1662 -
929 1625 1015 1678 decim
1030 1632 1187 1693 metnensque
1203 1630 1257 1695 (sic)

237 1701 263 1750 S.
284 1727 312 1738 -
330 1699 372 1750 72.
388 1699 445 1748 ciac
462 1697 527 1749 Cod.
547 1696 639 1749 illaad.
657 1699 866 1762 antiquissimus.

203 1863 265 1902 rum
283 1849 466 1901 contrahendi.
510 1848 618 1908 Quoties
639 1849 730 1898 autem
767 1851 843 1900 stuca
860 1849 927 1901 dicis
942 1863 1022 1903 causa
1039 1853 1218 1916 percutiebat,
1237 1867 1292 1920 quo

203 1926 371 1985 moecharis,
385 1925 463 1975 toties
474 1922 589 1974 libidinis
601 1925 662 1973 tuae
675 1935 730 1974 ser-
767 1935 844 1973 suam
868 1925 894 1975 in
912 1938 975 1976 eum
998 1928 1159 1990 potestatem
1178 1931 1293 1982 manile-

202 2015 254 2053 vus
271 2015 327 2052 es.»
360 2000 399 2050 De
421 1999 507 2050 lorma
525 1997 602 2048 euasti
623 1997 675 2047 vid.
695 1998 730 2048 ad
767 1999 864 2058 starel;
886 2001 944 2050 tum
962 2003 1080 2051 assertor
1097 2003 1122 2052 in
1140 2001 1292 2057 libertatem

203 2079 258 2128 sat.
272 2080 300 2136 l,
318 2076 348 2140 91,
367 2075 407 2126 tt.
438 2075 541 2126 Omissa
563 2071 691 2138 particula
708 2074 730 2122 ri
767 2073 837 2124 hanc
848 2073 990 2126 iormulam
1001 2076 1204 2140 pronuntiabat:
1221 2079 1293 2132 Httnc

203 2151 246 2202 rel
267 2163 325 2200 cum
346 2151 531 2200 nervosiorem
554 2148 643 2199 reddit
668 2161 730 2197 ora·
765 2149 889 2198 horninem
912 2150 1018 2201 liberum
1042 2165 1092 2202 esre
1112 2153 1155 2202 oio
1180 2167 1213 2204 aa
1237 2155 1294 2207 iure

202 2227 312 2276 tionem.
348 2225 423 2275 coni.
446 2225 499 2273 Sat.
524 2225 553 2284 Ξ,
580 2223 610 2282 6,
637 2223 678 2274 ts.
700 2249 728 2260 -
767 2224 911 2286 Qniritium.
946 2225 1075 2276 Dominus
1099 2226 1171 2278 velut
1192 2229 1292 2282 cedens

202 2301 285 2365 mdc]
309 2299 417 2350 ironice.
437 2325 465 2336 -
485 2299 556 2360 οων
577 2297 730 2360 helmet]
766 2298 920 2350 edversario
936 2299 1014 2350 ficto:
1032 2302 1104 2354 Hwtc
1119 2303 1243 2356 hoamen
1258 2305 1293 2356 li-

203 2373 378 2426 Proverbium
396 2375 466 2424 erat:
484 2365 553 2422 Ἀλλ’
571 2365 626 2423 οὐκ
643 2362 729 2434 αὖθις
766 2374 851 2424 hemor
867 2389 917 2425 esre
932 2375 1001 2426 volo:
1018 2375 1074 2426 vel:
1093 2378 1166 2428 Liber
1182 2387 1233 2430 erto
1249 2385 1292 2431 ot·

202 2443 322 2515 ἁλώπηξ
345 2443 460 2515 (πάγαις
483 2442 649 2512 ἁλώσεται).
678 2449 729 2498 Ze·
765 2462 813 2510 que
829 2449 909 2510 obito,
929 2463 978 2511 quo
993 2451 1076 2511 ccler,·
1093 2451 1155 2503 dein
1168 2467 1230 2505 eum
1243 2455 1293 2506 cir-

202 2524 267 2576 nob.
288 2525 319 2586 l,
337 2525 377 2574 tr.
765 2524 925 2587 cumagebat
958 2527 986 2574 et
1018 2539 1099 2576 manu
1133 2529 1290 2591 emittebat;

234 2600 324 2650 rt-rr.
344 2595 728 2663 Nonsumcel.]1ndeabhoc
765 2602 857 2664 postea
875 2603 984 2663 praetor
1001 2600 1139 2663 edicebat.
1166 2617 1223 2653 eum
1246 2605 1292 2656 ho·

201 2687 283 2726 versu
311 2671 479 2724 declamandi
510 2672 616 2723 lervore
644 2673 728 2736 magis
764 2676 856 2725 minen
880 2673 985 2724 liberum
1001 2688 1052 2725 erre
1069 2689 1102 2726 aaa
1126 2678 1183 2726 iure
1204 2677 1292 2740 Ouiri-

201 2751 342 2813 magisque
366 2747 494 2812 abreptus
517 2749 605 2798 barus
626 2748 727 2798 sensim
765 2751 836 2800 tium.
860 2749 1054 2802 Posterioribus
1067 2749 1233 2814 temporibus
1245 2751 1293 2803 do-

202 2824 301 2877 oblitus
318 2837 348 2874 se
370 2822 486 2872 ianitoris
504 2822 615 2886 Crispini
637 2823 727 2885 partes
766 2825 829 2874 mini
856 2823 915 2875 loco
944 2822 1020 2874 lictor
1045 2837 1136 2874 coram
1166 2829 1291 2890 praetore

201 2901 331 2959 recitare,
359 2898 469 2962 propius
497 2908 606 2960 semper
631 2897 727 2948 herum
765 2899 879 2950 vindicta
905 2898 1032 2962 tangebat
1060 2911 1170 2950 servum
1194 2913 1292 2951 manu·

201 2978 290 3042 ipsum
307 2975 394 3037 urget.
429 2973 477 3023 ilic
496 2973 613 3022 maxime
636 2973 727 3021 autem
765 2973 934 3025 mittendum.
969 2972 1240 3036 Coui.i>ers.Sat.t,
1259 2977 1290 3026 rt

202 3049 255 3102 noli
272 3048 392 3100 oblivisci
409 3057 519 3097 servum
541 3048 579 3096 uti
600 3049 727 3097 Saturna·
763 3063 805 3113 sq.
830 3061 892 3098 cum
920 3045 1076 3098 Scholiasta.
1113 3049 1230 3100 brisson.
1255 3049 1290 3102 de

200 3124 299 3176 liorum
320 3122 442 3174 libertale
464 3122 514 3172 sibi
535 3133 673 3171 concessa.
697 3147 724 3156 -
765 3121 893 3174 Formuiis
915 3136 941 3186 p.
961 3123 1018 3172 700.
1037 3122 1085 3172 Ed.
1104 3123 1184 3172 Bach.
1207 3123 1290 3175 Hein-

199 3213 270 3264 coqc
283 3198 404 3262 prosiliet]
421 3198 566 3260 «impetum
584 3209 663 3246 suum
676 3207 727 3244 aa·
764 3197 832 3249 dorl.
846 3197 881 3246 ad
897 3197 923 3246 h.
942 3195 959 3248 Ι.
976 3197 1110 3248 Sententia
1128 3199 1218 3248 autem
1235 3199 1291 3250 Ho-

200 3289 250 3339 ριν,
276 3274 374 3335 libera,
401 3274 555 3336 sequetur·
583 3295 611 3308 -
634 3271 729 3332 mium]
764 3272 864 3322 reliana
873 3272 954 3335 petita
962 3273 1003 3320 est
1011 3284 1044 3320 ex
1052 3272 1201 3322 Stoicorum
1213 3273 1290 3324 scho-

202 3349 380 3399 nobnoxius.»
409 3375 436 3384 -
464 3359 536 3407 quem
557 3350 596 3396 ter
616 3346 728 3394 uindicta
763 3344 804 3396 lis.
839 3346 913 3397 Philo
930 3345 1007 3406 Quod
1030 3346 1117 3396 omnis
1139 3345 1241 3409 probus
1257 3345 1290 3397 ii-

202 3425 265 3486 cet.]
288 3424 384 3473 «homo
409 3421 477 3471 adeo
502 3431 597 3470 servus
623 3418 727 3484 cupidl-
762 3419 822 3470 ber.
856 3418 914 3470 Vol.
933 3421 961 3470 V.
980 3420 1049 3484 Lips.
1067 3433 1094 3484 p.
1113 3420 1175 3471 30⁴:
1194 3413 1289 3485 Ἀξιον

201 3497 301 3550 tatibus
327 3509 358 3547 ac
383 3493 529 3554 lormidlui‚
555 3495 586 3544 ut
609 3507 643 3544 ne
664 3507 727 3543 sae·
762 3491 923 3562 καταγελᾷν
939 3490 1012 3555 τῶν,
1030 3490 1146 3545 ἐπειδὰν
1162 3489 1290 3546 ἀπαλλα-

200 3573 262 3638 pius
284 3565 394 3634 quidem
416 3571 529 3634 repetita
552 3569 727 3620 manumissio
762 3566 835 3637 γῶσι
851 3567 1024 3635 δεσποτικῆς
1040 3566 1184 3634 κτήσεως,
1209 3569 1290 3622 ἑλεν-

200 3659 252 3712 per
263 3646 408 3696 vindiciam
425 3647 528 3694 terere
540 3641 655 3694 liberum
667 3641 728 3693 red·
762 3641 929 3715 θερωθῆναι
957 3639 1148 3709 νομιζόντων·
1179 3645 1289 3696 οἰκέται

201 3721 268 3772 dere
293 3721 406 3783 queat.»
448 3719 565 3782 (iteapse
590 3718 617 3768 in
642 3719 727 3768 servis
762 3719 817 3786 μὲν
841 3713 896 3804 peip
920 3711 959 3768 ἂν
984 3711 1081 3769 οὐκέθ’
1100 3713 1210 3782 ὁμοίως
1232 3715 1290 3770 εἶεν

201 3807 254 3844 uua
277 3793 416 3843 dumtaxat
434 3791 550 3842 vindicta
571 3791 660 3842 locum
678 3792 727 3841 ha·
763 3792 824 3861 οϊγε
835 3793 1002 3858 αφειμένοι,
1021 3788 1223 3843 colloretum
1234 3809 1290 3858 μα-

201 3868 304 3931 behet.)
329 3869 424 3917 Forma
438 3868 528 3918 numm
545 3865 661 3930 legitima
673 3879 729 3916 ma·
764 3870 870 3936 ouytm
887 3864 1004 3930 πάντες,
1023 3862 1221 3930 ὑπακούοντες
1234 3863 1290 3920 οὐκ

202 3943 373 3995 numissionis
392 3941 559 4005 temporibus
576 3943 729 4005 antiquiori·
763 3938 925 4014 ἀνθρώπων
948 3931 1047 4008 (ἧττον
1068 3937 1124 4027 γὰρ
1143 3936 1181 3993 ἄν
1203 3935 1239 4009 ἤν
1255 3941 1290 3995 τὸ

201 4017 254 4068 bus
270 4018 338 4068 haec
350 4015 431 4066 luisse
443 4015 565 4066 videtur:
584 4017 729 4082 Compare-
764 4015 882 4082 δεινόν),
908 4011 983 4068 ἀλλὰ
1005 4018 1054 4067 καὶ
1076 4032 1133 4067 των
1154 4017 1185 4069 ἐν
1207 4013 1291 4084 ἀψύ-

200 4093 249 4146 bat
265 4103 357 4142 coram
374 4093 499 4156 praetore
516 4092 620 4143 urbano
640 4093 728 4144 domi·
764 4109 830 4157 χοις
846 4087 1041 4158 ἀτιμοτάτων,
1067 4085 1211 4163 ἀκράτου,
1238 4093 1291 4146 λα-

202 4181 253 4218 nus
270 4179 332 4218 cum
350 4179 430 4216 servo
446 4167 602 4230 amicusque
618 4167 727 4229 domini,
765 4165 877 4229 χάνων,
904 4167 1061 4232 πεμμάτων
1087 4165 1146 4218 κτλ.
1185 4171 1289 4222 Arrian.

202 4245 322 4292 assertor
349 4241 376 4290 in
404 4240 569 4302 libertatem
604 4243 729 4294 dominus
765 4243 890 4307 Epict.2‚
906 4243 990 4302 tto:
1004 4232 1088 4291 Ὅταν
1105 4233 1159 4293 οὖν
1175 4245 1291 4314 στρέφῃ

202 4328 314 4366 servum
338 4314 455 4368 vindicta
481 4315 597 4380 (virgula)
623 4315 665 4368 vel
689 4317 729 4368 le-
765 4332 809 4379 τις
825 4316 873 4368 ἐπὶ
885 4314 1048 4386 στρατηγοῦ
1061 4313 1112 4368 τὸν
1122 4312 1214 4370 αὑτοῦ
1226 4315 1291 4370 doll-
