3178 4972
273 409 335 476 5⁴2
641 411 771 462 HOllATll
788 409 1009 488 tristatarum

317 571 422 650 Quem
445 565 591 634 bibulum
612 565 724 654 liquidi
748 565 856 632 media
880 565 921 632 de
944 565 1017 632 luce
1039 565 1182 642 Falerni,

317 691 425 757 Coena
447 689 555 755 brevis
578 688 665 756 iuvat
686 697 719 754 et
739 707 843 775 prope
858 687 963 752 rivum
983 707 1117 754 somnus
1133 689 1165 753 in
1180 687 1298 768 herbam
1324 689 1365 753 35

316 814 383 878 Nec
406 810 521 876 lusisse
544 809 660 896 pudet,
684 807 743 876 sed
766 828 830 874 non
853 807 996 876 incidere
1020 808 1140 876 ludum.

317 935 386 1000 Non
409 932 480 998 istic
502 930 634 1018 obliquo
657 929 752 998 oculo
775 950 848 997 mea
870 929 1041 998 commoda
1063 912 1237 1020 quisquam

317 1055 434 1132 Limat,
458 1074 523 1119 non
545 1051 620 1119 odio
643 1052 783 1118 obscuro
806 1072 983 1139 morsuque
1005 1063 1158 1133 venenat;

318 1176 433 1244 Rident
455 1174 550 1242 vicini
574 1171 685 1262 glebas
707 1183 741 1240 et
762 1193 840 1240 saxa
861 1183 1054 1242 moventem.

341 1357 382 1409 34.
400 1357 454 1407 luce
470 1367 604 1419 superscr.
622 1353 735 1403 noctes.
752 1378 779 1390 -
799 1353 839 1403 35.
856 1354 913 1403 rivo
931 1367 963 1404 ex
980 1355 1089 1418 antique
1105 1355 1236 1420 scripture
1252 1357 1335 1407 rivom

198 1483 203 1492 ,
309 1433 340 1484 Ε.
360 1457 387 1469 -
407 1431 472 1483 Inde
493 1445 508 1482 a
529 1445 554 1481 v.
574 1429 614 1479 ³9.
635 1427 700 1480 Cod.
720 1443 743 1478 c.
763 1441 875 1480 mancus
892 1431 1035 1492 estusque
1053 1429 1086 1480 ad
1104 1429 1151 1494 Ep.
1170 1431 1261 1480 XV.v.
1282 1431 1322 1482 44.

278 1599 326 1650 Od.
339 1598 368 1660 4,
388 1600 416 1658 4,
429 1599 453 1649 3.
470 1625 496 1634 -
516 1598 612 1662 liquidi]
632 1597 802 1648 «defaecati»
842 1597 894 1647 tius
910 1597 1011 1647 inesset
1021 1598 1048 1647 in
1060 1611 1103 1646 vv.
1117 1597 1216 1659 obliquo
1227 1599 1298 1648 oraio
1310 1598 1366 1663 (cir.

277 1672 387 1726 Martini.
405 1673 451 1734 ⁴2,
468 1673 500 1723 60
516 1672 556 1734 b.,
574 1675 604 1723 2:
629 1677 659 1722 ot
682 1673 806 1734 liquidum
842 1671 942 1722 Grimm
953 1671 1136 1735 Mytiroioqiap.
1148 1671 1241 1742 tuot),
1252 1674 1303 1724 elsi
1314 1685 1369 1724 nou

274 1748 458 1810 peretrinatio
473 1761 584 1809 merom,
613 1747 721 1796 Turbida
736 1747 806 1796 sotii-
842 1745 876 1794 de
902 1744 1016 1806 lasciuo,
1043 1746 1091 1796 sed
1118 1747 1152 1795 de
1178 1759 1253 1797 mera
1270 1747 1369 1798 invidia

277 1825 327 1874 cito
339 1823 508 1872 aaronitae
531 1822 644 1873 mota
669 1835 750 1871 raeco.
775 1847 802 1856 -
843 1819 979 1868 Horatium
996 1817 1067 1882 loqui
1085 1819 1209 1870 arbitror.
1236 1821 1370 1884 (adoratio

277 1899 361 1948 media
377 1898 407 1947 dr
423 1897 484 1961 tuoe]
512 1897 618 1957 «Quem
643 1895 706 1947 olim
723 1909 804 1960 saepe
841 1893 934 1943 ludere
952 1892 1025 1944 licuit
1039 1895 1116 1958 quasi
1132 1894 1186 1944 timi
1200 1894 1371 1946 oculialima

278 1973 312 2024 de
325 1971 414 2022 medio
426 1973 479 2029 die,
492 1971 576 2032 idest,
590 1970 696 2021 lucente
710 1973 806 2020 ettam·
842 1967 1003 2030 dicerentur,
1018 1968 1247 2032 quemadmodum
1257 1972 1284 2019 et
1295 1969 1371 2020 Pleu-

278 2045 406 2098 tuucsole
424 2045 736 2108 (amieiionl'aqeaohon,
751 2047 803 2094 Sat.
842 2046 884 2092 tus
901 2041 980 2100 ludit,
1008 2056 1070 2093 eum
1091 2043 1175 2092 dolum
1197 2044 1279 2094 dolori
1296 2043 1369 2103 dimi,

278 2123 308 2182 4,
327 2122 355 2179 8,
375 2121 399 2170 3.
429 2119 504 2170 Hand
518 2121 593 2170 Turs.
608 2121 638 2168 ll.
658 2133 683 2183 p.
694 2119 762 2182 2⁰5.)
778 2121 805 2170 in
842 2119 870 2166 et
887 2119 970 2168 nostri
988 2117 1111 2168 homines
1127 2119 1224 2183 partim
1238 2120 1368 2178 locantur,

280 2197 406 2246 conviviis
415 2196 581 2258 tempestivis
590 2195 688 2246 acriter
698 2197 805 2258 potasse
842 2191 939 2254 partim
957 2189 1094 2253 falluntur,
1114 2205 1176 2242 oum
1192 2193 1303 2256 amiton
1319 2192 1372 2242 du-

279 2271 358 2327 miso
371 2282 424 2318 non
435 2281 467 2317 eo
480 2270 610 2332 tempore,
627 2267 807 2331 quopierum-
843 2268 907 2314 cunt
923 2279 938 2314 a
954 2265 1047 2326 rideo,
1074 2279 1189 2329 quorum
1211 2266 1294 2317 altero
1311 2271 1372 2316 atu-

280 2356 333 2406 que
360 2343 570 2406 compotationes
593 2343 649 2392 fleri
667 2341 804 2403 solebant,
843 2339 918 2388 dium
945 2339 1122 2402 significatur,
1158 2339 1240 2392 altero
1266 2343 1369 2404 quies.»

279 2416 442 2481 posthorom
452 2416 808 2480 nouamouodoomparant
844 2413 1030 2464 liaohmannus
1047 2414 1082 2464 ad
1099 2416 1204 2465 Lucret.
1220 2429 1246 2479 p.
1261 2415 1328 2478 443.)
1341 2443 1367 2452 -

280 2484 562 2560 ἁτῇἦμέραςπίνειν,
577 2491 807 2554 significatpotius
842 2486 937 2550 morsu]
955 2486 1003 2537 Od.
1017 2487 1046 2548 4,
1064 2489 1093 2549 3,
1107 2490 1150 2538 te:
1178 2489 1210 2538 444
1228 2490 1281 2539 iam
1300 2491 1373 2540 deuio

281 2563 806 2629 «tampnmomanepoculisindulgere.»
843 2562 926 2611 moos
950 2564 1067 2612 mordeor
1089 2565 1181 2613 invido.
1210 2565 1257 2614 llic
1272 2577 1372 2614 moraris

280 2641 402 2690 varietas
415 2641 505 2689 aulem
518 2639 623 2690 Codicis
634 2641 666 2700 S,
684 2640 808 2690 modiatio
844 2636 958 2687 refertur
975 2639 1090 2688 maxime
1108 2639 1141 2688 ad
1154 2638 1256 2688 occultu
1268 2640 1372 2703 iniquo-

280 2719 363 2774 oooie,
383 2713 525 2777 desumpta
542 2717 584 2764 est
601 2727 633 2764 ex
651 2713 733 2763 dubio
749 2727 809 2764 ver-
843 2712 998 2762 rumsiudia
1011 2714 1145 2763 Horatium
1155 2714 1371 2778 reprehendendi

281 2787 364 2839 siculo
382 2789 448 2852 Epp.
463 2790 487 2848 4,
501 2788 546 2849 48,
559 2789 604 2838 94ε
624 2790 722 2839 Poteras
733 2789 808 2838 bibuli
843 2789 925 2850 atque
943 2787 1110 2837 criminandi.
1132 2813 1159 2822 -
1180 2788 1294 2853 venenat]
1321 2789 1372 2838 aui

280 2866 365 2915 medio
381 2865 491 2913 democle
504 2864 616 2925 Foinni,
634 2863 680 2913 ubi
692 2864 762 2914 vide.
779 2891 806 2900 -
844 2874 984 2924 serpens.»
1003 2863 1075 2911 Nove
1093 2861 1193 2911 dietum
1206 2875 1267 2913 esse
1279 2865 1372 2912 mouet

282 2938 392 3002 Falerni]
413 2937 471 2986 vid.
490 2937 524 2986 ad
542 2938 590 2988 od.
610 2939 637 2997 4,
656 2939 701 3000 40,
721 2940 762 2988 lo.
778 2965 805 2974 —
846 2937 949 2986 Comm.
968 2936 1060 2998 Cruq.,
1079 2935 1151 3000 quod
1169 2935 1370 2999 intelligendum

283 3011 462 3076 Coenobroois]
472 3025 519 3061 «ao
531 3015 642 3076 propter
654 3013 705 3063 hoo
720 3015 807 3076 ipsum
844 3023 907 3060 reor
923 3009 956 3059 de
974 3023 1025 3060 usu
1042 3011 1160 3075 tropico;
1178 3013 1284 3081 κυρίως
1296 3023 1373 3060 usur-

283 3085 393 3152 simplex
403 3105 425 3147 ‚a
439 3089 468 3137 ut
479 3089 509 3137 Α.
523 3089 550 3137 P.
565 3087 626 3138 ⁴98:
644 3101 745 3138 mosao
755 3088 810 3136 tre·
846 3085 1200 3149 patiamLucret.6,820.-
1210 3086 1298 3135 Rideat
1307 3083 1370 3148 eet]

282 3162 328 3212 uir.
355 3185 383 3198 -·
408 3175 460 3210 non
483 3161 600 3226 inditore]
628 3175 712 3222 anon,
745 3173 807 3211 cum
847 3161 930 3210 «Rure
949 3171 1029 3210 nemo
1046 3158 1237 3218 mihiinvidet;
1256 3161 1372 3209 mutum-

283 3240 390 3300 tempus
407 3239 459 3296 est,
479 3235 641 3299 abrumpere
658 3240 686 3286 ei
702 3238 728 3286 in
745 3247 808 3300 per
826 3191 831 3280 l
846 3233 926 3284 modo
943 3233 1034 3294 vieini,
1054 3233 1076 3283 ei
1086 3233 1194 3296 quando
1204 3231 1271 3282 diois
1283 3235 1310 3282 et
1320 3233 1371 3283 iooi

283 3313 394 3375 potuum
420 3310 496 3360 finire
521 3323 641 3370 amores,
668 3311 809 3374 compota·
846 3320 926 3358 causa
942 3306 1059 3370 ligonem
1077 3305 1120 3356 vel
1140 3319 1258 3356 marram
1275 3309 1371 3367 tracto,

283 3386 370 3435 tiones
387 3387 467 3446 atque
485 3383 511 3432 id
529 3397 614 3446 genus
631 3383 706 3432 alia.»
736 3385 806 3446 virg.
846 3383 968 3447 quamvis
980 3384 1083 3446 optimo
1101 3384 1127 3433 in
1146 3395 1190 3432 me
1202 3383 1292 3432 animo
1309 3383 1369 3444 sint,

284 3458 380 3518 acte,
403 3457 446 3507 tt:
473 3470 552 3506 nouos
568 3457 677 3506 inridere
693 3459 754 3508 liter.
778 3483 805 3494 -
845 3461 935 3508 tamen
962 3456 1118 3516 subrident,
1146 3457 1207 3520 quia
1233 3470 1287 3524 nqn
1313 3457 1372 3506 sino

283 3531 378 3598 tauma]
396 3533 435 3582 De
452 3544 503 3581 usu
514 3531 593 3581 huius
609 3545 669 3582 voc.
686 3544 736 3596 pro
752 3533 810 3582 iuro
846 3545 926 3582 causa
938 3532 1157 3595 horumoperum
1170 3533 1259 3582 minus
1269 3532 1372 3596 peritus

284 3609 317 3660 oi.
331 3605 490 3658 Doederlein
502 3606 596 3666 soron
611 3607 642 3655 44,
656 3618 681 3670 p.
697 3606 737 3656 34.
846 3608 878 3657 iis
896 3605 1014 3656 videor.»

317 3682 406 3733 37-39.
425 3680 530 3745 obliquo]
551 3679 686 3744 «maligno
704 3682 731 3730 et
745 3680 811 3731 invi-

284 3757 354 3818 do;»
372 3759 412 3808 sic
425 3751 523 3820 λοξοῑς
539 3749 654 3821 ὄμμασι
671 3753 811 3827 προσβλέ-
879 3756 967 3808 40-44.
995 3757 1057 3807 Gran
1072 3759 1150 3807 mro
1166 3757 1228 3821 oet]
1250 3757 1307 3806 usic
1324 3756 1373 3806 dr-

286 3834 433 3892 naw,timir
442 3833 529 3894 oculo,
541 3832 647 3882 actori.
661 3832 731 3894 virg.
742 3833 807 3882 Aen.
846 3843 921 3882 mum
945 3845 995 3896 ogo
1013 3833 1181 3896 propositum
1199 3835 1294 3882 teneo:
1324 3843 1372 3881 voe

285 3910 326 3967 44,
340 3907 402 3958 337;
422 3907 529 3970 otiique
544 3907 650 3956 invidia.
671 3933 698 3942 -
718 3907 808 3971 linat]
846 3907 932 3968 servi,
949 3907 1072 3957 homines
1089 3906 1162 3958 leves
1180 3909 1261 3971 atque
1279 3909 1372 3957 inoou-

287 3983 378 4043 ·quasi
395 3981 456 4031 lima
470 3983 567 4042 atterit,
580 3983 719 4030 attenuare
731 3993 810 4031 oona·
846 3984 961 4042 etentes,
988 3980 1051 4031 illud
1070 3994 1180 4046 semper
1197 3981 1370 4042 desideratis,

286 4057 354 4104 tur.»
373 4057 538 4120 Porphyrion
558 4053 684 4119 explicat:
704 4054 809 4106 «invido
847 4055 918 4118 quod
937 4054 1030 4120 procul
1046 4069 1061 4105 a
1079 4056 1156 4108 vobio
1171 4059 1227 4114 σείς
1246 4059 1275 4106 tn
1287 4057 1373 4106 mavis

286 4127 364 4178 oculo
381 4129 530 4191 iesoinat3»
554 4129 605 4180 sod
622 4130 692 4180 hano
709 4129 810 4193 signill-
846 4131 945 4180 Romae
963 4130 1062 4195 degere
1080 4133 1108 4179 et
1124 4143 1185 4180 eum
1203 4133 1293 4180 cetere
1311 4143 1372 4180 mea

287 4203 565 4268 calionemnusquam
578 4204 696 4255 habeta.
710 4205 808 4266 limma,
846 4202 942 4254 familia
971 4204 1073 4254 urbana
1101 4217 1162 4255 esse
1190 4205 1293 4265 diaria,
1323 4203 1374 4252 de·

286 4275 359 4341 quod
376 4273 745 4348 semperestqiweimseilm:
763 4291 811 4344 po-
846 4291 974 4340 memte,-
1001 4278 1091 4340 eibos,
1118 4291 1187 4343 quoe
1204 4279 1374 4343 dispensator
