3130 4966
286 431 327 496 48
668 433 797 485 sonim
814 434 994 489 snrrmnuu

285 589 424 670 Quidam
448 590 502 668 ait,
527 591 655 678 ignoras
678 590 732 657 te?
755 611 795 658 an
818 601 853 656 ut
874 592 1016 678 ignotum
1039 590 1118 658 dare
1141 589 1233 658 nobis

285 711 390 778 Verba
411 712 528 800 putas?
550 713 683 800 Egomet
704 714 747 778 mi
771 713 918 800 ignosco,
943 713 1087 780 Maenius
1111 713 1221 800 inquit.

286 833 407 902 Stultus
430 843 462 900 et
484 833 651 922 improbus
673 835 726 902 hic
748 855 839 901 amor
860 845 910 901 est
931 834 1114 923 dignusque
1138 835 1252 902 notari.

286 957 366 1024 Cum
387 967 442 1024 tua
465 956 636 1044 pervideas
659 956 761 1024 oculis
781 956 867 1024 mala
888 956 995 1044 lippus
1017 957 1172 1033 inunctis,
1331 959 1371 1024 ii)

350 1157 391 1206 Ἠ.
410 1161 455 1208 aut
471 1157 584 1220 ipnotam
600 1167 736 1219 superscr.
755 1159 783 1204 ut
799 1153 827 1205 b.
843 1183 870 1192 -
884 1156 925 1206 25.
940 1155 1001 1206 Cum
1018 1161 1063 1206 tua
1080 1159 1107 1206 tu
1120 1155 1205 1218 uideas
1222 1155 1339 1208 malebat

315 1230 464 1292 Bentleius‚
491 1228 573 1280 edidit
594 1229 656 1280 Cum
677 1234 723 1278 tua
741 1231 892 1291 promiscas
909 1244 923 1280 a
942 1230 1123 1294 CodaRegiaa
1143 1231 1203 1282 Soc.
1224 1229 1255 1296 (λ)
1275 1233 1339 1282 liut-

317 1307 397 1369 gersii
409 1306 478 1356 coni.
491 1305 623 1354 firmante.
655 1305 694 1367 (Ut
705 1318 767 1364 nos,
787 1317 881 1356 omnes
893 1306 945 1354 mei
958 1308 986 1354 et
1002 1305 1119 1356 Pottierii
1136 1308 1243 1369 praeter
1255 1319 1338 1356 unum

319 1381 369 1441 aa,
388 1381 414 1431 in
432 1393 486 1443 quo
504 1381 546 1429 est
558 1379 730 1442 praevideas.)
749 1406 777 1416 -·
795 1380 861 1431 mato
876 1380 989 1432 Bantia
1008 1381 1116 1445 Cruquil
1134 1379 1235 1444 aliquot
1252 1381 1336 1432 Codd.

319 1459 358 1520 litt
375 1469 437 1516 nos,
457 1468 553 1507 omnes
571 1456 624 1506 mei
643 1457 669 1506 et
686 1455 822 1518 Pottierii.)

285 1631 360 1688 aiunl
378 1635 453 1686 illum
477 1637 615 1697 nouimus,
645 1639 675 1685 ut
699 1646 809 1700 carpam
846 1632 876 1699 ta]
896 1633 1012 1696 «neseis,
1039 1631 1137 1700 quibus
1155 1631 1223 1684 uitiis
1245 1637 1273 1684 tu
1295 1631 1372 1684 labo-

284 1709 410 1762 absentes
435 1712 553 1772 amicos,
582 1710 647 1761 mihi
672 1710 808 1773 ignoscam
845 1722 907 1770 res,
936 1721 1016 1772 quam
1044 1709 1284 1773 reprehensionem
1313 1721 1372 1758 me-

284 1787 353 1836 oet.»
372 1783 574 1848 Longediversa
586 1785 688 1835 ratione
700 1785 806 1834 Kirchu.
846 1786 961 1834 reara‘tn
983 1809 1009 1820 -
1033 1785 1095 1834 dara
1111 1807 1126 1820 -
1145 1783 1232 1846 Vario]
1255 1795 1304 1846 pro
1327 1796 1372 1832 re·

284 1861 402 1919 Quaestt.
420 1860 510 1909 Horat.
529 1872 555 1924 p.
574 1860 615 1909 to.
634 1859 809 1910 haecomnia
846 1857 912 1920 bus,
932 1858 1029 1919 idest,
1049 1857 1205 1922 odecipere,
1225 1858 1373 1908 sucumve·

283 1947 326 1984 vv.
349 1933 454 1984 49-37.
481 1933 663 1984 interlocutori
692 1933 807 1994 cuidam,
847 1935 930 1984 nire.»
951 1933 1100 1996 -ipnoscol
1120 1933 1185 1982 Nota
1203 1931 1292 1982 lusum
1309 1937 1373 1996 pot-

284 2009 384 2059 Horatii
402 2009 581 2058 narrationem
598 2008 632 2058 de
650 2005 756 2070 Tigellio
768 2007 810 2058 in·
847 2009 889 2057 tae
901 2008 926 2057 in
937 2005 1028 2056 verbis
1041 2007 1160 2070 cognatis
1172 2007 1289 2070 iprtoroa,
1303 2007 1373 2069 ippo-

284 2080 432 2146 tarpellanti
446 2083 473 2131 at
483 2081 517 2132 ad
529 2083 635 2146 propria
647 2082 708 2130 vitia
722 2083 808 2145 ipsum
846 2087 912 2142 mm,
939 2082 1040 2144 ipnoaco
1057 2080 1217 2131 brevissimo
1235 2079 1372 2131 intervallo

282 2156 431 2217 revocanti,
451 2155 561 2216 tribulis
578 2169 660 2219 quem
683 2155 724 2205 his
747 2167 810 2204 ver·
846 2167 877 2204 se
894 2154 1096 2218 excipientibus,
1118 2179 1144 2190 -
1162 2154 1297 2218 irnprobus]
1316 2155 1373 2204 uni-

283 2231 325 2280 bis
347 2231 445 2280 acriter
466 2231 493 2279 in
515 2242 577 2280 eum
601 2229 689 2278 invehi
713 2227 808 2290 lingat:
846 2229 933 2290 mius,
969 2228 1080 2279 modum
1114 2227 1191 2291 longe
1220 2230 1370 2290 excedens,

286 2305 369 2366 «Quid
398 2306 447 2354 tut
481 2302 586 2354 nullane
615 2303 700 2353 habes
727 2303 808 2352 vitiat
846 2304 961 2366 ideoque
985 2315 1155 2366 perversusn
1186 2303 1243 2354 Vid.
1266 2303 1300 2354 ad
1322 2303 1369 2353 0d.

283 2382 368 2430 Immo
386 2377 435 2429 alia
453 2378 550 2437 hnbes;
578 2379 605 2427 et
622 2377 735 2428 tortasse
757 2377 810 2426 mi·
847 2377 876 2439 3,
895 2377 939 2437 ii,
958 2377 999 2426 62.

284 2467 349 2507 nora
362 2453 436 2504 dices
448 2455 474 2504 te
487 2451 603 2514 hahere,
623 2465 656 2502 ex
667 2464 743 2501 more
755 2449 811 2500 illo-

283 2541 355 2588 rum,
375 2527 420 2591 qui
438 2540 467 2578 se
482 2527 555 2591 ipsos
567 2527 645 2576 unice
658 2528 762 2584 amant,
780 2527 810 2574 ut
879 2528 968 2578 tit-au.
992 2527 1133 2593 pervideat]
1156 2529 1287 2579 Petuidm
1307 2541 1371 2579 saue

284 2603 402 2654 Maenius
418 2599 461 2651 ille
479 2603 530 2651 cet.
566 2599 666 2650 Stultus
688 2600 809 2665 prolecto
847 2602 990 2666 siguificat,
1009 2605 1039 2652 ut
1056 2603 1092 2654 ait
1107 2601 1254 2664 sentimus,
1279 2605 1371 2654 nacula

284 2682 311 2728 et
328 2676 467 2740 improbus
486 2675 684 2726 hicamorestt
704 2677 809 2726 eet.--
847 2679 875 2726 et
901 2677 1044 2741 perspicuo
1070 2680 1097 2726 at
1123 2678 1230 2742 penitus
1250 2690 1308 2728 rem
1332 2679 1373 2726 vi-

281 2753 339 2816 tilia
349 2753 489 2801 tnnmcitur
500 2753 596 2815 apris.»
614 2750 667 2800 Sed
678 2752 734 2800 tres
745 2763 810 2813 pro-
847 2751 938 2812 derem
957 2751 1016 2812 sed,
1034 2752 1064 2800 ut
1075 2752 1132 2814 ipse
1144 2751 1282 2813 signifieat,
1302 2763 1371 2814 quo-

283 2829 343 2892 pter
355 2839 449 2876 causas
466 2826 528 2875 huic
540 2825 750 2889 interpretationi
763 2824 809 2872 ad
847 2826 928 2876 modo
945 2824 1001 2886 ille,
1021 2838 1138 2889 quocum
1154 2825 1271 2888 loquitur
1281 2827 1370 2888 poete,

283 2901 381 2951 cedere
407 2914 525 2964 nequeo:
554 2901 576 2962 4)
600 2913 649 2964 per
674 2912 704 2949 se
730 2899 809 2949 nimis
845 2913 894 2951 sua
912 2901 975 2950 vitia
989 2901 1122 2962 pervidet?
1139 2900 1270 2950 Nimirum
1285 2897 1373 2963 lippus

283 2975 360 3037 longa
372 2977 414 3025 est
430 2973 626 3024 interlocutoria
638 2975 733 3034 oratio,
752 2974 808 3023 sive
847 2979 874 3025 at
896 2978 1037 3040 propterea
1061 2971 1144 3024 oculis
1161 2971 1272 3036 collyrio
1294 2975 1373 3023 iuun-

283 3051 370 3114 potius
387 3048 546 3100 declamatio
564 3049 621 3099 sine
639 3047 752 3111 dialogo.
782 3047 807 3110 t)
846 3051 909 3108 otis;
937 3048 963 3098 id
982 3048 1053 3112 quod
1079 3047 1233 3098 haeredit:
1261 3059 1372 3112 «parum

282 3125 331 3174 vv.
354 3125 415 3174 illuc
437 3129 632 3187 praevertemur
658 3126 714 3172 tum
736 3120 807 3173 nullo
845 3124 993 3190 persudat.»
1023 3125 1096 3173 «Non
1113 3122 1201 3172 minus
1218 3123 1319 3172 ironico
1332 3121 1372 3172 lo-

282 3199 364 3249 modo
390 3199 536 3250 cohaerent
561 3212 623 3248 curn
650 3197 806 3263 praecedo.¹
846 3201 924 3249 cutus
949 3200 992 3247 est
1017 3209 1097 3260 quam
1123 3197 1146 3246 si
1171 3197 1231 3258 quis
1254 3195 1369 3246 diceret:

282 3275 332 3325 nisi
348 3288 414 3325 vero
431 3275 553 3324 dicemus
568 3274 632 3324 satis
649 3272 807 3322 inconcinne
845 3275 898 3332 Tu,
916 3273 961 3336 qui
979 3273 1034 3320 tam
1052 3271 1155 3321 lortiter
1170 3270 1298 3334 plumbeo
1316 3269 1373 3333 gla-

282 3349 420 3399 lloratium
448 3348 521 3399 uelut
548 3347 731 3409 obiurgatione
758 3347 807 3395 ista
846 3347 889 3396 dio
899 3347 992 3396 hostes
1002 3348 1061 3396 tuos
1074 3345 1202 3396 invadisn
1216 3347 1370 3396 Srseaasus.

282 3422 382 3472 lassum
399 3421 433 3471 ad
450 3421 527 3472 aliam
544 3421 704 3471 senteutiam
720 3421 809 3468 trans·
846 3421 899 3471 Cir.
919 3419 967 3470 0d.
986 3419 1015 3480 3,
1034 3421 1062 3480 7,
1081 3420 1127 3470 at:
1147 3421 1255 3482 scopulis
1271 3420 1373 3470 surdior

282 3498 331 3548 ire.
358 3496 381 3558 3)
400 3495 477 3556 Quod
493 3496 653 3558 verocaput
670 3495 725 3544 est:
745 3493 808 3552 Quis
844 3495 912 3545 teari
939 3495 1012 3544 Vocas
1035 3495 1115 3544 cedd.
1152 3495 1205 3546 Sat.
1225 3496 1253 3553 4,
1271 3495 1300 3554 2,
1320 3495 1370 3544 iil:

282 3571 406 3630 mudum,
434 3583 550 3634 quaeso,
578 3569 721 3618 satirarum
738 3568 808 3618 sori·
844 3570 1232 3632 praacaoocctor--apcctca
1252 3567 1371 3618 Verbum

281 3647 343 3710 ptor
363 3659 482 3709 unquam
504 3657 533 3695 se
557 3644 614 3708 ipse
639 3645 693 3693 tam
710 3643 808 3694 acriter
843 3646 990 3707 praevidere
1009 3657 1058 3708 pro
1075 3645 1262 3707 preaterotdcre
1278 3645 1372 3693 aucto-

282 3721 419 3784 castigavit
444 3721 554 3784 propter
571 3718 648 3779 vitia,
676 3717 807 3782 aquibus
844 3719 920 3768 ritate
947 3720 1034 3778 caret;
1060 3719 1131 3768 mola
1157 3716 1280 3782 praalaro
1307 3729 1371 3767 curn

280 3807 392 3860 prorsus
410 3793 511 3844 alienus
529 3794 600 3852 erat,
619 3795 718 3841 utnon
736 3789 806 3842 salse
845 3793 929 3844 Codd.
949 3795 1031 3855 mais,
1058 3806 1121 3845 eum
1143 3796 1171 3846 et
1192 3793 1275 3856 lippae
1295 3792 1373 3842 oculis

282 3884 314 3920 ac
331 3869 417 3920 tacete
435 3869 497 3919 ficto
514 3867 677 3930 obiurgatori
693 3879 807 3931 respou—
844 3869 951 3918 inunctis
963 3867 1018 3932 (cir.
1033 3869 1098 3934 Epp.
1112 3869 1142 3930 4,
1162 3870 1190 3928 4,
1209 3867 1260 3930 29.)
1278 3877 1370 3931 perse

281 3942 806 4006 daret,quemadmodumlloratiusipse
844 3943 969 4004 sufficiat,
1001 3955 1051 3994 nec
1078 3955 1241 4005 magnopere
1266 3939 1373 4005 placeat

281 4017 442 4081 Damasippo
461 4020 488 4068 et
504 4019 596 4067 Davo‘l
613 4017 669 4066 Hoc
681 4017 754 4066 enim
765 4015 807 4066 di·
844 4019 961 4068 eandem
978 4015 1120 4067 formulam
1136 4015 1229 4080 paucis
1246 4015 1371 4066 versibus

282 4095 357 4144 caret
373 4091 565 4156 reprehensor:
585 4088 673 4141 «Alter
690 4103 720 4140 es
737 4091 807 4140 ilae-
844 4095 940 4156 quater
963 4091 1063 4154 repeti,
1089 4089 1156 4140 ntotc
1178 4091 1271 4154 ὶόρρω,
1298 4089 1374 4154 (mou

282 4169 351 4229 nius,
370 4167 474 4232 Horati,
494 4165 590 4218 stultus
608 4169 635 4217 et
651 4165 804 4230 improbus;
843 4165 945 4229 larus)
969 4163 1036 4214 mu
1059 4179 1169 4228 paura,
1195 4165 1287 4227 ticinen
1307 4165 1375 4214 mdo

281 4243 398 4306 denique
415 4236 528 4293 concute
546 4245 572 4292 ta
589 4243 712 4307 ipsumtn
738 4240 806 4301 Quid
843 4239 908 4290 tolo.
954 4239 1029 4288 Moto
1056 4241 1146 4292 autem
1175 4239 1371 4300 homonymum

282 4319 341 4368 hiet
358 4317 431 4378 Silet,
450 4322 527 4378 tacet,
545 4322 648 4368 meam.
662 4317 804 4382 -tpuorot
844 4325 905 4365 esse
923 4313 1063 4376 vitiorum,
1083 4326 1135 4377 qua
1153 4313 1188 4364 de
1207 4327 1236 4362 re
1255 4311 1373 4363 nouuudi
