3022 4984
574 445 635 498 lits
652 442 798 496 venriet.

189 603 229 671 Ut
250 601 389 689 pictura,
413 601 538 688 pubes:
563 601 639 679 erit,
665 620 764 688 quae,
788 600 815 666 si
837 600 972 688 propius
993 609 1073 678 sier,

189 724 232 790 Te
255 725 362 811 capiat
382 723 498 810 magis,
522 734 554 790 et
576 721 752 809 quaedam,
777 723 805 788 si
826 721 954 808 longius
976 721 1095 790 abstes.

188 846 277 912 Haeo
298 855 385 912 emat
405 843 598 922 obscurum,
621 842 710 910 velet
730 843 812 910 haee
834 843 896 910 sub
917 842 990 911 luce
1011 843 1129 922 videri,

188 965 306 1032 iudicis
327 974 477 1052 argutum
498 983 583 1051 quae
604 985 669 1032 non
692 964 841 1032 formidat
863 985 1015 1045 annmen3

209 1125 266 1176 36⁴.
287 1125 317 1176 vt
334 1127 451 1188 ρίοίανσ,
474 1128 557 1187 petits
572 1125 620 1176 erit
636 1139 701 1188 qrree
717 1123 853 1189 distinguit
874 1127 907 1177 u.
938 1152 965 1161 -
993 1125 1050 1177 362.
1068 1125 1150 1188 οσρίαί
1166 1125 1197 1186 d,

177 1201 249 1262 liegii
266 1203 335 1261 ires,
354 1203 381 1250 et
398 1199 516 1251 Aldinae.
546 1227 574 1237 -
600 1206 665 1252 astes
687 1200 759 1264 liegii
780 1200 850 1260 duo,
869 1213 939 1252 unns
959 1201 1027 1252 Fene
1048 1214 1063 1250 a
1084 1214 1126 1266 pr.
1145 1214 1198 1262 m.,

176 1275 258 1324 οοιίιι
277 1275 339 1339 poet
359 1275 533 1338 Desprezium
550 1275 601 1324 Fen
624 1274 708 1340 (quod
730 1273 837 1325 delendi
858 1287 938 1339 posse
962 1273 1104 1325 arbitratur
1125 1275 1201 1326 lland

177 1347 443 1412 Turs.1V.p.593.l‚
462 1353 532 1411 aptes
547 1349 576 1398 il.
596 1348 637 1410 (nt
652 1361 716 1410 nos,
736 1349 819 1399 uetari
836 1349 939 1412 nestri.)

143 1491 227 1528 meurs
243 1479 295 1541 ipse
310 1479 435 1529 uidentur.
457 1502 485 1515 -
504 1479 573 1541 ορονί
587 1479 669 1542 buno]
707 1476 738 1530 lis
750 1479 844 1543 pictis,
863 1478 973 1540 accidit,
992 1479 1026 1528 iia
1039 1479 1118 1529 etiem
1129 1480 1155 1529 in
1168 1484 1235 1544 poit-

144 1551 192 1603 Alii
209 1567 284 1616 opere
296 1555 323 1602 ίιι
334 1554 416 1618 bueo.
436 1555 598 1617 «Utrumque
610 1555 671 1616 qui·
707 1553 785 1603 metis
803 1563 853 1603 usu
869 1553 962 1603 venire
973 1551 1122 1604 soletum.»
1140 1555 1232 1618 iiiique

144 1627 207 1677 dem
224 1627 328 1691 probe:
355 1640 417 1680 nam
439 1627 556 1690 σίνηαι
575 1629 603 1678 et
620 1626 671 1677 ab·
707 1624 839 1677 Plutarch.
858 1626 892 1677 de
910 1627 992 1690 glorie
1009 1627 1104 1678 Athen.
1124 1639 1147 1678 e.
1161 1627 1185 1678 3.
1203 1641 1230 1692 p.

144 1699 230 1752 seinte
247 1703 361 1766 ponitur.
389 1702 463 1752 ovid.
481 1703 563 1767 Epist.
582 1703 670 1753 lienus
706 1699 764 1751 eiu.
779 1703 814 1752 F:
830 1695 860 1751 ‘0
876 1699 1040 1767 Σιμωνίδης
1055 1698 1234 1768 τὴνμίνζω-

145 1776 259 1838 illeroid.
279 1776 324 1836 49,
342 1775 412 1839 idi:
436 1776 485 1826 Sed
500 1782 581 1828 mouet
598 1777 670 1828 ebre-
705 1775 832 1845 γραφίαν
843 1778 962 1841 ποίησιν
973 1773 1130 1827 σιωπῶσαν
1141 1791 1231 1848 προς-

139 1863 203 1912 beru
218 1864 318 1900 emanare
334 1851 401 1900 ααίίσ
416 1857 500 1914 ceput.
529 1852 561 1901 Et
580 1851 669 1902 deiivo
706 1846 852 1919 ayoqedrt,
871 1845 924 1914 τὴν
940 1847 971 1901 δὲ
989 1851 1108 1915 ποίησιν
1124 1854 1232 1920 ζωγρα-

143 1937 251 1990 quoque
268 1926 392 1989 iungitur.
411 1925 485 1976 ovid.
499 1927 568 1976 Fest.
582 1925 606 1986 3,
620 1925 666 1976 tii:
705 1926 778 1986 φίαν
803 1921 959 1976 λαλοῦσαν.
987 1928 1043 1976 scr.
1061 1925 1095 1976 ad
1114 1927 1230 1977 ilerenn.

142 2001 242 2050 Βίαιιιία
266 2001 335 2062 quies
356 2000 447 2062 [leiim
469 2000 542 2050 uieiir
563 1999 670 2062 obrepet
705 1999 736 2060 i,
755 2000 801 2060 ΞΒ,
820 1998 868 2049 39ι
896 2002 988 2050 Ροίίαα
1003 2001 1105 2061 loquens
1118 2002 1231 2064 picture,

143 2073 232 2124 needts.
260 2075 348 2133 Quare
371 2083 432 2123 uum
454 2075 586 2124 utrumvis
603 2073 669 2136 iegi-
701 2074 806 2135 ptriura
830 2075 936 2124 mettum
960 2078 1056 2138 ροίίοσ
1079 2075 1147 2126 debet
1171 2087 1230 2128 aare.

143 2149 237 2199 timum
253 2148 301 2209 sii,
325 2146 360 2198 eb
378 2148 508 2198 Codicum
524 2149 669 2197 aucterita-
706 2147 758 2198 Sed
776 2149 802 2198 hi
819 2161 852 2198 ac
868 2147 968 2200 similes
986 2148 1035 2199 lori
1054 2149 1092 2213 (ut
1107 2151 1186 2202 Tuae.
1204 2152 1231 2212 ii,

142 2225 198 2272 tem
215 2223 363 2273 retinemus
380 2221 424 2271 hie
435 2223 564 2272 dativum.
582 2224 669 2274 Aise-
705 2223 751 2284 39,
770 2222 838 2286 tii.)
861 2224 896 2273 ad
919 2224 1064 2284 internam,
1092 2226 1122 2274 ut
1138 2225 1173 2275 ita
1190 2225 1232 2276 di-

142 2309 236 2357 mnus,
255 2298 372 2360 inquies,
391 2309 445 2347 non
460 2299 543 2359 opert,
562 2296 611 2348 sed
623 2311 669 2348 en-
706 2311 782 2358 eem,
802 2298 939 2362 utriusque
957 2301 1022 2350 artis
1033 2297 1231 2351 similitudinem

143 2371 221 2430 uteri,
240 2371 370 2434 subrepit.
397 2373 477 2422 Recte
496 2371 622 2434 quidem:
641 2372 668 2422 ei
706 2372 794 2435 petius
816 2372 982 2432 referentum
1007 2374 1042 2424 de
1065 2375 1174 2424 externa
1191 2373 1231 2424 le-

142 2445 242 2496 ideirue
267 2458 331 2496 eum
356 2446 408 2496 hee
429 2446 565 2509 figuratius
588 2447 622 2497 sii
641 2449 668 2497 et
706 2447 795 2508 quitur
807 2448 939 2508 lioretius,
958 2447 984 2497 id
996 2445 1108 2509 doeens,
1126 2447 1231 2499 diverse

142 2520 214 2571 dietu
231 2518 398 2581 insolentius,
417 2532 432 2569 a
445 2519 558 2572 librariis
569 2520 667 2572 immu-
705 2522 843 2584 utriusque
861 2523 925 2572 artis
937 2534 1019 2586 opera
1032 2521 1138 2572 diverse
1150 2521 1232 2572 etiem
1293 2557 1297 2570 .

143 2596 225 2644 tetum
243 2607 303 2644 esse
321 2592 447 2644 credibile
466 2596 519 2654 est,
536 2593 600 2644 iliud
612 2597 667 2646 tam
705 2597 786 2646 mode
812 2598 928 2660 spectari
954 2600 1034 2659 etque
1060 2595 1199 2648 diiudicari
1215 2607 1230 2646 a

141 2669 250 2734 plenum
268 2671 295 2718 et
312 2667 386 2718 ieciie
405 2681 552 2732 numquam
569 2667 668 2720 solliei-
704 2669 796 2733 peritis
813 2675 948 2734 opertere.
965 2695 992 2706 -
1006 2669 1094 2733 αίιίισ]
1111 2669 1231 2719 Verbum

143 2743 244 2803 ίσίασίσ,
262 2743 285 2792 si
302 2755 317 2791 e
335 2741 464 2805 principie
480 2743 507 2792 iu
524 2742 667 2793 codicibus
704 2742 804 2792 ebriare
828 2742 934 2792 videtur
957 2735 1036 2805 ἅπαξ
1064 2739 1230 2807 λεγόμενον,

143 2817 315 2882 reperissent.
342 2817 469 2866 Ceterum
489 2814 565 2866 simili
584 2815 666 2879 ligure
704 2815 775 2866 unde
793 2815 960 2879 curruptelae
971 2817 1066 2876 adsim,
1081 2815 1160 2874 abrtrr
1178 2815 1232 2865 ior·

143 2893 239 2944 Statius
251 2891 335 2942 Theb.
346 2890 371 2952 8,
382 2891 444 2941 2⁴7:
462 2891 545 2954 suedis
556 2889 668 2940 ίσαίσιίι
705 2893 806 2939 metum
815 2890 898 2940 ested
908 2889 1056 2953 analogiam
1065 2903 1091 2939 v.
1101 2883 1231 2951 ἀφίστα-

140 2969 251 3030 ίπσρονα
267 2979 380 3026 vermem
397 2965 522 3026 ίσονίιοίι,
542 2968 572 3015 nt
587 2967 666 3027 uperi,
703 2977 772 3028 μαι,
791 2963 840 3013 sed
861 2966 972 3028 propter
992 2976 1090 3015 senum
1112 2963 1232 3028 asperio-

142 3042 195 3092 boe
217 3044 271 3102 est,
298 3041 363 3092 dum
380 3041 490 3101 tlemus,
518 3037 583 3092 dnm
600 3052 668 3103 opus
704 3049 762 3087 rem
774 3039 882 3100 praeter
893 3038 920 3088 h.
931 3037 948 3086 Ι.
958 3049 1020 3087 rare
1033 3040 1079 3087 aut
1094 3049 1231 3101 nunquam

142 3116 268 3168 iacimus:
287 3127 349 3166 nem
366 3115 488 3165 ίσαιίιοσο
504 3115 596 3177 utique
613 3128 667 3164 nen
703 3113 877 3175 usurpatum,
904 3123 1014 3175 prorsus
1031 3115 1061 3162 ut
1076 3113 1186 3162 vitruvii
1204 3113 1229 3173 9,

142 3190 461 3254 magisnormiuntquem
472 3187 666 3251 operormit.»
704 3187 732 3245 t,
752 3187 791 3236 ti.
816 3185 902 3236 subet.
926 3186 1062 3236 σοιίσαίίσ.
1097 3187 1161 3236 Tota
1181 3199 1231 3236 nu-

142 3267 235 3316 iirrrr..
705 3263 758 3310 tem
784 3260 871 3322 imago
898 3260 932 3310 ad
957 3262 1082 3324 poemate
1105 3259 1231 3310 translata

704 3334 836 3398 signifieat
860 3333 1003 3385 lectionem
1026 3334 1086 3400 plus
1108 3335 1230 3396 minusve

173 3412 295 3465 eei-365.
315 3413 442 3472 «verum,
460 3413 490 3460 ut
506 3411 567 3462 iusti
582 3410 666 3462 simus
704 3412 859 3461 accuratam
871 3413 951 3474 atque
962 3411 1049 3461 errius
1062 3409 1104 3461 vel
1115 3409 1231 3461 clemen·

141 3489 295 3554 petimatum
318 3487 525 3544 existimatores,
552 3485 580 3534 id
598 3497 667 3548 qne-
705 3485 755 3535 tius
772 3483 914 3545 iudicium,
941 3483 1014 3548 quod
1031 3483 1065 3534 de
1084 3485 1177 3548 quovis
1194 3484 1231 3534 ia-

141 3576 194 3626 que
211 3561 368 3624 requiritur,
394 3561 425 3610 ut
442 3572 495 3610 non
511 3559 601 3610 emnia
619 3572 662 3609 ee-
705 3571 766 3608 uere
784 3557 943 3609 debeamus.
967 3586 994 3594 -
1013 3559 1081 3608 liner
1096 3563 1168 3608 emet
1184 3559 1230 3610 ei>-

142 3639 205 3690 dem
221 3637 435 3699 αιοίαίοσσραίο
446 3637 597 3696 metiamur,
616 3636 666 3686 eed
702 3634 816 3698 tranen]
844 3645 936 3697 «quae
960 3634 1102 3684 virtutibus
1120 3633 1230 3696 quidem

141 3701 191 3777 nro
207 3712 314 3762 diverso
331 3723 430 3773 genere
448 3712 476 3760 et
489 3709 665 3760 etilediversn
704 3721 757 3759 non
782 3710 873 3768 earet,
906 3707 955 3758 sed
982 3709 1071 3758 umen
1097 3719 1146 3758 suo
1172 3709 1229 3760 iure

142 3787 222 3838 etiam
233 3785 268 3835 de
280 3783 389 3848 singulis
403 3783 500 3834 iudicia
510 3783 665 3834 iaciamus.»
703 3781 819 3848 postulet
835 3781 946 3846 partim,
972 3795 1005 3833 ne
1023 3783 1101 3832 nimis
1118 3781 1230 3846 diiigen-

144 3887 171 3900 -
192 3859 355 3921 titulatura,
376 3857 470 3922 emit]
493 3859 607 3921 Antiqua
624 3859 667 3908 est
703 3861 745 3908 ter
761 3857 954 3920 investigentur
973 3855 1024 3906 ioci
1042 3857 1129 3908 minue
1146 3869 1230 3921 expo-

141 3934 313 3998 ermpertus,
331 3943 413 3996 saepe
424 3944 508 3995 preve
522 3929 663 3991 intellecta,
702 3930 752 3992 liti,
772 3932 868 3996 partim
886 3935 915 3981 ut
934 3932 1083 3997 φαντασίᾳ
1099 3933 1187 3995 potius
1203 3934 1231 3982 et

140 4009 270 4068 aramme,
298 4007 342 4057 ubi
366 4008 390 4057 in
414 4007 528 4067 τέχναις
553 4019 666 4070 ποιηιι-
703 4006 759 4055 miii
774 4007 891 4068 quedem
903 4007 1074 4057 humanitatis
1086 4017 1167 4056 sensu
1178 4007 1229 4070 (qe-

140 4087 207 4145 καίς
223 4081 326 4132 divolso
342 4094 404 4133 eum
423 4079 599 4143 sequentibus
617 4091 667 4129 ne·
702 4079 829 4143 ιαίίίίίίοίι)
848 4091 908 4130 eam
920 4079 1127 4144 amplectemur,
1147 4093 1228 4144 quem

141 4169 190 4216 ru,
214 4159 253 4208 sie
276 4157 410 4207 interdum
428 4155 548 4206 eiiertur:
579 4155 608 4204 lit
620 4155 666 4217 nt-
702 4152 791 4204 snbtili
817 4152 966 4204 intellectus
989 4153 1086 4204 iudicio
1104 4153 1230 4204 subiicie-

141 4236 226 4293 eture,
240 4233 325 4294 ροίίίι
334 4232 391 4281 etti.
418 4232 451 4280 At
462 4228 602 4288 mnniiasto
613 4231 665 4280 hee
701 4239 789 4278 mus.»
812 4253 839 4264 -
859 4233 1022 4292 arquiten-
1033 4229 1152 4290 σσαιισο]
1167 4229 1229 4292 [σι’-

142 4305 217 4357 dieit:
237 4307 284 4358 «iit
299 4306 326 4356 in
342 4305 459 4370 pletura,
478 4303 505 4355 id
517 4305 571 4364 est,
590 4303 665 4355 tabu-
701 4315 757 4353 ser
772 4301 985 4364 Scitarsblielc.
