3116 4968
272 392 336 458 444
658 394 788 446 nonani
805 393 987 449 4444444444

315 551 375 618 Hic
395 559 503 618 444444
524 550 566 617 ad
588 548 703 618 meiius
724 551 843 639 poterit
862 561 1084 619 transcurrere
1106 551 1285 640 quondam,

316 672 391 738 Sive
414 671 501 738 diem
523 670 639 739 iestum
661 670 792 740 rediens
814 673 980 740 advexerit
1002 693 1120 750 annus,

316 795 380 860 Seu
404 813 555 860 recreare
577 792 664 860 volet
684 803 850 861 tenuatum
872 815 1008 883 corpus,
1031 795 1155 884 ubique

314 913 478 982 Accedent
499 915 573 980 anni
595 915 777 982 attractari
800 914 928 982 mollius
951 925 1041 984 aetas
1318 916 1360 982 85

317 1035 486 1104 imbecilla
507 1036 610 1116 volet3
633 1036 689 1103 tibi
712 1037 867 1125 quidnam
890 1037 1025 1104 accedet
1046 1037 1087 1103 ad
1110 1036 1219 1116 istam,

315 1159 422 1238 Quam
442 1179 526 1247 puer
547 1167 580 1225 et
600 1156 726 1225 validus
747 1159 945 1246 praesumis,
968 1157 1150 1238 mollitiem,
1174 1179 1234 1226 seu

314 1281 402 1347 Dura
423 1279 575 1347 valetudo
601 1278 750 1347 inciderit
770 1300 828 1346 seu
851 1280 943 1347 tarda
965 1281 1140 1348 senectus?

339 1477 381 1528 83.
400 1477 531 1526 ademerit
546 1489 682 1540 supersor.
703 1476 760 1529 «vel
776 1477 927 1528 4444444444»
946 1478 971 1526 S.
1001 1477 1040 1538 (Ut
1056 1489 1119 1538 nos,
1137 1476 1199 1542 bep,
1218 1477 1268 1528 sed
1282 1479 1329 1529 od·

305 1550 407 1600 duxerit
422 1549 525 1600 Veneta
543 1548 625 1614 4484.)
640 1577 667 1586 -
686 1549 727 1602 at.
744 1551 816 1601 obice
826 1549 938 1601 Bentleii
955 1552 1071 1616 suspicio
1082 1553 1193 1615 recepta
1204 1549 1239 1602 ab
1251 1553 1330 1603 llein·

306 1625 401 1676 doriio.
423 1651 451 1661 -
469 1625 510 1674 ee.
529 1630 552 1675 et
569 1638 622 1676 om.
641 1623 695 1690 bcp
713 1627 740 1676 et
755 1625 901 1677 Bentleiani
918 1638 1012 1676 omnes
1029 1627 1136 1690 praeter
1152 1627 1329 1690 Reginensem

306 1700 350 1763 (κ).
371 1727 398 1737 -
418 1699 459 1750 86.
478 1701 581 1750 accedet
597 1700 698 1750 Veneta
716 1699 803 1761 4484,
831 1699 1093 1750 accessissetis.
1115 1727 1143 1737 -
1165 1700 1207 1751 87.
1223 1713 1330 1764 proeae-

306 1775 355 1825 mis
371 1787 507 1839 euperscr.
525 1779 536 1824 t
552 1787 580 1835 4,
595 1776 737 1838 4444444444
752 1774 780 1825 b.

305 1943 394 1994 m-et.
416 1943 550 2007 quondan]
564 1945 653 1994 444444
665 1947 797 2008 tempore,
835 1945 903 2004 tem,
928 1955 997 2006 quae
1015 1942 1041 1992 44
1059 1943 1198 1994 senectute
1215 1957 1265 1995 nos
1285 1957 1362 1996 com«

182 2065 187 2072 .
273 2029 322 2069 suo
340 2019 488 2081 temporem
522 2018 593 2080 virg.
606 2019 672 2069 Aen.
685 2020 714 2078 4,
733 2017 796 2068 367:
836 2015 942 2068 modius
968 2015 1118 2080 lentiusque
1142 2030 1237 2068 curare
1263 2031 1363 2083 eorpus

274 2093 406 2154 (4444444444
422 2091 499 2141 etiem
513 2092 586 2141 uictis
601 2094 666 2141 redit
682 2093 799 2155 inprae—
836 2091 913 2153 cogit.
929 2117 956 2126 —
970 2090 1227 2153 tibiquidoom1«tn‚
1246 2094 1291 2156 qui
1308 2093 1362 2144 iem

271 2165 361 2217 cordio
380 2165 469 2214 virtus.
507 2165 604 2216 Statius
627 2165 688 2216 Silv.
712 2168 741 2228 4,
761 2169 797 2229 2,
835 2178 885 2229 per
901 2167 1025 2228 vegetam
1036 2166 1201 2217 iuventutem
1213 2169 1274 2218 ante
1292 2170 1364 2218 tem-

272 2239 318 2291 en:
337 2239 375 2289 Aa
391 2240 517 2300 quondam
533 2240 645 2288 lacrimis
656 2241 800 2302 etsoppiics
835 2251 886 2302 pus
903 2237 1020 2288 mollitiei
1042 2241 1068 2289 44
1085 2240 1180 2302 dedis,
1204 2241 1269 2304 quid
1288 2245 1364 2306 post-

272 2314 616 2364 444444--44444444444444
626 2316 729 2365 movet.
750 2315 798 2366 Alii
835 2326 868 2363 ea
890 2313 953 2363 huic
975 2311 1091 2364 adiicere
1114 2315 1230 2378 poteris,
1254 2315 1363 2379 quatmo

272 2389 361 2438 minus
369 2391 492 2438 accurate
504 2389 724 2452 interpretantur:
740 2386 800 2438 sali·
835 2391 925 2438 tamen
942 2387 1072 2438 maiorem
1095 2389 1245 2452 requietem
1268 2387 1364 2440 melio-

273 2461 394 2526 quando,
421 2462 582 2512 interdum.»
609 2489 636 2499 -
659 2463 798 2527 4444444444]
835 2473 934 2526 resque
952 2460 1028 2512 cibos
1044 2462 1159 2526 vinaque
1181 2465 1301 2526 requiret
1320 2463 1362 2514 vel

273 2535 347 2587 Falsa
367 2535 445 2586 lectio
467 2537 603 2587 addtmeii
624 2539 681 2586 orta
704 2541 799 2588 estex
836 2536 949 2586 adversa
974 2534 1100 2587 ualetudo
1124 2535 1166 2587 vel
1196 2540 1362 2588 senectus‘l»

272 2612 403 2675 scriptura
423 2612 564 2662 4444444444.
596 2639 623 2648 -
653 2613 798 2676 4444444444]
837 2635 866 2646 -
881 2615 987 2673 puerei
1003 2611 1108 2675 validus]
1135 2612 1180 2662 llis
1206 2625 1256 2676 per
1273 2613 1364 2664 44444-

273 2686 320 2737 Est
344 2685 400 2736 iere
424 2689 564 2750 poetarum
592 2699 641 2751 pro
666 2686 800 2750 pedestris
836 2698 911 2736 mum
934 2687 961 2735 in
984 2687 1106 2750 proximo
1122 2699 1205 2737 versu
1221 2699 1364 2752 opponun-

273 2773 312 2810 or.
327 2761 523 2821 «attenuatum,
542 2762 740 2811 extenuatum.»
756 2763 799 2812 sic
836 2763 880 2810 tur
896 2762 971 2810 444444
986 2761 1102 2810 4444444444
1113 2763 1141 2810 44
1154 2761 1232 2810 turdo
1242 2767 1361 2813 4444444444.
1421 2767 1425 2774 “

272 2836 363 2886 444444
381 2835 460 2885 etiam
472 2836 533 2884 Tac.
547 2836 614 2885 444.
629 2837 674 2898 tt,
694 2835 737 2886 63:
763 2849 800 2886 se-
838 2861 867 2872 -
882 2835 1033 2899 praesumis]
1046 2838 1122 2886 «ante
1140 2838 1248 2900 tempus
1265 2838 1361 2898 sumis,

272 2909 322 2959 nile
337 2923 429 2972 corpus
444 2915 468 2959 et
482 2923 564 2971 paruo
574 2911 643 2961 444444
659 2916 796 2961 4444444444.
836 2905 1077 2982 προλαμβάνειςι.
1115 2911 1157 2960 Sio
1170 2911 1320 2972 praecipere
1337 2915 1365 2962 et

275 3009 302 3020 -
321 2983 423 3048 adipate]
451 2987 499 3035 «et
523 2984 596 3035 ubi.»
625 3011 653 3021 -
679 2985 799 3036 Accedent
832 2998 993 3048 4444444444
1019 2986 1172 3048 volptatem
1199 2986 1364 3049 homonyma

272 3061 334 3109 anci
350 3059 505 3124 attractam]
524 3061 636 3124 Propter
653 3060 741 3124 ipsum
757 3063 800 3110 to-
837 3061 907 3125 apud
925 3061 1056 3110 Senecam
1073 3060 1107 3110 de
1120 3061 1196 3111 Brer.
1209 3062 1279 3112 vitae
1292 3063 1316 3112 s.
1333 3089 1361 3100 -

272 3134 324 3184 4444
338 3135 485 3186 sententiae
497 3133 705 3198 tranquilliorem
722 3137 800 3185 4444-
836 3135 912 3184 eorda
927 3134 1045 3199 4444444444]
1067 3134 1126 3184 vid.
1147 3134 1181 3184 ed
1204 3137 1258 3187 Sat.
1280 3137 1310 3196 4,
1333 3137 1362 3198 9,

272 3221 331 3258 rem
355 3209 451 3273 copula
476 3211 585 3259 retineri
611 3209 706 3270 debet,
736 3222 799 3260 cum
836 3211 876 3260 34.
894 3209 1219 3272 Virg.rlen.9,ttii:neo
1236 3212 1364 3262 44444444-

271 3277 431 3334 ἀσύνδετον
443 3285 534 3334 444444
547 3296 628 3348 quam
641 3282 736 3334 ialsam
747 3282 801 3335 4444-
835 3289 920 3335 444444
936 3283 1055 3335 Debilitati
1065 3283 1133 3334 44444
1142 3285 1223 3335 4444444
1233 3291 1365 3348 meatque

272 3353 380 3422 νότητα
396 3361 436 3416 et.
460 3360 490 3407 ut
505 3359 541 3408 ita
562 3357 664 3417 dicam,
689 3359 799 3408 4444444-
835 3361 956 3424 ciperon.

272 3433 372 3482 tionem
389 3431 507 3481 interret.
537 3433 574 3482 Ex
595 3430 708 3481 naturali
730 3434 799 3482 vitae

272 3506 390 3556 decursu
410 3506 500 3556 variae
523 3505 702 3555 desumuntur
718 3508 801 3558 ratio·
868 3507 957 3559 seat.
976 3509 1115 3558 4444444444
1127 3509 1189 3573 444]
1208 3508 1309 3559 Eadem
1321 3509 1364 3559 iu·

273 3593 334 3642 nes,
353 3592 402 3630 our
418 3579 611 3643 temperantiae
629 3579 738 3630 studere
754 3580 801 3631 de·
836 3584 888 3634 turi
913 3583 1041 3648 temporis
1068 3596 1146 3646 eura,
1180 3596 1249 3647 quae
1275 3585 1361 3644 44444,

272 3654 401 3715 44444444,
431 3655 561 3720 primum,
591 3656 621 3704 ut
646 3667 744 3719 eorpus
769 3669 799 3707 re
836 3671 869 3708 nc
894 3658 953 3721 quis
976 3655 1133 3710 adolescens
1157 3656 1247 3710 senilis
1269 3659 1363 3708 4444444

272 3743 337 3780 vera
352 3743 478 3781 recreare
495 3731 641 3794 possimus,
665 3731 687 3781 si
705 3743 800 3782 recur-
835 3732 927 3784 solatia
944 3734 1103 3797 praecipiat¹
1131 3734 1254 3796 antiquos
1274 3733 1363 3783 bomi-

273 3804 338 3854 rerit
360 3804 488 3856 sollemne
506 3805 731 3865 anniversarium,
757 3804 800 3854 uel
836 3819 884 3857 nes
901 3806 1089 3872 permovebat,
1108 3809 1138 3857 ut
1154 3809 1180 3858 in
1198 3806 1264 3858 cibis
1282 3807 1364 3858 etiam

272 3879 295 3931 44
311 3877 449 3930 laboribus
466 3880 600 3930 extenuati
618 3880 715 3937 simus3
730 3892 799 3943 quoe
836 3883 923 3934 minus
952 3881 1052 3946 sapidis
1080 3883 1297 3945 acquiescerent,
1328 3893 1363 3932 ne

273 3952 383 4016 quidem
405 3957 489 4019 magis
510 3955 615 4006 44444444
633 3955 723 4006 dicere
736 3969 800 4020 pos-
836 3955 944 4008 deesset
968 3957 995 4006 in
1012 3969 1098 4021 penu,
1117 3957 1190 4020 quod
1207 3955 1304 4019 bosplti
1322 3956 1365 4006 44-

273 4041 380 4090 sumus,
393 4042 455 4080 oum
468 4030 547 4080 etiam
559 4029 602 4080 die
615 4029 683 4080 testo
694 4032 801 4093 psreio-
835 4032 990 4096 exspectato
1011 4033 1199 4096 apponeretur.
1237 4029 1365 4080 4444444444

272 4115 332 4153 rem
347 4105 448 4155 vietum
465 4117 574 4156 servare
591 4103 671 4156 liceat
687 4108 715 4155 44
735 4102 799 4155 4444-
835 4104 949 4156 blasi
965 4105 1038 4169 quod
1050 4103 1113 4156 Galli
1125 4107 1223 4155 vocant
1235 4105 1362 4167 fabendo,

274 4177 306 4227 tis
324 4176 403 4238 cibis,
423 4191 474 4229 non
492 4177 660 4241 melioribus,
684 4179 798 4230 44444444
835 4180 951 4230 Britanni
972 4180 1031 4244 tripli
1049 4181 1188 4244 fioooured.
1209 4207 1238 4218 -
1259 4179 1365 4229 Tardius

272 4249 356 4308 vires;
379 4250 477 4304 deinde
495 4254 589 4306 transit
604 4253 639 4304 ad
656 4254 800 4306 necessita·
835 4252 975 4318 444444444444]
1007 4255 1217 4320 «inexspectatus
1240 4265 1271 4304 44
1296 4253 1363 4304 bora
