3130 4966
282 459 322 523 at
577 529 580 536 ι
664 455 792 506 ironnrn
810 454 990 506 sirrnlnuu

282 617 391 685 Villius
415 617 446 680 in
470 617 587 682 Fausta
610 611 717 678 Sullae
740 632 853 698 gener,
878 610 940 677 hoc
962 611 1062 677 miser
1084 633 1148 676 uno

281 740 416 806 Nomine
439 735 612 825 deceptus,
637 755 759 822 poenas
782 733 872 799 dedit
895 753 999 820 usque
1022 755 1187 822 superque
1328 735 1368 797 66

283 863 388 941 Quam
410 861 487 926 satis
510 869 573 938 est,
597 859 714 948 pugnis
737 879 854 926 caesus
878 859 1029 944 ferroque
1052 856 1188 944 petitus,

212 985 216 992 ’
282 981 438 1050 Exclusus
460 982 544 1060 lore,
568 1003 643 1049 cum
664 983 874 1067 Longarenus
897 980 979 1046 leret
1003 979 1094 1044 intus.

283 1105 366 1171 Huic
388 1105 415 1170 si
437 1105 577 1170 mutonis
599 1103 708 1171 verbis
730 1102 814 1169 mala
837 1113 922 1169 tanta
945 1101 1083 1168 videntis

282 1228 413 1293 Diceret
434 1226 515 1292 haee
538 1227 679 1292 animus:
703 1225 789 1306 Quid
812 1227 860 1292 vis
884 1225 966 1291 tibi?
988 1223 1145 1311 numquid
1169 1243 1230 1310 ego
1253 1243 1271 1288 a
1296 1232 1327 1287 te

280 1350 395 1436 Magno
418 1356 609 1435 prognatum
632 1347 776 1435 deposco
798 1346 931 1413 consule
955 1367 1096 1414 cunnum
1329 1346 1369 1408 70

280 1469 492 1555 Velatnmquc
515 1468 610 1548 stola,
634 1490 804 1566 mea'cum
831 1467 1011 1536 conferbuit
1031 1467 1103 1535 ira?

346 1685 386 1736 at.
407 1685 491 1736 Tillius
507 1685 534 1734 b.
556 1713 582 1721 -
602 1685 642 1736 68.
660 1685 754 1735 videnti
774 1684 879 1749 Dbscp,
898 1687 1008 1750 «scripti
1033 1685 1140 1736 codices
1159 1683 1283 1748 (Bentleii)
1303 1683 1336 1733 ad

313 1774 396 1812 unum
413 1774 533 1822 omnes»,
552 1762 583 1811 Lt
600 1762 627 1811 et
643 1759 786 1811 Bentleius.
823 1761 863 1824 (Ut
880 1775 938 1823 nos,
958 1762 976 1811 d
994 1764 1022 1812 et
1038 1762 1153 1812 Pottierii
1171 1761 1244 1822 tres.)
1321 1821 1325 1824 ,

280 1949 372 2012 iunge,
392 1951 421 1998 ut
438 1948 506 1998 duae
525 1946 662 1997 dumtaxat
679 1948 731 1998 sint
742 1961 806 2011 per·
844 1950 898 2006 tur,
926 1946 1078 2012 quibusque
1101 1948 1194 1996 Artem
1212 1947 1370 1997 amatorium

280 2035 376 2082 sonae,
401 2035 455 2072 non
474 2024 542 2082 tres,
561 2023 591 2070 ut
608 2035 670 2070 cum
688 2020 806 2072 Scholia·
843 2021 1132 2085 commonuerimus,
1152 2034 1204 2071 non
1223 2020 1305 2071 infimi
1320 2019 1371 2070 loci

280 2098 328 2147 stis
345 2095 555 2146 roltBentleius.
592 2096 696 2146 Etenim
708 2110 757 2160 per
768 2098 807 2146 to-
843 2095 1004 2159 prostibula,
1033 2095 1066 2144 de
1091 2094 1188 2158 quibus
1213 2093 1286 2144 Ouid.
1310 2095 1368 2144 lm.

279 2173 335 2220 tam
352 2171 461 2220 satiram
480 2171 513 2220 de
532 2170 629 2218 accidia
645 2172 752 2234 proprie
765 2171 806 2220 di·
845 2171 872 2230 l,
891 2171 938 2230 te,
957 2171 1002 2218 m:
1022 2169 1079 2218 Stat
1095 2170 1217 2218 meretrix
1233 2175 1301 2218 certo
1315 2169 1371 2218 cui-

281 2245 330 2295 ctis
348 2257 479 2306 nusquam
503 2243 633 2308 loquitur,
662 2246 691 2293 ut
713 2249 805 2294 contra
842 2244 880 2292 vis
896 2243 1037 2293 mercabilis
1053 2256 1112 2292 aere
1131 2244 1164 2292 Et
1184 2244 1290 2293 miseros
1306 2245 1372 2293 imae

280 2317 390 2371 Martial.
405 2319 433 2380 3,
452 2318 497 2368 33:
515 2319 654 2381 inpunitam
665 2319 747 2381 mmo,
765 2321 807 2368 sed
843 2331 949 2380 empore
965 2318 1064 2380 quaerit
1080 2329 1152 2380 opem·
1169 2319 1279 2368 Devovet
1295 2320 1372 2380 impe·

191 2405 197 2416 ·
279 2395 400 2443 situmen
416 2393 461 2442 illu
471 2397 589 2456 nepetae,
607 2392 736 2443 libertina
746 2393 808 2442 milri
842 2394 911 2442 ritmo
927 2399 1011 2444 tomen
1028 2394 1088 2442 baec
1105 2393 1199 2442 leaenis
1215 2395 1304 2454 evoti,
1323 2393 1370 2454 Et,

278 2468 401 2531 proaetma
424 2467 535 2516 condicio
558 2472 608 2516 eat:
633 2468 756 2517 Extremo
772 2473 808 2518 est
844 2469 910 2528 qood
926 2482 970 2518 eos
986 2469 1106 2532 (togatae)
1118 2469 1202 2530 facitis
1218 2473 1314 2530 sponte,
1328 2481 1372 2516 ce—

280 2543 374 2593 ooeitlu
391 2543 457 2601 loce‚·
474 2541 760 2605 sadoincetutramque,
780 2543 807 2592 Si
843 2547 903 2592 aeta
918 2543 989 2606 facit.
1011 2571 1039 2580 -
1054 2543 1178 2606 peccesne]
1198 2543 1313 2592 ebonem
1331 2541 1372 2590 ia-

279 2619 346 2682 facie
366 2613 518 2667 nobia'buec
539 2618 587 2666 erit
607 2618 725 2681 lupence.
765 2619 807 2667 Sic
845 2629 918 2668 mem
943 2617 1095 2682 perdendo,
1127 2631 1186 2668 rem
1215 2613 1372 2668 familiarem

280 2693 372 2742 autem
385 2691 557 2756 contemptim
569 2691 805 2754 vocatlibertinas,
845 2691 1025 2742 obtimendo.»
1060 2691 1149 2742 Altera
1166 2690 1244 2741 lectio
1258 2701 1374 2753 pecccare

281 2779 350 2830 quae
377 2767 465 2816 tunica
491 2768 519 2816 et
544 2768 605 2828 toga
632 2778 681 2829 pro
707 2769 808 2817 metro·
845 2764 951 2817 soloeca
978 2767 1092 2818 videtur.
1126 2766 1193 2816 Vide
1209 2765 1371 2824 Bentleium,

280 2851 377 2892 narum
398 2839 464 2891 stole
484 2842 512 2890 et
531 2839 598 2904 palla
614 2841 805 2891 vestiebantur.
845 2842 890 2904 qui
907 2855 957 2905 pro
975 2843 1064 2892 nostra
1082 2839 1192 2891 contulit
1208 2855 1234 2890 v.
1253 2841 1298 2890 76:
1323 2840 1373 2889 Teo

282 2917 345 2979 (Cic.
366 2914 430 2965 Phil.
448 2915 476 2976 2,
496 2915 540 2974 l8,
559 2913 605 2965 li:
624 2915 757 2978 Sumpsisti
767 2916 809 2964 oi·
843 2917 905 2966 uitio
933 2930 1050 2967 semmae
1074 2915 1187 2977 labores,
1212 2917 1256 2965 Nil
1278 2914 1373 2977 retem

279 2991 367 3050 iiten,
394 3003 472 3049 qoem
492 2990 578 3039 statim
594 2990 738 3040 muliebrem
761 2996 808 3040 ιο·
841 2990 937 3053 putas?
955 2992 1016 3053 (Sat.
1036 2993 1066 3052 t,
1085 2992 1115 3052 8,
1134 2992 1164 3040 t:
1182 2989 1374 3052 sabmtmertm

281 3075 350 3128 pam
366 3065 504 3114 reddidisti.
532 3067 617 3115 Primo
628 3066 731 3128 ccipere
742 3079 809 3115 scor·
845 3079 975 3115 scamnum
990 3067 1117 3130 faceretne
1132 3065 1275 3129 Priapum.)

282 3143 350 3198 tum;
361 3140 441 3188 --sed
456 3140 505 3188 cito
519 3139 596 3190 Cario
607 3141 748 3202 interuenit,
766 3140 809 3204 qui
879 3139 968 3191 ut-re.
1004 3141 1060 3191 lam
1077 3141 1158 3191 nimia
1179 3140 1204 3190 in
1222 3140 1305 3190 rebus
1325 3153 1373 3188 ve·

282 3219 305 3265 te
326 3227 343 3263 a
361 3215 502 3264 meretricio
528 3219 632 3276 quaesto
656 3213 763 3264 abduxit
786 3219 810 3264 et
847 3215 935 3265 nereis
953 3215 1097 3280 cupiditate
1115 3215 1142 3264 in
1160 3215 1316 3264 universum
1332 3214 1374 3264 vi-

282 3294 413 3348 temquam
429 3289 544 3336 stolam
567 3289 680 3348 memmi,
705 3289 732 3337 io
751 3301 809 3338 ma·
847 3291 969 3352 tuperata
991 3289 1077 3352 pergit
1098 3287 1132 3338 ad
1151 3289 1279 3338 moechos
1297 3301 1374 3336 acer-

282 3361 493 3412 tiimoaiostatitt
504 3366 527 3411 et
538 3367 605 3410 certo
617 3362 730 3426 locavit.)
750 3361 807 3414 Tib.
846 3362 958 3412 bissime
980 3361 1147 3424 castigandos
1170 3363 1197 3410 et
1213 3374 1228 3410 e
1246 3362 1374 3411 metronis

283 3435 315 3496 i,
334 3436 379 3497 40,
399 3435 429 3484 3:
448 3437 487 3485 Sit
503 3435 546 3485 tibi
563 3449 627 3485 cora
639 3441 712 3500 tepea
724 3435 811 3500 iliber-
847 3437 981 3488 sectandis
990 3434 1314 3499 deterrendos-Villius]
1324 3435 1375 3486 tor-

284 3509 367 3572 tinaei
398 3510 485 3572 potior
514 3521 677 3572 praedamque
705 3511 811 3573 quesitio
847 3515 919 3562 tasse
937 3511 996 3560 Sex.
1009 3508 1101 3559 Villius
1120 3507 1253 3573 (Annalis),
1273 3509 1374 3562 Milonis

284 3585 499 3644 &orcomenam
521 3583 667 3648 Semfitio
687 3584 809 3648 Sulpicia.
848 3583 992 3636 familiaris.
1029 3582 1140 3645 (Cieed
1158 3583 1272 3644 Fami,
1292 3584 1320 3646 6,
1339 3583 1373 3646 t.)

284 3657 439 3718 Martiali,
458 3657 503 3708 39:
522 3657 630 3709 Coccina
645 3659 760 3722 famosae
770 3661 814 3710 do·
852 3687 878 3696 -
892 3660 920 3707 lo
929 3659 1025 3708 Fausta
1036 3657 1122 3706 Saitae
1132 3657 1216 3722 perier]
1230 3669 1300 3709 enon
1309 3669 1375 3708 vere

284 3747 333 3785 ear
351 3738 374 3784 et
394 3733 510 3783 iambica
529 3733 660 3784 moechae:
690 3735 729 3784 Vis
751 3735 813 3784 dare
850 3745 933 3796 gener
949 3731 998 3782 sed
1016 3731 1078 3794 qula
1095 3729 1177 3782 tiliam
1194 3730 1280 3784 Sullae
1299 3733 1375 3795 (Fau-

286 3821 352 3871 quue
367 3808 460 3880 memiit
474 3807 602 3857 mouera?
626 3808 698 3858 Mitte
717 3813 810 3872 iopam.
849 3809 933 3866 stam,
955 3803 1057 3856 Milonis
1079 3805 1228 3868 coniugem)
1247 3805 1377 3869 stupravit

288 3883 335 3948 (Gi.
346 3884 421 3934 Mart.
433 3882 458 3941 6,
471 3881 512 3943 at,
525 3881 550 3933 i.
570 3883 614 3945 te,
624 3883 675 3947 52.)
693 3881 756 3934 Aliis
768 3897 814 3932 mt-
851 3881 887 3930 ita
903 3879 1072 3942 frequenter,
1093 3881 1124 3929 ut
1139 3880 1197 3944 ipse
1214 3891 1298 3943 gener
1314 3891 1376 3930 esse

287 3957 359 4008 ciliae
376 3961 477 4020 tepulae
493 3960 556 4008 suut
572 3957 729 4009 meretrices
741 3958 813 4022 apud
850 3953 1014 4005 videretur.»
1044 3955 1106 4005 Aca.
1132 3955 1163 4006 ut
1179 3954 1222 4005 hic
1243 3953 1330 4004 Viltim
1345 3954 1373 4004 le

287 4029 586 4091 lenonemtrahitantes;
599 4031 727 4093 aeduae,
746 4044 813 4096 quas
850 4029 945 4080 quta
961 4028 988 4078 S.
1007 4041 1096 4092 emer,
1121 4030 1160 4080 sie
1177 4030 1238 4080 Tac.
1257 4029 1326 4079 Anu.
1344 4027 1376 4090 3,

288 4106 413 4157 Horatius
422 4117 437 4155 a
447 4107 576 4157 matronis
584 4105 728 4168 distinguit,
742 4107 812 4168 sunt,
851 4101 898 4154 at:
913 4104 947 4154 D.
961 4102 1064 4153 Siloam
1073 4105 1101 4154 ie
1111 4104 1180 4168 nepti
1190 4105 1295 4168 depicti
1306 4103 1378 4154 attui-

288 4182 318 4231 ut
334 4181 425 4244 Origo,
443 4179 606 4242 Arbuscula,
624 4180 761 4244 Cytheris,
780 4193 815 4230 ex
851 4183 897 4228 ter.
921 4177 978 4228 Noli
990 4178 1100 4242 iungere
1112 4191 1175 4230 curn
1187 4176 1257 4230 aliis:
1272 4181 1300 4228 ie
1311 4179 1378 4229 Foet-

290 4253 597 4318 eogeneremulierum‚
611 4267 681 4318 quae
693 4255 720 4304 in
732 4253 814 4318 ipsius
850 4258 890 4304 sm
901 4265 998 4316 poenae
1015 4254 1088 4304 dedit.
1111 4281 1139 4292 -
1156 4255 1202 4304 bec
1217 4267 1252 4304 m.
1265 4253 1378 4304 ieieNe-

289 4331 352 4382 Odis
370 4331 397 4380 et
412 4330 439 4380 in
451 4327 545 4380 Tibulli
556 4327 652 4391 elegiis
664 4340 815 4380 memoran·
850 4328 917 4379 mim
933 4327 1185 4394 exanimationem
1202 4327 1236 4379 ed
1255 4329 1378 4391 stupran-
