<?xml version="1.0" encoding="UTF-8"?>
<!DOCTYPE html PUBLIC "-//W3C//DTD XHTML 1.0 Transitional//EN"
    "http://www.w3.org/TR/xhtml1/DTD/xhtml1-transitional.dtd">
<html xmlns="http://www.w3.org/1999/xhtml" xml:lang="en" lang="en">
 <head>
  <title>
</title>
<meta http-equiv="Content-Type" content="text/html;charset=utf-8" />
  <meta name='ocr-system' content='tesseract 3.04.00' />
  <meta name='ocr-capabilities' content='ocr_page ocr_carea ocr_par ocr_line ocrx_word'/>
</head>
<body>
  <div class='ocr_page' id='page_1' title='image "./qhoratiusflaccu01baitgoog_0127.png"; bbox 0 0 3082 4968; ppageno 0'>
   <div class='ocr_carea' id='block_1_1' title="bbox 273 431 981 498">
    <p class='ocr_par' dir='ltr' id='par_1_1' title="bbox 273 431 981 498">
     <span class='ocr_line' id='line_1_1' title="bbox 273 431 981 498; baseline -0.018 1"><span class='ocrx_word' id='word_1_1' title='bbox 273 431 334 498; x_wconf 78' lang='lat' dir='ltr'>llil</span> <span class='ocrx_word' id='word_1_2' title='bbox 653 433 782 486; x_wconf 82' lang='grc' dir='ltr'>ιιοιιιιιι</span> <span class='ocrx_word' id='word_1_3' title='bbox 800 433 981 487; x_wconf 73' lang='grc' dir='ltr'>ειτιιιιιιιιιι</span> 
     </span>
    </p>
   </div>
   <div class='ocr_carea' id='block_1_2' title="bbox 313 588 1361 1409">
    <p class='ocr_par' dir='ltr' id='par_1_2' title="bbox 313 588 1114 659">
     <span class='ocr_line' id='line_1_2' title="bbox 313 588 1114 659; baseline -0.002 -3"><span class='ocrx_word' id='word_1_4' title='bbox 313 591 461 659; x_wconf 87' lang='lat' dir='ltr'>Delicere</span> <span class='ocrx_word' id='word_1_5' title='bbox 483 610 502 657; x_wconf 90' lang='lat' dir='ltr'>e</span> <span class='ocrx_word' id='word_1_6' title='bbox 524 609 603 656; x_wconf 83' lang='lat' dir='ltr'>saxo</span> <span class='ocrx_word' id='word_1_7' title='bbox 625 589 713 658; x_wconf 91' lang='lat' dir='ltr'>cives</span> <span class='ocrx_word' id='word_1_8' title='bbox 736 601 791 656; x_wconf 88' lang='lat' dir='ltr'>aut</span> <span class='ocrx_word' id='word_1_9' title='bbox 813 590 941 656; x_wconf 83' lang='lat' dir='ltr'><strong>tradere</strong></span> <span class='ocrx_word' id='word_1_10' title='bbox 965 588 1114 657; x_wconf 83' lang='lat' dir='ltr'>Cadmo?</span> 
     </span>
    </p>

    <p class='ocr_par' dir='ltr' id='par_1_3' title="bbox 313 709 1361 1168">
     <span class='ocr_line' id='line_1_3' title="bbox 313 709 1361 801; baseline -0.006 -21"><span class='ocrx_word' id='word_1_11' title='bbox 313 714 353 780; x_wconf 78' lang='lat' dir='ltr'>lt</span> <span class='ocrx_word' id='word_1_12' title='bbox 372 713 493 780; x_wconf 89' lang='lat' dir='ltr'>Novius</span> <span class='ocrx_word' id='word_1_13' title='bbox 514 710 638 800; x_wconf 79' lang='lat' dir='ltr'>collega</span> <span class='ocrx_word' id='word_1_14' title='bbox 660 711 762 800; x_wconf 84' lang='lat' dir='ltr'>gradu</span> <span class='ocrx_word' id='word_1_15' title='bbox 784 721 859 801; x_wconf 89' lang='lat' dir='ltr'>post</span> <span class='ocrx_word' id='word_1_16' title='bbox 878 732 932 778; x_wconf 91' lang='lat' dir='ltr'>me</span> <span class='ocrx_word' id='word_1_17' title='bbox 955 711 1048 778; x_wconf 90' lang='lat' dir='ltr'>sedet</span> <span class='ocrx_word' id='word_1_18' title='bbox 1065 731 1147 789; x_wconf 83' lang='lat' dir='ltr'>un03</span> <span class='ocrx_word' id='word_1_19' title='bbox 1319 709 1361 775; x_wconf 76' lang='lat' dir='ltr'>ld</span> 
     </span>
     <span class='ocr_line' id='line_1_4' title="bbox 314 829 1333 923; baseline -0.005 -21"><span class='ocrx_word' id='word_1_20' title='bbox 314 837 459 923; x_wconf 86' lang='lat' dir='ltr'><strong>Namque</strong></span> <span class='ocrx_word' id='word_1_21' title='bbox 475 843 525 902; x_wconf 91' lang='lat' dir='ltr'>est</span> <span class='ocrx_word' id='word_1_22' title='bbox 538 833 600 912; x_wconf 91' lang='lat' dir='ltr'>ille,</span> <span class='ocrx_word' id='word_1_23' title='bbox 624 843 716 922; x_wconf 86' lang='lat' dir='ltr'>pater</span> <span class='ocrx_word' id='word_1_24' title='bbox 731 833 820 922; x_wconf 89' lang='lat' dir='ltr'>quod</span> <span class='ocrx_word' id='word_1_25' title='bbox 836 843 906 900; x_wconf 89' lang='lat' dir='ltr'>erat</span> <span class='ocrx_word' id='word_1_26' title='bbox 920 853 1022 900; x_wconf 91' lang='lat' dir='ltr'>meus.</span> <span class='ocrx_word' id='word_1_27' title='bbox 1046 833 1115 899; x_wconf 86' lang='lat' dir='ltr'>Hoc</span> <span class='ocrx_word' id='word_1_28' title='bbox 1130 831 1187 899; x_wconf 89' lang='lat' dir='ltr'>tibi</span> <span class='ocrx_word' id='word_1_29' title='bbox 1203 829 1333 898; x_wconf 83' lang='lat' dir='ltr'>Paullus</span> 
     </span>
     <span class='ocr_line' id='line_1_5' title="bbox 315 952 1192 1042; baseline -0.002 -20"><span class='ocrx_word' id='word_1_30' title='bbox 315 958 352 1023; x_wconf 88' lang='lat' dir='ltr'>Et</span> <span class='ocrx_word' id='word_1_31' title='bbox 374 955 523 1024; x_wconf 83' lang='lat' dir='ltr'>Messalla</span> <span class='ocrx_word' id='word_1_32' title='bbox 543 955 686 1023; x_wconf 81' lang='lat' dir='ltr'>videris?</span> <span class='ocrx_word' id='word_1_33' title='bbox 709 957 748 1022; x_wconf 84' lang='lat' dir='ltr'>llt</span> <span class='ocrx_word' id='word_1_34' title='bbox 768 954 836 1032; x_wconf 88' lang='lat' dir='ltr'>hic,</span> <span class='ocrx_word' id='word_1_35' title='bbox 860 956 887 1022; x_wconf 89' lang='lat' dir='ltr'>si</span> <span class='ocrx_word' id='word_1_36' title='bbox 910 953 1032 1042; x_wconf 82' lang='lat' dir='ltr'>plostra</span> <span class='ocrx_word' id='word_1_37' title='bbox 1052 952 1192 1022; x_wconf 83' lang='lat' dir='ltr'>ducenta</span> 
     </span>
     <span class='ocr_line' id='line_1_6' title="bbox 315 1073 1194 1168; baseline -0.007 -22"><span class='ocrx_word' id='word_1_38' title='bbox 315 1080 579 1168; x_wconf 86' lang='lat' dir='ltr'>Concurrantque</span> <span class='ocrx_word' id='word_1_39' title='bbox 601 1078 672 1145; x_wconf 86' lang='lat' dir='ltr'>loro</span> <span class='ocrx_word' id='word_1_40' title='bbox 694 1078 754 1144; x_wconf 88' lang='lat' dir='ltr'>tria</span> <span class='ocrx_word' id='word_1_41' title='bbox 776 1077 890 1144; x_wconf 87' lang='lat' dir='ltr'>lunera</span> <span class='ocrx_word' id='word_1_42' title='bbox 910 1096 1042 1164; x_wconf 80' lang='lat' dir='ltr'>magun,</span> <span class='ocrx_word' id='word_1_43' title='bbox 1066 1073 1194 1143; x_wconf 85' lang='lat' dir='ltr'>sonabit</span> 
     </span>
    </p>

    <p class='ocr_par' dir='ltr' id='par_1_4' title="bbox 313 1196 1360 1409">
     <span class='ocr_line' id='line_1_7' title="bbox 314 1196 1300 1290; baseline -0.008 -22"><span class='ocrx_word' id='word_1_44' title='bbox 314 1201 444 1269; x_wconf 87' lang='lat' dir='ltr'>Cornua</span> <span class='ocrx_word' id='word_1_45' title='bbox 466 1199 555 1290; x_wconf 92' lang='lat' dir='ltr'>quod</span> <span class='ocrx_word' id='word_1_46' title='bbox 577 1201 748 1288; x_wconf 83' lang='lat' dir='ltr'>vincatque</span> <span class='ocrx_word' id='word_1_47' title='bbox 770 1198 880 1279; x_wconf 80' lang='lat' dir='ltr'>tubas3</span> <span class='ocrx_word' id='word_1_48' title='bbox 904 1198 1016 1266; x_wconf 87' lang='lat' dir='ltr'>saltem</span> <span class='ocrx_word' id='word_1_49' title='bbox 1039 1207 1127 1264; x_wconf 88' lang='lat' dir='ltr'>tenet</span> <span class='ocrx_word' id='word_1_50' title='bbox 1147 1196 1209 1264; x_wconf 92' lang='lat' dir='ltr'>hoo</span> <span class='ocrx_word' id='word_1_51' title='bbox 1231 1217 1300 1265; x_wconf 90' lang='lat' dir='ltr'>nos.</span> 
     </span>
     <span class='ocr_line' id='line_1_8' title="bbox 313 1319 1360 1409; baseline -0.006 -19"><span class='ocrx_word' id='word_1_52' title='bbox 313 1324 404 1390; x_wconf 92' lang='lat' dir='ltr'>Nunc</span> <span class='ocrx_word' id='word_1_53' title='bbox 425 1322 468 1390; x_wconf 86' lang='lat' dir='ltr'>ad</span> <span class='ocrx_word' id='word_1_54' title='bbox 489 1343 542 1388; x_wconf 88' lang='lat' dir='ltr'>me</span> <span class='ocrx_word' id='word_1_55' title='bbox 567 1321 667 1388; x_wconf 88' lang='lat' dir='ltr'>redeo</span> <span class='ocrx_word' id='word_1_56' title='bbox 689 1320 839 1388; x_wconf 89' lang='lat' dir='ltr'>libertino</span> <span class='ocrx_word' id='word_1_57' title='bbox 861 1330 952 1409; x_wconf 87' lang='lat' dir='ltr'>patre</span> <span class='ocrx_word' id='word_1_58' title='bbox 975 1330 1100 1397; x_wconf 87' lang='lat' dir='ltr'>natum,</span> <span class='ocrx_word' id='word_1_59' title='bbox 1319 1319 1360 1384; x_wconf 86' lang='lat' dir='ltr'>lli</span> 
     </span>
    </p>
   </div>
   <div class='ocr_carea' id='block_1_3' title="bbox 302 1487 1330 1859">
    <p class='ocr_par' dir='ltr' id='par_1_5' title="bbox 302 1487 1330 1859">
     <span class='ocr_line' id='line_1_9' title="bbox 337 1487 1327 1556; baseline -0.003 -13"><span class='ocrx_word' id='word_1_60' title='bbox 337 1493 377 1544; x_wconf 85' lang='lat'>39.</span> <span class='ocrx_word' id='word_1_61' title='bbox 397 1492 500 1543; x_wconf 82' lang='lat' dir='ltr'>Deicero</span> <span class='ocrx_word' id='word_1_62' title='bbox 525 1493 555 1542; x_wconf 82' lang='lat' dir='ltr'>dc</span> <span class='ocrx_word' id='word_1_63' title='bbox 580 1503 613 1555; x_wconf 92' lang='lat' dir='ltr'>cp</span> <span class='ocrx_word' id='word_1_64' title='bbox 640 1493 668 1541; x_wconf 86' lang='lat' dir='ltr'>et</span> <span class='ocrx_word' id='word_1_65' title='bbox 683 1505 724 1555; x_wconf 91' lang='lat' dir='ltr'>pr.</span> <span class='ocrx_word' id='word_1_66' title='bbox 744 1491 761 1541; x_wconf 96' lang='lat' dir='ltr'>d</span> <span class='ocrx_word' id='word_1_67' title='bbox 786 1491 929 1556; x_wconf 82' lang='lat' dir='ltr'>(Deicerce</span> <span class='ocrx_word' id='word_1_68' title='bbox 946 1503 1015 1541; x_wconf 86' lang='lat' dir='ltr'>corr.</span> <span class='ocrx_word' id='word_1_69' title='bbox 1035 1489 1071 1554; x_wconf 79' lang='lat' dir='ltr'>dl,</span> <span class='ocrx_word' id='word_1_70' title='bbox 1094 1487 1217 1542; x_wconf 81' lang='lat' dir='ltr'>notabilis</span> <span class='ocrx_word' id='word_1_71' title='bbox 1234 1489 1327 1552; x_wconf 88' lang='lat' dir='ltr'>lectio,</span> 
     </span>
     <span class='ocr_line' id='line_1_10' title="bbox 304 1565 1330 1632; baseline -0.005 -12"><span class='ocrx_word' id='word_1_72' title='bbox 304 1581 386 1632; x_wconf 83' lang='lat' dir='ltr'>quum</span> <span class='ocrx_word' id='word_1_73' title='bbox 404 1571 494 1619; x_wconf 85' lang='lat' dir='ltr'>lemen</span> <span class='ocrx_word' id='word_1_74' title='bbox 511 1581 562 1619; x_wconf 87' lang='lat' dir='ltr'>nec</span> <span class='ocrx_word' id='word_1_75' title='bbox 580 1569 631 1618; x_wconf 86' lang='lat' dir='ltr'>Fee</span> <span class='ocrx_word' id='word_1_76' title='bbox 648 1580 736 1632; x_wconf 89' lang='lat' dir='ltr'>neque</span> <span class='ocrx_word' id='word_1_77' title='bbox 754 1568 894 1618; x_wconf 88' lang='lat' dir='ltr'>Pottierius</span> <span class='ocrx_word' id='word_1_78' title='bbox 910 1565 999 1616; x_wconf 91' lang='lat' dir='ltr'>inullo</span> <span class='ocrx_word' id='word_1_79' title='bbox 1011 1565 1330 1632; x_wconf 84' lang='lat' dir='ltr'>suorumvidenturrep-</span> 
     </span>
     <span class='ocr_line' id='line_1_11' title="bbox 303 1639 1330 1708; baseline -0.006 -13"><span class='ocrx_word' id='word_1_80' title='bbox 303 1645 420 1708; x_wconf 72' lang='lat' dir='ltr'>perisse,</span> <span class='ocrx_word' id='word_1_81' title='bbox 440 1647 513 1694; x_wconf 88' lang='lat' dir='ltr'>certe</span> <span class='ocrx_word' id='word_1_82' title='bbox 533 1656 586 1693; x_wconf 89' lang='lat' dir='ltr'>non</span> <span class='ocrx_word' id='word_1_83' title='bbox 598 1645 747 1694; x_wconf 85' lang='lat' dir='ltr'>enotarunt.</span> <span class='ocrx_word' id='word_1_84' title='bbox 783 1643 857 1692; x_wconf 83' lang='lat' dir='ltr'>lianc</span> <span class='ocrx_word' id='word_1_85' title='bbox 870 1640 948 1691; x_wconf 89' lang='lat' dir='ltr'>unice</span> <span class='ocrx_word' id='word_1_86' title='bbox 961 1639 1058 1705; x_wconf 85' lang='lat' dir='ltr'>probet</span> <span class='ocrx_word' id='word_1_87' title='bbox 1069 1639 1253 1690; x_wconf 75' lang='lat' dir='ltr'>Schneidewin</span> <span class='ocrx_word' id='word_1_88' title='bbox 1270 1640 1330 1690; x_wconf 88' lang='lat' dir='ltr'>Phi-</span> 
     </span>
     <span class='ocr_line' id='line_1_12' title="bbox 302 1714 1328 1784; baseline -0.006 -14"><span class='ocrx_word' id='word_1_89' title='bbox 302 1718 347 1770; x_wconf 93' lang='lat' dir='ltr'>lol.</span> <span class='ocrx_word' id='word_1_90' title='bbox 365 1719 408 1770; x_wconf 86' lang='lat'>111.</span> <span class='ocrx_word' id='word_1_91' title='bbox 427 1731 455 1784; x_wconf 87' lang='lat' dir='ltr'>p.</span> <span class='ocrx_word' id='word_1_92' title='bbox 474 1718 533 1770; x_wconf 83' lang='lat' dir='ltr'>till.</span> <span class='ocrx_word' id='word_1_93' title='bbox 562 1743 589 1754; x_wconf 95' lang='lat'><em>-</em></span> <span class='ocrx_word' id='word_1_94' title='bbox 617 1718 658 1769; x_wconf 73' lang='lat' dir='ltr'>li.</span> <span class='ocrx_word' id='word_1_95' title='bbox 674 1718 792 1780; x_wconf 66' lang='lat' dir='ltr'>plaustra</span> <span class='ocrx_word' id='word_1_96' title='bbox 809 1717 854 1781; x_wconf 87' lang='lat' dir='ltr'>dp.</span> <span class='ocrx_word' id='word_1_97' title='bbox 884 1743 912 1754; x_wconf 84' lang='lat'><em>-</em></span> <span class='ocrx_word' id='word_1_98' title='bbox 941 1715 982 1768; x_wconf 78' lang='lat' dir='ltr'>ll.</span> <span class='ocrx_word' id='word_1_99' title='bbox 1004 1717 1116 1766; x_wconf 83' lang='lat' dir='ltr'>Nostrae</span> <span class='ocrx_word' id='word_1_100' title='bbox 1139 1714 1245 1766; x_wconf 86' lang='lat' dir='ltr'>lectioni</span> <span class='ocrx_word' id='word_1_101' title='bbox 1268 1715 1328 1764; x_wconf 80' lang='lat' dir='ltr'>ins</span> 
     </span>
     <span class='ocr_line' id='line_1_13' title="bbox 304 1791 1105 1859; baseline -0.005 -14"><span class='ocrx_word' id='word_1_102' title='bbox 304 1807 438 1859; x_wconf 87' lang='lat' dir='ltr'>superscr.</span> <span class='ocrx_word' id='word_1_103' title='bbox 464 1797 521 1846; x_wconf 87' lang='lat' dir='ltr'>est:</span> <span class='ocrx_word' id='word_1_104' title='bbox 548 1795 638 1844; x_wconf 70' lang='lat' dir='ltr'>sutum</span> <span class='ocrx_word' id='word_1_105' title='bbox 661 1794 706 1844; x_wconf 82' lang='lat' dir='ltr'>too</span> <span class='ocrx_word' id='word_1_106' title='bbox 733 1795 804 1843; x_wconf 84' lang='lat' dir='ltr'>iuuet</span> <span class='ocrx_word' id='word_1_107' title='bbox 829 1797 852 1842; x_wconf 82' lang='lat' dir='ltr'>et</span> <span class='ocrx_word' id='word_1_108' title='bbox 875 1804 928 1841; x_wconf 77' lang='lat' dir='ltr'>uos.</span> <span class='ocrx_word' id='word_1_109' title='bbox 956 1791 1052 1855; x_wconf 69' lang='lat' dir='ltr'>(ratic</span> <span class='ocrx_word' id='word_1_110' title='bbox 1068 1791 1105 1855; x_wconf 89' lang='lat' dir='ltr'>p.)</span> 
     </span>
    </p>
   </div>
   <div class='ocr_carea' id='block_1_4' title="bbox 267 1911 1362 4373">
    <p class='ocr_par' dir='ltr' id='par_1_6' title="bbox 269 1911 1362 2874">
     <span class='ocr_line' id='line_1_14' title="bbox 273 1911 1361 1978; baseline -0.006 -12"><span class='ocrx_word' id='word_1_111' title='bbox 273 1942 300 1951; x_wconf 99' lang='lat'><em>-</em></span> <span class='ocrx_word' id='word_1_112' title='bbox 320 1915 433 1966; x_wconf 82' lang='lat' dir='ltr'>Dulicerc</span> <span class='ocrx_word' id='word_1_113' title='bbox 443 1915 465 1978; x_wconf 83' lang='lat' dir='ltr'>o]</span> <span class='ocrx_word' id='word_1_114' title='bbox 482 1914 584 1967; x_wconf 83' lang='lat' dir='ltr'>Eadem</span> <span class='ocrx_word' id='word_1_115' title='bbox 599 1915 797 1967; x_wconf 86' lang='lat' dir='ltr'>constructione</span> <span class='ocrx_word' id='word_1_116' title='bbox 836 1925 899 1974; x_wconf 90' lang='lat' dir='ltr'>nus,</span> <span class='ocrx_word' id='word_1_117' title='bbox 918 1913 1023 1964; x_wconf 85' lang='lat' dir='ltr'>Licinus</span> <span class='ocrx_word' id='word_1_118' title='bbox 1035 1914 1138 1973; x_wconf 89' lang='lat' dir='ltr'>tonsor,</span> <span class='ocrx_word' id='word_1_119' title='bbox 1154 1925 1205 1977; x_wconf 86' lang='lat' dir='ltr'>pur</span> <span class='ocrx_word' id='word_1_120' title='bbox 1217 1911 1361 1962; x_wconf 85' lang='lat' dir='ltr'>Caesarem</span> 
     </span>
     <span class='ocr_line' id='line_1_15' title="bbox 271 1986 1362 2051; baseline -0.004 -11"><span class='ocrx_word' id='word_1_121' title='bbox 271 1991 407 2042; x_wconf 85' lang='lat' dir='ltr'>Lucretius</span> <span class='ocrx_word' id='word_1_122' title='bbox 435 1992 465 2051; x_wconf 81' lang='lat' dir='ltr'>o,</span> <span class='ocrx_word' id='word_1_123' title='bbox 497 1989 578 2041; x_wconf 74' lang='lat' dir='ltr'>itui:</span> <span class='ocrx_word' id='word_1_124' title='bbox 613 1991 646 2041; x_wconf 78' lang='lat' dir='ltr'>ut</span> <span class='ocrx_word' id='word_1_125' title='bbox 673 1995 757 2040; x_wconf 80' lang='lat' dir='ltr'>tomen</span> <span class='ocrx_word' id='word_1_126' title='bbox 784 2002 798 2039; x_wconf 82' lang='lat' dir='ltr'>u</span> <span class='ocrx_word' id='word_1_127' title='bbox 835 1987 870 2038; x_wconf 89' lang='lat' dir='ltr'>ad</span> <span class='ocrx_word' id='word_1_128' title='bbox 887 1987 1049 2038; x_wconf 88' lang='lat' dir='ltr'>senatorium</span> <span class='ocrx_word' id='word_1_129' title='bbox 1062 1986 1215 2050; x_wconf 78' lang='lat' dir='ltr'>dignitatem</span> <span class='ocrx_word' id='word_1_130' title='bbox 1228 1998 1362 2051; x_wconf 86' lang='lat' dir='ltr'>pervene-</span> 
     </span>
     <span class='ocr_line' id='line_1_16' title="bbox 270 2061 1362 2128; baseline -0.005 -13"><span class='ocrx_word' id='word_1_131' title='bbox 270 2079 380 2126; x_wconf 79' lang='lat' dir='ltr'>sauomc,</span> <span class='ocrx_word' id='word_1_132' title='bbox 407 2066 480 2126; x_wconf 80' lang='lat' dir='ltr'>quusi</span> <span class='ocrx_word' id='word_1_133' title='bbox 504 2065 611 2128; x_wconf 72' lang='lat' dir='ltr'>fulmen,</span> <span class='ocrx_word' id='word_1_134' title='bbox 639 2065 721 2114; x_wconf 74' lang='lat' dir='ltr'>deiiou</span> <span class='ocrx_word' id='word_1_135' title='bbox 736 2065 798 2113; x_wconf 79' lang='lat' dir='ltr'>ictos</span> <span class='ocrx_word' id='word_1_136' title='bbox 835 2064 907 2122; x_wconf 88' lang='lat' dir='ltr'>rant,</span> <span class='ocrx_word' id='word_1_137' title='bbox 927 2074 979 2125; x_wconf 90' lang='lat' dir='ltr'>qua</span> <span class='ocrx_word' id='word_1_138' title='bbox 996 2061 1030 2112; x_wconf 87' lang='lat' dir='ltr'>de</span> <span class='ocrx_word' id='word_1_139' title='bbox 1048 2074 1076 2112; x_wconf 90' lang='lat' dir='ltr'>re</span> <span class='ocrx_word' id='word_1_140' title='bbox 1095 2075 1176 2126; x_wconf 85' lang='lat' dir='ltr'>saepe</span> <span class='ocrx_word' id='word_1_141' title='bbox 1188 2061 1362 2125; x_wconf 88' lang='lat' dir='ltr'>conqueritur</span> 
     </span>
     <span class='ocr_line' id='line_1_17' title="bbox 270 2134 1360 2201; baseline -0.003 -12"><span class='ocrx_word' id='word_1_142' title='bbox 270 2141 369 2190; x_wconf 82' lang='lat' dir='ltr'>inuidia</span> <span class='ocrx_word' id='word_1_143' title='bbox 394 2165 409 2175; x_wconf 93' lang='lat'>-</span> <span class='ocrx_word' id='word_1_144' title='bbox 430 2165 445 2176; x_wconf 95' lang='lat'>-</span> <span class='ocrx_word' id='word_1_145' title='bbox 468 2139 495 2188; x_wconf 83' lang='lat' dir='ltr'>in</span> <span class='ocrx_word' id='word_1_146' title='bbox 525 2141 634 2190; x_wconf 81' lang='lat' dir='ltr'>Tartaru</span> <span class='ocrx_word' id='word_1_147' title='bbox 661 2145 735 2190; x_wconf 83' lang='lat' dir='ltr'>tetra.</span> <span class='ocrx_word' id='word_1_148' title='bbox 767 2163 794 2174; x_wconf 89' lang='lat'>-</span> <span class='ocrx_word' id='word_1_149' title='bbox 835 2137 929 2188; x_wconf 87' lang='lat' dir='ltr'>Cicero</span> <span class='ocrx_word' id='word_1_150' title='bbox 943 2135 1141 2201; x_wconf 85' lang='lat' dir='ltr'>inPhilippicis.</span> <span class='ocrx_word' id='word_1_151' title='bbox 1177 2136 1223 2186; x_wconf 85' lang='lat' dir='ltr'>iiis</span> <span class='ocrx_word' id='word_1_152' title='bbox 1235 2134 1360 2187; x_wconf 83' lang='lat' dir='ltr'>sordibus</span> 
     </span>
     <span class='ocr_line' id='line_1_18' title="bbox 270 2209 1361 2279; baseline -0.004 -15"><span class='ocrx_word' id='word_1_153' title='bbox 270 2215 344 2279; x_wconf 74' lang='lat' dir='ltr'>suno]</span> <span class='ocrx_word' id='word_1_154' title='bbox 362 2215 485 2279; x_wconf 84' lang='lat' dir='ltr'>Tarpeio,</span> <span class='ocrx_word' id='word_1_155' title='bbox 512 2213 554 2264; x_wconf 89' lang='lat' dir='ltr'>vel</span> <span class='ocrx_word' id='word_1_156' title='bbox 572 2217 602 2264; x_wconf 90' lang='lat' dir='ltr'>ut</span> <span class='ocrx_word' id='word_1_157' title='bbox 618 2214 739 2264; x_wconf 89' lang='lat' dir='ltr'>triumvir</span> <span class='ocrx_word' id='word_1_158' title='bbox 750 2227 797 2264; x_wconf 89' lang='lat' dir='ltr'>ca-</span> <span class='ocrx_word' id='word_1_159' title='bbox 835 2212 959 2276; x_wconf 81' lang='lat' dir='ltr'>(orciuos</span> <span class='ocrx_word' id='word_1_160' title='bbox 986 2210 1081 2274; x_wconf 79' lang='lat' dir='ltr'>volgus</span> <span class='ocrx_word' id='word_1_161' title='bbox 1108 2209 1234 2272; x_wconf 77' lang='lat' dir='ltr'>vocabat)</span> <span class='ocrx_word' id='word_1_162' title='bbox 1267 2211 1361 2274; x_wconf 82' lang='lat' dir='ltr'>postea</span> 
     </span>
     <span class='ocr_line' id='line_1_19' title="bbox 270 2285 1361 2355; baseline -0.005 -15"><span class='ocrx_word' id='word_1_163' title='bbox 270 2289 371 2355; x_wconf 82' lang='lat' dir='ltr'>pilulis,</span> <span class='ocrx_word' id='word_1_164' title='bbox 389 2287 433 2339; x_wconf 89' lang='lat' dir='ltr'>vel</span> <span class='ocrx_word' id='word_1_165' title='bbox 450 2290 537 2352; x_wconf 88' lang='lat' dir='ltr'>potius</span> <span class='ocrx_word' id='word_1_166' title='bbox 559 2291 589 2338; x_wconf 93' lang='lat' dir='ltr'>ut</span> <span class='ocrx_word' id='word_1_167' title='bbox 610 2291 718 2352; x_wconf 82' lang='lat' dir='ltr'>praetor</span> <span class='ocrx_word' id='word_1_168' title='bbox 740 2289 796 2338; x_wconf 89' lang='lat' dir='ltr'>sive</span> <span class='ocrx_word' id='word_1_169' title='bbox 834 2287 992 2338; x_wconf 88' lang='lat' dir='ltr'>Octavianus</span> <span class='ocrx_word' id='word_1_170' title='bbox 1020 2287 1142 2339; x_wconf 89' lang='lat' dir='ltr'>ordinem</span> <span class='ocrx_word' id='word_1_171' title='bbox 1167 2285 1361 2350; x_wconf 84' lang='lat' dir='ltr'>amplissimum</span> 
     </span>
     <span class='ocr_line' id='line_1_20' title="bbox 271 2361 1356 2428; baseline -0.004 -14"><span class='ocrx_word' id='word_1_172' title='bbox 271 2364 407 2428; x_wconf 85' lang='lat' dir='ltr'>quaesitor</span> <span class='ocrx_word' id='word_1_173' title='bbox 423 2375 514 2413; x_wconf 88' lang='lat' dir='ltr'>rerum</span> <span class='ocrx_word' id='word_1_174' title='bbox 532 2362 692 2426; x_wconf 86' lang='lat' dir='ltr'>capitolium.</span> <span class='ocrx_word' id='word_1_175' title='bbox 729 2364 797 2425; x_wconf 92' lang='lat' dir='ltr'>Sup-</span> <span class='ocrx_word' id='word_1_176' title='bbox 834 2363 964 2427; x_wconf 82' lang='lat' dir='ltr'>purgavit.</span> <span class='ocrx_word' id='word_1_177' title='bbox 1000 2364 1109 2412; x_wconf 91' lang='lat' dir='ltr'>Sueton.</span> <span class='ocrx_word' id='word_1_178' title='bbox 1138 2363 1229 2413; x_wconf 83' lang='lat' dir='ltr'>octav.</span> <span class='ocrx_word' id='word_1_179' title='bbox 1254 2361 1294 2411; x_wconf 75' lang='lat'>35.</span> <span class='ocrx_word' id='word_1_180' title='bbox 1327 2387 1356 2397; x_wconf 93' lang='lat'><em>-</em></span> 
     </span>
     <span class='ocr_line' id='line_1_21' title="bbox 270 2434 1362 2503; baseline -0.004 -15"><span class='ocrx_word' id='word_1_181' title='bbox 270 2437 380 2503; x_wconf 80' lang='lat' dir='ltr'>plinium</span> <span class='ocrx_word' id='word_1_182' title='bbox 404 2439 495 2487; x_wconf 86' lang='lat' dir='ltr'>autem</span> <span class='ocrx_word' id='word_1_183' title='bbox 519 2436 583 2488; x_wconf 91' lang='lat' dir='ltr'>illud</span> <span class='ocrx_word' id='word_1_184' title='bbox 607 2451 661 2488; x_wconf 91' lang='lat' dir='ltr'>non</span> <span class='ocrx_word' id='word_1_185' title='bbox 685 2450 796 2502; x_wconf 86' lang='lat' dir='ltr'>prorsus</span> <span class='ocrx_word' id='word_1_186' title='bbox 833 2437 885 2486; x_wconf 82' lang='lat' dir='ltr'>Hoc</span> <span class='ocrx_word' id='word_1_187' title='bbox 895 2437 938 2486; x_wconf 84' lang='lat' dir='ltr'>tibi</span> <span class='ocrx_word' id='word_1_188' title='bbox 948 2437 1009 2502; x_wconf 81' lang='lat' dir='ltr'>oet]</span> <span class='ocrx_word' id='word_1_189' title='bbox 1022 2436 1139 2488; x_wconf 84' lang='lat' dir='ltr'>Tribuno</span> <span class='ocrx_word' id='word_1_190' title='bbox 1148 2434 1294 2501; x_wconf 84' lang='lat' dir='ltr'>respondet</span> <span class='ocrx_word' id='word_1_191' title='bbox 1308 2435 1362 2486; x_wconf 88' lang='lat' dir='ltr'>llo·</span> 
     </span>
     <span class='ocr_line' id='line_1_22' title="bbox 271 2509 1359 2576; baseline -0.001 -13"><span class='ocrx_word' id='word_1_192' title='bbox 271 2511 406 2563; x_wconf 87' lang='lat' dir='ltr'>insolitum</span> <span class='ocrx_word' id='word_1_193' title='bbox 427 2512 571 2562; x_wconf 89' lang='lat' dir='ltr'>etiamtunc</span> <span class='ocrx_word' id='word_1_194' title='bbox 595 2511 691 2572; x_wconf 87' lang='lat' dir='ltr'>luisse,</span> <span class='ocrx_word' id='word_1_195' title='bbox 719 2524 797 2561; x_wconf 91' lang='lat' dir='ltr'>mon·</span> <span class='ocrx_word' id='word_1_196' title='bbox 835 2513 917 2562; x_wconf 89' lang='lat' dir='ltr'>ratius</span> <span class='ocrx_word' id='word_1_197' title='bbox 929 2509 1018 2576; x_wconf 90' lang='lat' dir='ltr'>populi</span> <span class='ocrx_word' id='word_1_198' title='bbox 1030 2512 1133 2573; x_wconf 86' lang='lat' dir='ltr'>verbis,</span> <span class='ocrx_word' id='word_1_199' title='bbox 1148 2512 1190 2562; x_wconf 88' lang='lat' dir='ltr'>cui</span> <span class='ocrx_word' id='word_1_200' title='bbox 1201 2511 1286 2562; x_wconf 83' lang='lat' dir='ltr'>hocv.</span> <span class='ocrx_word' id='word_1_201' title='bbox 1298 2513 1359 2562; x_wconf 88' lang='lat' dir='ltr'>etv.</span> 
     </span>
     <span class='ocr_line' id='line_1_23' title="bbox 270 2583 1361 2650; baseline -0.002 -12"><span class='ocrx_word' id='word_1_202' title='bbox 270 2589 337 2638; x_wconf 89' lang='lat' dir='ltr'>strat</span> <span class='ocrx_word' id='word_1_203' title='bbox 353 2585 505 2650; x_wconf 80' lang='lat' dir='ltr'>exemplum</span> <span class='ocrx_word' id='word_1_204' title='bbox 522 2589 550 2636; x_wconf 87' lang='lat' dir='ltr'>P.</span> <span class='ocrx_word' id='word_1_205' title='bbox 569 2583 721 2637; x_wconf 86' lang='lat' dir='ltr'>Dolabellae</span> <span class='ocrx_word' id='word_1_206' title='bbox 734 2599 797 2636; x_wconf 89' lang='lat' dir='ltr'>con·</span> <span class='ocrx_word' id='word_1_207' title='bbox 835 2585 877 2638; x_wconf 79' lang='lat' dir='ltr'>il.</span> <span class='ocrx_word' id='word_1_208' title='bbox 904 2601 966 2638; x_wconf 89' lang='lat' dir='ltr'>sese</span> <span class='ocrx_word' id='word_1_209' title='bbox 994 2589 1135 2650; x_wconf 80' lang='lat' dir='ltr'>aggreget:</span> <span class='ocrx_word' id='word_1_210' title='bbox 1166 2587 1287 2636; x_wconf 76' lang='lat' dir='ltr'>«Verum</span> <span class='ocrx_word' id='word_1_211' title='bbox 1315 2586 1361 2636; x_wconf 78' lang='lat' dir='ltr'>noc</span> 
     </span>
     <span class='ocr_line' id='line_1_24' title="bbox 271 2659 1361 2725; baseline -0.002 -13"><span class='ocrx_word' id='word_1_212' title='bbox 271 2660 349 2722; x_wconf 89' lang='lat' dir='ltr'>sulis,</span> <span class='ocrx_word' id='word_1_213' title='bbox 377 2659 424 2723; x_wconf 87' lang='lat' dir='ltr'>qui</span> <span class='ocrx_word' id='word_1_214' title='bbox 449 2673 473 2710; x_wconf 86' lang='lat' dir='ltr'>a.</span> <span class='ocrx_word' id='word_1_215' title='bbox 497 2674 523 2710; x_wconf 96' lang='lat' dir='ltr'>u.</span> <span class='ocrx_word' id='word_1_216' title='bbox 547 2673 570 2712; x_wconf 90' lang='lat' dir='ltr'>u.</span> <span class='ocrx_word' id='word_1_217' title='bbox 593 2661 650 2711; x_wconf 75' lang='lat' dir='ltr'>itt.</span> <span class='ocrx_word' id='word_1_218' title='bbox 674 2661 796 2711; x_wconf 88' lang='lat' dir='ltr'>homiues</span> <span class='ocrx_word' id='word_1_219' title='bbox 836 2661 946 2725; x_wconf 72' lang='lat' dir='ltr'>(uidens)</span> <span class='ocrx_word' id='word_1_220' title='bbox 965 2660 1062 2713; x_wconf 90' lang='lat' dir='ltr'>nolite</span> <span class='ocrx_word' id='word_1_221' title='bbox 1080 2662 1255 2725; x_wconf 85' lang='lat' dir='ltr'>aequiparare</span> <span class='ocrx_word' id='word_1_222' title='bbox 1273 2659 1361 2710; x_wconf 79' lang='lat' dir='ltr'>Aemi-</span> 
     </span>
     <span class='ocr_line' id='line_1_25' title="bbox 269 2734 1360 2800; baseline 0 -15"><span class='ocrx_word' id='word_1_223' title='bbox 269 2734 389 2800; x_wconf 86' lang='lat' dir='ltr'>pcrdilos</span> <span class='ocrx_word' id='word_1_224' title='bbox 406 2749 438 2785; x_wconf 83' lang='lat' dir='ltr'>uc</span> <span class='ocrx_word' id='word_1_225' title='bbox 459 2735 613 2798; x_wconf 88' lang='lat' dir='ltr'>seditiosos,</span> <span class='ocrx_word' id='word_1_226' title='bbox 640 2735 739 2786; x_wconf 88' lang='lat' dir='ltr'>liberos</span> <span class='ocrx_word' id='word_1_227' title='bbox 762 2735 796 2786; x_wconf 91' lang='lat' dir='ltr'>de</span> <span class='ocrx_word' id='word_1_228' title='bbox 834 2736 875 2788; x_wconf 92' lang='lat' dir='ltr'>liis</span> <span class='ocrx_word' id='word_1_229' title='bbox 887 2736 996 2798; x_wconf 86' lang='lat' dir='ltr'>Paullis,</span> <span class='ocrx_word' id='word_1_230' title='bbox 1014 2736 1126 2788; x_wconf 86' lang='lat' dir='ltr'>Valeriis</span> <span class='ocrx_word' id='word_1_231' title='bbox 1136 2735 1277 2798; x_wconf 76' lang='lat' dir='ltr'>Messallis,</span> <span class='ocrx_word' id='word_1_232' title='bbox 1295 2735 1360 2786; x_wconf 82' lang='lat' dir='ltr'>viris</span> 
     </span>
     <span class='ocr_line' id='line_1_26' title="bbox 270 2809 1031 2874; baseline -0.004 -14"><span class='ocrx_word' id='word_1_233' title='bbox 270 2822 334 2861; x_wconf 88' lang='lat' dir='ltr'>saxo</span> <span class='ocrx_word' id='word_1_234' title='bbox 352 2810 463 2874; x_wconf 84' lang='lat' dir='ltr'>Tarpeio</span> <span class='ocrx_word' id='word_1_235' title='bbox 476 2809 565 2872; x_wconf 90' lang='lat' dir='ltr'>deiici,</span> <span class='ocrx_word' id='word_1_236' title='bbox 586 2823 680 2862; x_wconf 84' lang='lat' dir='ltr'>servos</span> <span class='ocrx_word' id='word_1_237' title='bbox 698 2811 725 2860; x_wconf 91' lang='lat' dir='ltr'>in</span> <span class='ocrx_word' id='word_1_238' title='bbox 737 2823 797 2861; x_wconf 88' lang='lat' dir='ltr'>cru·</span> <span class='ocrx_word' id='word_1_239' title='bbox 834 2810 1031 2862; x_wconf 63' lang='lat' dir='ltr'>nobilissimis„</span> 
     </span>
    </p>

    <p class='ocr_par' dir='ltr' id='par_1_7' title="bbox 267 2883 1362 4373">
     <span class='ocr_line' id='line_1_27' title="bbox 270 2883 1360 2950; baseline 0.001 -15"><span class='ocrx_word' id='word_1_240' title='bbox 270 2897 331 2936; x_wconf 88' lang='lat' dir='ltr'>cem</span> <span class='ocrx_word' id='word_1_241' title='bbox 348 2885 389 2948; x_wconf 77' lang='lat' dir='ltr'>agi</span> <span class='ocrx_word' id='word_1_242' title='bbox 406 2885 490 2936; x_wconf 89' lang='lat' dir='ltr'>iussit.</span> <span class='ocrx_word' id='word_1_243' title='bbox 516 2886 569 2936; x_wconf 86' lang='lat' dir='ltr'>Cic.</span> <span class='ocrx_word' id='word_1_244' title='bbox 583 2885 619 2935; x_wconf 82' lang='lat' dir='ltr'>ed</span> <span class='ocrx_word' id='word_1_245' title='bbox 629 2887 681 2936; x_wconf 77' lang='lat' dir='ltr'>lu.</span> <span class='ocrx_word' id='word_1_246' title='bbox 696 2884 739 2948; x_wconf 80' lang='lat' dir='ltr'>tl,</span> <span class='ocrx_word' id='word_1_247' title='bbox 753 2886 794 2948; x_wconf 81' lang='lat' dir='ltr'>to,</span> <span class='ocrx_word' id='word_1_248' title='bbox 867 2886 908 2938; x_wconf 85' lang='lat' dir='ltr'>l3.</span> <span class='ocrx_word' id='word_1_249' title='bbox 935 2887 1141 2950; x_wconf 78' lang='lat' dir='ltr'>Gonourruotquc</span> <span class='ocrx_word' id='word_1_250' title='bbox 1157 2913 1172 2924; x_wconf 96' lang='lat'>-</span> <span class='ocrx_word' id='word_1_251' title='bbox 1188 2913 1203 2924; x_wconf 93' lang='lat'>·</span> <span class='ocrx_word' id='word_1_252' title='bbox 1218 2883 1360 2950; x_wconf 60' lang='lat' dir='ltr'>cecoque]</span> 
     </span>
     <span class='ocr_line' id='line_1_28' title="bbox 269 2959 1361 3026; baseline 0 -16"><span class='ocrx_word' id='word_1_253' title='bbox 269 2960 295 3010; x_wconf 75' lang='lat'>2.</span> <span class='ocrx_word' id='word_1_254' title='bbox 314 2985 343 2996; x_wconf 92' lang='lat'><em>-</em></span> <span class='ocrx_word' id='word_1_255' title='bbox 362 2961 462 3010; x_wconf 81' lang='lat' dir='ltr'>tradere</span> <span class='ocrx_word' id='word_1_256' title='bbox 484 2960 586 3024; x_wconf 76' lang='lat' dir='ltr'>Cadrqu</span> <span class='ocrx_word' id='word_1_257' title='bbox 610 2961 652 3010; x_wconf 89' lang='lat' dir='ltr'>Sic</span> <span class='ocrx_word' id='word_1_258' title='bbox 675 2959 795 3024; x_wconf 88' lang='lat' dir='ltr'>Diphilus</span> <span class='ocrx_word' id='word_1_259' title='bbox 834 2963 877 3013; x_wconf 87' lang='lat' dir='ltr'>Bis</span> <span class='ocrx_word' id='word_1_260' title='bbox 908 2961 1037 3026; x_wconf 87' lang='lat' dir='ltr'>deinceps</span> <span class='ocrx_word' id='word_1_261' title='bbox 1068 2960 1183 3012; x_wconf 87' lang='lat' dir='ltr'>verbum</span> <span class='ocrx_word' id='word_1_262' title='bbox 1214 2961 1241 3011; x_wconf 91' lang='lat' dir='ltr'>in</span> <span class='ocrx_word' id='word_1_263' title='bbox 1270 2959 1361 3025; x_wconf 85' lang='lat' dir='ltr'>priore</span> 
     </span>
     <span class='ocr_line' id='line_1_29' title="bbox 270 3032 1362 3103; baseline -0.001 -15"><span class='ocrx_word' id='word_1_264' title='bbox 270 3034 392 3088; x_wconf 79' lang='lat' dir='ltr'>Meinekii</span> <span class='ocrx_word' id='word_1_265' title='bbox 417 3035 459 3085; x_wconf 92' lang='lat' dir='ltr'>1v.</span> <span class='ocrx_word' id='word_1_266' title='bbox 487 3048 512 3100; x_wconf 91' lang='lat' dir='ltr'>p.</span> <span class='ocrx_word' id='word_1_267' title='bbox 542 3035 607 3086; x_wconf 83' lang='lat'>³89:</span> <span class='ocrx_word' id='word_1_268' title='bbox 636 3032 675 3102; x_wconf 79' lang='grc' dir='ltr'>τῷ</span> <span class='ocrx_word' id='word_1_269' title='bbox 701 3033 796 3103; x_wconf 80' lang='grc' dir='ltr'><strong><em>δημίῳ</em></strong></span> <span class='ocrx_word' id='word_1_270' title='bbox 833 3035 957 3088; x_wconf 86' lang='lat' dir='ltr'>membro</span> <span class='ocrx_word' id='word_1_271' title='bbox 969 3037 1100 3088; x_wconf 88' lang='lat' dir='ltr'>omissum</span> <span class='ocrx_word' id='word_1_272' title='bbox 1112 3049 1144 3086; x_wconf 85' lang='lat' dir='ltr'>ax</span> <span class='ocrx_word' id='word_1_273' title='bbox 1162 3036 1310 3100; x_wconf 85' lang='lat' dir='ltr'>posteriore</span> <span class='ocrx_word' id='word_1_274' title='bbox 1322 3036 1362 3087; x_wconf 90' lang='lat' dir='ltr'>in·</span> 
     </span>
     <span class='ocr_line' id='line_1_30' title="bbox 270 3105 1361 3182; baseline 0.003 -23"><span class='ocrx_word' id='word_1_275' title='bbox 270 3106 439 3182; x_wconf 76' lang='grc' dir='ltr'><em>παρέδωκαν</em></span> <span class='ocrx_word' id='word_1_276' title='bbox 455 3105 555 3162; x_wconf 72' lang='grc' dir='ltr'><strong><em>αὐτόν.</em></strong></span> <span class='ocrx_word' id='word_1_277' title='bbox 586 3111 720 3163; x_wconf 74' lang='lat' dir='ltr'>«Cadmus</span> <span class='ocrx_word' id='word_1_278' title='bbox 733 3111 798 3162; x_wconf 90' lang='lat' dir='ltr'>dici·</span> <span class='ocrx_word' id='word_1_279' title='bbox 833 3109 1006 3174; x_wconf 80' lang='lat' dir='ltr'>talligendum</span> <span class='ocrx_word' id='word_1_280' title='bbox 1023 3113 1077 3162; x_wconf 85' lang='lat' dir='ltr'>est:</span> <span class='ocrx_word' id='word_1_281' title='bbox 1103 3111 1239 3174; x_wconf 75' lang='lat' dir='ltr'>siploetro</span> <span class='ocrx_word' id='word_1_282' title='bbox 1254 3112 1361 3162; x_wconf 76' lang='lat' dir='ltr'>ducorto</span> 
     </span>
     <span class='ocr_line' id='line_1_31' title="bbox 269 3185 1361 3250; baseline 0 -14"><span class='ocrx_word' id='word_1_283' title='bbox 269 3189 314 3236; x_wconf 86' lang='lat' dir='ltr'>tur</span> <span class='ocrx_word' id='word_1_284' title='bbox 330 3199 363 3236; x_wconf 89' lang='lat' dir='ltr'>eo</span> <span class='ocrx_word' id='word_1_285' title='bbox 379 3187 502 3250; x_wconf 84' lang='lat' dir='ltr'>tempore</span> <span class='ocrx_word' id='word_1_286' title='bbox 519 3186 600 3237; x_wconf 90' lang='lat' dir='ltr'>luisse</span> <span class='ocrx_word' id='word_1_287' title='bbox 613 3186 730 3237; x_wconf 76' lang='lat' dir='ltr'>carnifex</span> <span class='ocrx_word' id='word_1_288' title='bbox 746 3200 796 3238; x_wconf 91' lang='lat' dir='ltr'>no-</span> <span class='ocrx_word' id='word_1_289' title='bbox 834 3187 995 3237; x_wconf 88' lang='lat' dir='ltr'>concurrant</span> <span class='ocrx_word' id='word_1_290' title='bbox 1011 3185 1067 3236; x_wconf 90' lang='lat' dir='ltr'>loro</span> <span class='ocrx_word' id='word_1_291' title='bbox 1082 3186 1288 3248; x_wconf 62' lang='lat' dir='ltr'>&amp;animatque</span> <span class='ocrx_word' id='word_1_292' title='bbox 1303 3187 1361 3250; x_wconf 76' lang='lat' dir='ltr'>[cro</span> 
     </span>
     <span class='ocr_line' id='line_1_32' title="bbox 270 3259 1362 3323; baseline 0.002 -13"><span class='ocrx_word' id='word_1_293' title='bbox 270 3263 313 3310; x_wconf 85' lang='lat' dir='ltr'>tae</span> <span class='ocrx_word' id='word_1_294' title='bbox 330 3259 520 3311; x_wconf 76' lang='lat' dir='ltr'>crudelitatis.»</span> <span class='ocrx_word' id='word_1_295' title='bbox 547 3263 637 3311; x_wconf 81' lang='lat' dir='ltr'>Senot.</span> <span class='ocrx_word' id='word_1_296' title='bbox 660 3289 686 3298; x_wconf 92' lang='lat'>—</span> <span class='ocrx_word' id='word_1_297' title='bbox 699 3262 796 3312; x_wconf 81' lang='lat' dir='ltr'>AtNo-</span> <span class='ocrx_word' id='word_1_298' title='bbox 833 3261 887 3310; x_wconf 86' lang='lat' dir='ltr'>triu</span> <span class='ocrx_word' id='word_1_299' title='bbox 907 3261 1000 3323; x_wconf 64' lang='lat' dir='ltr'>pomero</span> <span class='ocrx_word' id='word_1_300' title='bbox 1017 3263 1043 3310; x_wconf 85' lang='lat' dir='ltr'>et</span> <span class='ocrx_word' id='word_1_301' title='bbox 1067 3261 1169 3310; x_wconf 77' lang='lat' dir='ltr'>Cornua</span> <span class='ocrx_word' id='word_1_302' title='bbox 1185 3261 1251 3323; x_wconf 84' lang='lat' dir='ltr'>quod</span> <span class='ocrx_word' id='word_1_303' title='bbox 1272 3259 1362 3312; x_wconf 84' lang='lat' dir='ltr'>vincat</span> 
     </span>
     <span class='ocr_line' id='line_1_33' title="bbox 267 3333 1362 3401; baseline -0.001 -16"><span class='ocrx_word' id='word_1_304' title='bbox 267 3336 325 3386; x_wconf 84' lang='lat' dir='ltr'>cius</span> <span class='ocrx_word' id='word_1_305' title='bbox 349 3334 415 3398; x_wconf 81' lang='lat' dir='ltr'>cat]</span> <span class='ocrx_word' id='word_1_306' title='bbox 441 3337 540 3394; x_wconf 82' lang='lat' dir='ltr'>Novius</span> <span class='ocrx_word' id='word_1_307' title='bbox 564 3337 643 3398; x_wconf 77' lang='lat' dir='ltr'>Niger</span> <span class='ocrx_word' id='word_1_308' title='bbox 667 3339 796 3401; x_wconf 88' lang='lat' dir='ltr'>quaestor</span> <span class='ocrx_word' id='word_1_309' title='bbox 829 3335 964 3396; x_wconf 79' lang='lat' dir='ltr'>vincatque</span> <span class='ocrx_word' id='word_1_310' title='bbox 979 3333 1059 3382; x_wconf 74' lang='lat' dir='ltr'>treton.</span> <span class='ocrx_word' id='word_1_311' title='bbox 1080 3360 1108 3372; x_wconf 94' lang='lat'>-</span> <span class='ocrx_word' id='word_1_312' title='bbox 1124 3337 1191 3398; x_wconf 78' lang='lat' dir='ltr'>foro]</span> <span class='ocrx_word' id='word_1_313' title='bbox 1208 3333 1254 3384; x_wconf 90' lang='lat' dir='ltr'>ubi</span> <span class='ocrx_word' id='word_1_314' title='bbox 1273 3335 1362 3386; x_wconf 84' lang='lat' dir='ltr'>habe·</span> 
     </span>
     <span class='ocr_line' id='line_1_34' title="bbox 270 3407 1361 3472; baseline 0.003 -13"><span class='ocrx_word' id='word_1_315' title='bbox 270 3409 376 3459; x_wconf 74' lang='lat' dir='ltr'>truciter</span> <span class='ocrx_word' id='word_1_316' title='bbox 396 3421 421 3457; x_wconf 88' lang='lat' dir='ltr'>a.</span> <span class='ocrx_word' id='word_1_317' title='bbox 439 3422 467 3457; x_wconf 88' lang='lat' dir='ltr'>u.</span> <span class='ocrx_word' id='word_1_318' title='bbox 486 3421 509 3458; x_wconf 87' lang='lat' dir='ltr'>c.</span> <span class='ocrx_word' id='word_1_319' title='bbox 529 3409 596 3470; x_wconf 78' lang='lat' dir='ltr'>aar,</span> <span class='ocrx_word' id='word_1_320' title='bbox 621 3423 704 3471; x_wconf 88' lang='lat' dir='ltr'>quem</span> <span class='ocrx_word' id='word_1_321' title='bbox 726 3422 798 3459; x_wconf 88' lang='lat' dir='ltr'>non·</span> <span class='ocrx_word' id='word_1_322' title='bbox 832 3409 930 3459; x_wconf 86' lang='lat' dir='ltr'>huntur</span> <span class='ocrx_word' id='word_1_323' title='bbox 946 3407 1112 3462; x_wconf 87' lang='lat' dir='ltr'>laudationes</span> <span class='ocrx_word' id='word_1_324' title='bbox 1129 3411 1270 3472; x_wconf 83' lang='lat' dir='ltr'>funebres;</span> <span class='ocrx_word' id='word_1_325' title='bbox 1298 3425 1361 3462; x_wconf 86' lang='lat' dir='ltr'>cre-</span> 
     </span>
     <span class='ocr_line' id='line_1_35' title="bbox 270 3481 1360 3552; baseline 0.006 -20"><span class='ocrx_word' id='word_1_326' title='bbox 270 3481 333 3532; x_wconf 89' lang='lat' dir='ltr'>nulli</span> <span class='ocrx_word' id='word_1_327' title='bbox 349 3481 403 3531; x_wconf 88' lang='lat' dir='ltr'>huc</span> <span class='ocrx_word' id='word_1_328' title='bbox 424 3482 544 3543; x_wconf 88' lang='lat' dir='ltr'>trahunt,</span> <span class='ocrx_word' id='word_1_329' title='bbox 571 3495 636 3533; x_wconf 86' lang='lat' dir='ltr'>sane</span> <span class='ocrx_word' id='word_1_330' title='bbox 653 3482 687 3532; x_wconf 86' lang='lat' dir='ltr'>ab</span> <span class='ocrx_word' id='word_1_331' title='bbox 710 3484 795 3534; x_wconf 86' lang='lat' dir='ltr'>Hora-</span> <span class='ocrx_word' id='word_1_332' title='bbox 833 3482 976 3534; x_wconf 84' lang='lat' dir='ltr'>mabuntur</span> <span class='ocrx_word' id='word_1_333' title='bbox 1009 3487 1106 3536; x_wconf 90' lang='lat' dir='ltr'>mortui</span> <span class='ocrx_word' id='word_1_334' title='bbox 1139 3486 1299 3552; x_wconf 85' lang='lat' dir='ltr'>plerumque</span> <span class='ocrx_word' id='word_1_335' title='bbox 1333 3487 1360 3539; x_wconf 90' lang='lat' dir='ltr'>in</span> 
     </span>
     <span class='ocr_line' id='line_1_36' title="bbox 270 3556 1358 3627; baseline 0.005 -21"><span class='ocrx_word' id='word_1_336' title='bbox 270 3557 341 3607; x_wconf 85' lang='lat' dir='ltr'>tiano</span> <span class='ocrx_word' id='word_1_337' title='bbox 358 3556 480 3608; x_wconf 82' lang='lat' dir='ltr'>diversus</span> <span class='ocrx_word' id='word_1_338' title='bbox 498 3559 547 3608; x_wconf 89' lang='lat' dir='ltr'>est.</span> <span class='ocrx_word' id='word_1_339' title='bbox 583 3559 639 3607; x_wconf 87' lang='lat' dir='ltr'>Hoc</span> <span class='ocrx_word' id='word_1_340' title='bbox 655 3559 745 3609; x_wconf 82' lang='lat' dir='ltr'>autem</span> <span class='ocrx_word' id='word_1_341' title='bbox 757 3559 796 3609; x_wconf 92' lang='lat' dir='ltr'>di·</span> <span class='ocrx_word' id='word_1_342' title='bbox 833 3559 935 3623; x_wconf 83' lang='lat' dir='ltr'>Campo</span> <span class='ocrx_word' id='word_1_343' title='bbox 961 3559 1063 3610; x_wconf 84' lang='lat' dir='ltr'>Martio.</span> <span class='ocrx_word' id='word_1_344' title='bbox 1088 3587 1116 3597; x_wconf 92' lang='lat'><em>-</em></span> <span class='ocrx_word' id='word_1_345' title='bbox 1138 3561 1231 3625; x_wconf 70' lang='lat' dir='ltr'>fumo</span> <span class='ocrx_word' id='word_1_346' title='bbox 1253 3561 1358 3627; x_wconf 65' lang='lat' dir='ltr'>mopso]</span> 
     </span>
     <span class='ocr_line' id='line_1_37' title="bbox 269 3629 1359 3700; baseline 0.007 -20"><span class='ocrx_word' id='word_1_347' title='bbox 269 3632 306 3681; x_wconf 87' lang='lat' dir='ltr'>cit</span> <span class='ocrx_word' id='word_1_348' title='bbox 327 3635 421 3694; x_wconf 84' lang='lat' dir='ltr'>poeta:</span> <span class='ocrx_word' id='word_1_349' title='bbox 450 3633 498 3682; x_wconf 74' lang='lat' dir='ltr'>«lt</span> <span class='ocrx_word' id='word_1_350' title='bbox 518 3643 568 3694; x_wconf 80' lang='lat' dir='ltr'>ego</span> <span class='ocrx_word' id='word_1_351' title='bbox 590 3629 685 3682; x_wconf 88' lang='lat' dir='ltr'>saltem</span> <span class='ocrx_word' id='word_1_352' title='bbox 706 3633 795 3684; x_wconf 89' lang='lat' dir='ltr'>minus</span> <span class='ocrx_word' id='word_1_353' title='bbox 832 3635 875 3684; x_wconf 88' lang='lat' dir='ltr'>Sic</span> <span class='ocrx_word' id='word_1_354' title='bbox 901 3633 1065 3697; x_wconf 82' lang='lat' dir='ltr'>iungendum</span> <span class='ocrx_word' id='word_1_355' title='bbox 1088 3649 1151 3686; x_wconf 89' lang='lat' dir='ltr'>oum</span> <span class='ocrx_word' id='word_1_356' title='bbox 1178 3635 1359 3700; x_wconf 80' lang='lat' dir='ltr'>Ahlemeyero</span> 
     </span>
     <span class='ocr_line' id='line_1_38' title="bbox 270 3704 1358 3776; baseline 0.004 -19"><span class='ocrx_word' id='word_1_357' title='bbox 270 3705 387 3757; x_wconf 87' lang='lat' dir='ltr'>obscuro</span> <span class='ocrx_word' id='word_1_358' title='bbox 403 3704 463 3757; x_wconf 86' lang='lat' dir='ltr'>loco</span> <span class='ocrx_word' id='word_1_359' title='bbox 480 3707 554 3756; x_wconf 86' lang='lat' dir='ltr'>ortus</span> <span class='ocrx_word' id='word_1_360' title='bbox 572 3717 632 3755; x_wconf 89' lang='lat' dir='ltr'>sum</span> <span class='ocrx_word' id='word_1_361' title='bbox 646 3718 728 3769; x_wconf 85' lang='lat' dir='ltr'>quum</span> <span class='ocrx_word' id='word_1_362' title='bbox 744 3709 796 3758; x_wconf 87' lang='lat' dir='ltr'>No-</span> <span class='ocrx_word' id='word_1_363' title='bbox 833 3712 860 3760; x_wconf 84' lang='lat' dir='ltr'>et</span> <span class='ocrx_word' id='word_1_364' title='bbox 885 3708 1023 3770; x_wconf 88' lang='lat' dir='ltr'>Herbstio,</span> <span class='ocrx_word' id='word_1_365' title='bbox 1053 3722 1107 3760; x_wconf 90' lang='lat' dir='ltr'>non</span> <span class='ocrx_word' id='word_1_366' title='bbox 1126 3724 1223 3776; x_wconf 71' lang='lat' dir='ltr'>mopso</span> <span class='ocrx_word' id='word_1_367' title='bbox 1246 3711 1358 3772; x_wconf 72' lang='lat' dir='ltr'>emolit,</span> 
     </span>
     <span class='ocr_line' id='line_1_39' title="bbox 269 3778 1360 3854; baseline 0.006 -23"><span class='ocrx_word' id='word_1_368' title='bbox 269 3782 343 3842; x_wconf 85' lang='lat' dir='ltr'>vius,</span> <span class='ocrx_word' id='word_1_369' title='bbox 370 3778 470 3843; x_wconf 79' lang='lat' dir='ltr'>collega</span> <span class='ocrx_word' id='word_1_370' title='bbox 491 3791 570 3829; x_wconf 89' lang='lat' dir='ltr'>meus</span> <span class='ocrx_word' id='word_1_371' title='bbox 594 3779 621 3829; x_wconf 94' lang='lat' dir='ltr'>in</span> <span class='ocrx_word' id='word_1_372' title='bbox 645 3780 793 3844; x_wconf 73' lang='lat' dir='ltr'>tribunatu,</span> <span class='ocrx_word' id='word_1_373' title='bbox 831 3787 1017 3850; x_wconf 85' lang='lat' dir='ltr'>nequeenim</span> <span class='ocrx_word' id='word_1_374' title='bbox 1042 3788 1109 3849; x_wconf 82' lang='lat' dir='ltr'>quod</span> <span class='ocrx_word' id='word_1_375' title='bbox 1134 3799 1195 3838; x_wconf 88' lang='lat' dir='ltr'>cum</span> <span class='ocrx_word' id='word_1_376' title='bbox 1218 3801 1245 3838; x_wconf 85' lang='lat' dir='ltr'>v.</span> <span class='ocrx_word' id='word_1_377' title='bbox 1262 3801 1360 3854; x_wconf 68' lang='lat' dir='ltr'>mpetu</span> 
     </span>
     <span class='ocr_line' id='line_1_40' title="bbox 270 3852 1360 3926; baseline 0.007 -20"><span class='ocrx_word' id='word_1_378' title='bbox 270 3869 320 3920; x_wconf 78' lang='lat' dir='ltr'>ego</span> <span class='ocrx_word' id='word_1_379' title='bbox 328 3854 466 3906; x_wconf 85' lang='lat' dir='ltr'>libertinus</span> <span class='ocrx_word' id='word_1_380' title='bbox 477 3867 547 3916; x_wconf 87' lang='lat' dir='ltr'>sum,</span> <span class='ocrx_word' id='word_1_381' title='bbox 565 3852 607 3905; x_wconf 89' lang='lat' dir='ltr'>ille</span> <span class='ocrx_word' id='word_1_382' title='bbox 620 3852 793 3907; x_wconf 72' lang='lat' dir='ltr'>libertus.»-</span> <span class='ocrx_word' id='word_1_383' title='bbox 832 3861 895 3911; x_wconf 85' lang='lat' dir='ltr'>satis</span> <span class='ocrx_word' id='word_1_384' title='bbox 913 3862 975 3924; x_wconf 89' lang='lat' dir='ltr'>apte</span> <span class='ocrx_word' id='word_1_385' title='bbox 992 3861 1133 3923; x_wconf 86' lang='lat' dir='ltr'>cohaeret,</span> <span class='ocrx_word' id='word_1_386' title='bbox 1153 3873 1241 3926; x_wconf 88' lang='lat' dir='ltr'>neque</span> <span class='ocrx_word' id='word_1_387' title='bbox 1260 3863 1286 3912; x_wconf 90' lang='lat' dir='ltr'>in</span> <span class='ocrx_word' id='word_1_388' title='bbox 1302 3861 1360 3914; x_wconf 87' lang='lat' dir='ltr'>aliis</span> 
     </span>
     <span class='ocr_line' id='line_1_41' title="bbox 268 3929 1360 4000; baseline 0.006 -20"><span class='ocrx_word' id='word_1_389' title='bbox 268 3931 354 3996; x_wconf 72' lang='lat' dir='ltr'>produ</span> <span class='ocrx_word' id='word_1_390' title='bbox 363 3935 421 3992; x_wconf 78' lang='lat' dir='ltr'>post</span> <span class='ocrx_word' id='word_1_391' title='bbox 433 3941 473 3980; x_wconf 82' lang='lat' dir='ltr'>me</span> <span class='ocrx_word' id='word_1_392' title='bbox 482 3929 548 3980; x_wconf 73' lang='lat' dir='ltr'>udat</span> <span class='ocrx_word' id='word_1_393' title='bbox 558 3929 617 3995; x_wconf 73' lang='lat' dir='ltr'>urio]</span> <span class='ocrx_word' id='word_1_394' title='bbox 630 3943 698 3981; x_wconf 75' lang='lat' dir='ltr'>«unc</span> <span class='ocrx_word' id='word_1_395' title='bbox 710 3932 794 3995; x_wconf 78' lang='lat' dir='ltr'>gradu</span> <span class='ocrx_word' id='word_1_396' title='bbox 832 3936 882 3986; x_wconf 90' lang='lat' dir='ltr'>nisi</span> <span class='ocrx_word' id='word_1_397' title='bbox 898 3937 998 4000; x_wconf 66' lang='lat' dir='ltr'>omnnia</span> <span class='ocrx_word' id='word_1_398' title='bbox 1014 3936 1152 3987; x_wconf 79' lang='lat' dir='ltr'>funeribus</span> <span class='ocrx_word' id='word_1_399' title='bbox 1165 3949 1264 3986; x_wconf 87' lang='lat' dir='ltr'>cornua</span> <span class='ocrx_word' id='word_1_400' title='bbox 1276 3938 1304 3988; x_wconf 88' lang='lat' dir='ltr'>et</span> <span class='ocrx_word' id='word_1_401' title='bbox 1320 3939 1360 3988; x_wconf 86' lang='lat' dir='ltr'>tu·</span> 
     </span>
     <span class='ocr_line' id='line_1_42' title="bbox 270 4005 1359 4068; baseline 0.006 -12"><span class='ocrx_word' id='word_1_402' title='bbox 270 4005 409 4057; x_wconf 85' lang='lat' dir='ltr'>deterioris</span> <span class='ocrx_word' id='word_1_403' title='bbox 422 4007 465 4056; x_wconf 85' lang='lat' dir='ltr'>est</span> <span class='ocrx_word' id='word_1_404' title='bbox 474 4005 665 4068; x_wconf 76' lang='lat' dir='ltr'>condicionis»,</span> <span class='ocrx_word' id='word_1_405' title='bbox 684 4007 799 4059; x_wconf 72' lang='lat' dir='ltr'>transla·</span> <span class='ocrx_word' id='word_1_406' title='bbox 831 4009 883 4060; x_wconf 87' lang='lat' dir='ltr'>bae</span> <span class='ocrx_word' id='word_1_407' title='bbox 906 4009 1112 4061; x_wconf 84' lang='lat' dir='ltr'>adhibebuntur.</span> <span class='ocrx_word' id='word_1_408' title='bbox 1149 4013 1276 4062; x_wconf 85' lang='lat' dir='ltr'>Ceterum</span> <span class='ocrx_word' id='word_1_409' title='bbox 1300 4025 1359 4062; x_wconf 73' lang='grc' dir='ltr'>ηια-</span> 
     </span>
     <span class='ocr_line' id='line_1_43' title="bbox 269 4081 1359 4152; baseline 0.008 -23"><span class='ocrx_word' id='word_1_410' title='bbox 269 4081 341 4130; x_wconf 89' lang='lat' dir='ltr'>tioue</span> <span class='ocrx_word' id='word_1_411' title='bbox 357 4083 463 4146; x_wconf 84' lang='lat' dir='ltr'>sumpta</span> <span class='ocrx_word' id='word_1_412' title='bbox 479 4095 495 4132; x_wconf 85' lang='lat' dir='ltr'>a</span> <span class='ocrx_word' id='word_1_413' title='bbox 512 4081 622 4134; x_wconf 83' lang='lat' dir='ltr'>uadibus</span> <span class='ocrx_word' id='word_1_414' title='bbox 639 4082 745 4152; x_wconf 81' lang='lat' dir='ltr'>theatri.</span> <span class='ocrx_word' id='word_1_415' title='bbox 764 4111 791 4120; x_wconf 92' lang='lat'>—</span> <span class='ocrx_word' id='word_1_416' title='bbox 830 4099 882 4150; x_wconf 73' lang='lat' dir='ltr'>pne</span> <span class='ocrx_word' id='word_1_417' title='bbox 898 4099 989 4136; x_wconf 79' lang='lat' dir='ltr'>souare</span> <span class='ocrx_word' id='word_1_418' title='bbox 1009 4099 1059 4150; x_wconf 91' lang='lat' dir='ltr'>per</span> <span class='ocrx_word' id='word_1_419' title='bbox 1080 4099 1110 4138; x_wconf 89' lang='lat' dir='ltr'>se</span> <span class='ocrx_word' id='word_1_420' title='bbox 1128 4086 1192 4138; x_wconf 87' lang='lat' dir='ltr'>nihil</span> <span class='ocrx_word' id='word_1_421' title='bbox 1215 4085 1298 4138; x_wconf 89' lang='lat' dir='ltr'>habet</span> <span class='ocrx_word' id='word_1_422' title='bbox 1317 4087 1359 4138; x_wconf 88' lang='lat' dir='ltr'>ol·</span> 
     </span>
     <span class='ocr_line' id='line_1_44' title="bbox 269 4155 1360 4224; baseline 0.006 -18"><span class='ocrx_word' id='word_1_423' title='bbox 269 4155 405 4214; x_wconf 86' lang='lat' dir='ltr'>Eiusmodi</span> <span class='ocrx_word' id='word_1_424' title='bbox 422 4157 513 4207; x_wconf 88' lang='lat' dir='ltr'>autern</span> <span class='ocrx_word' id='word_1_425' title='bbox 529 4156 687 4219; x_wconf 82' lang='lat' dir='ltr'>temsefilii,</span> <span class='ocrx_word' id='word_1_426' title='bbox 706 4158 795 4208; x_wconf 90' lang='lat' dir='ltr'>homi·</span> <span class='ocrx_word' id='word_1_427' title='bbox 832 4159 966 4211; x_wconf 85' lang='lat' dir='ltr'>iensiunis.</span> <span class='ocrx_word' id='word_1_428' title='bbox 1003 4159 1078 4210; x_wconf 88' lang='lat' dir='ltr'>Conl.</span> <span class='ocrx_word' id='word_1_429' title='bbox 1097 4162 1151 4211; x_wconf 86' lang='lat' dir='ltr'>Sat.</span> <span class='ocrx_word' id='word_1_430' title='bbox 1171 4162 1198 4223; x_wconf 86' lang='lat' dir='ltr'>t,</span> <span class='ocrx_word' id='word_1_431' title='bbox 1216 4160 1246 4224; x_wconf 85' lang='lat' dir='ltr'>l,</span> <span class='ocrx_word' id='word_1_432' title='bbox 1264 4161 1310 4213; x_wconf 71' lang='lat' dir='ltr'>ld:</span> <span class='ocrx_word' id='word_1_433' title='bbox 1332 4176 1360 4213; x_wconf 77' lang='lat' dir='ltr'>os</span> 
     </span>
     <span class='ocr_line' id='line_1_45' title="bbox 269 4231 1356 4297; baseline 0.006 -18"><span class='ocrx_word' id='word_1_434' title='bbox 269 4241 319 4279; x_wconf 88' lang='lat' dir='ltr'>nes</span> <span class='ocrx_word' id='word_1_435' title='bbox 343 4231 465 4296; x_wconf 87' lang='lat' dir='ltr'>prorupti</span> <span class='ocrx_word' id='word_1_436' title='bbox 488 4232 568 4296; x_wconf 86' lang='lat' dir='ltr'>utque</span> <span class='ocrx_word' id='word_1_437' title='bbox 589 4232 718 4294; x_wconf 84' lang='lat' dir='ltr'>audaces,</span> <span class='ocrx_word' id='word_1_438' title='bbox 745 4233 794 4282; x_wconf 84' lang='lat' dir='ltr'>Su·</span> <span class='ocrx_word' id='word_1_439' title='bbox 830 4234 929 4297; x_wconf 72' lang='lat' dir='ltr'>Mopso</span> <span class='ocrx_word' id='word_1_440' title='bbox 943 4238 1099 4286; x_wconf 61' lang='lat' dir='ltr'>mawron.</span> <span class='ocrx_word' id='word_1_441' title='bbox 1134 4237 1225 4286; x_wconf 87' lang='lat' dir='ltr'>iuven.</span> <span class='ocrx_word' id='word_1_442' title='bbox 1243 4237 1272 4297; x_wconf 79' lang='lat'>7,</span> <span class='ocrx_word' id='word_1_443' title='bbox 1295 4237 1356 4288; x_wconf 82' lang='lat'><strong>⁴⁰8:</strong></span> 
     </span>
     <span class='ocr_line' id='line_1_46' title="bbox 270 4305 1355 4373; baseline 0.004 -15"><span class='ocrx_word' id='word_1_444' title='bbox 270 4318 382 4368; x_wconf 84' lang='lat' dir='ltr'>soraee,</span> <span class='ocrx_word' id='word_1_445' title='bbox 411 4306 535 4358; x_wconf 88' lang='lat' dir='ltr'>Decidius</span> <span class='ocrx_word' id='word_1_446' title='bbox 561 4307 644 4371; x_wconf 81' lang='lat' dir='ltr'>saxa,</span> <span class='ocrx_word' id='word_1_447' title='bbox 671 4305 794 4358; x_wconf 84' lang='lat' dir='ltr'>Volusie-</span> <span class='ocrx_word' id='word_1_448' title='bbox 829 4309 880 4372; x_wconf 75' lang='lat' dir='ltr'>ipsi</span> <span class='ocrx_word' id='word_1_449' title='bbox 901 4321 997 4373; x_wconf 69' lang='lat' dir='ltr'>moeno</span> <span class='ocrx_word' id='word_1_450' title='bbox 1013 4315 1112 4360; x_wconf 77' lang='lat' dir='ltr'>tcnoot.</span> <span class='ocrx_word' id='word_1_451' title='bbox 1147 4309 1202 4360; x_wconf 80' lang='lat' dir='ltr'>Vel.</span> <span class='ocrx_word' id='word_1_452' title='bbox 1222 4309 1307 4362; x_wconf 83' lang='lat' dir='ltr'>Flucc.</span> <span class='ocrx_word' id='word_1_453' title='bbox 1327 4311 1355 4372; x_wconf 87' lang='grc'>3,</span> 
     </span>
    </p>
   </div>
   <div class='ocr_carea' id='block_1_5' title="bbox 0 0 1546 4968">
    <p class='ocr_par' dir='ltr' id='par_1_8' title="bbox 0 0 1546 4968">
     <span class='ocr_line' id='line_1_47' title="bbox 0 0 1546 4968; baseline 0 0"><span class='ocrx_word' id='word_1_454' title='bbox 0 0 1546 4968; x_wconf 95' lang='lat' dir='ltr'> </span> 
     </span>
    </p>
   </div>
  </div>
 </body>
</html>
