3130 4966
607 438 666 489 nin.
686 440 705 488 1.
740 439 808 490 sxr.
828 441 857 491 u.
1233 443 1274 508 37

192 595 291 660 lactat
312 592 475 682 habetque
498 593 621 683 pelam,
646 597 773 684 quaerit
795 617 861 685 quo
884 599 989 686 turpia
1012 599 1103 667 celet.
1239 603 1280 666 85

192 715 333 804 Regibus
355 716 408 784 hie
430 737 500 784 mos
523 727 585 784 est:
609 718 665 786 nbi
687 739 791 808 equos
813 729 1005 796 mereantur,
1038 732 1168 811 opertos

194 838 385 925 inspiciunt,
409 859 470 916 ne,
495 839 522 906 si
545 839 658 918 incise,
681 852 718 906 ut
738 862 853 928 saepe,
878 841 999 910 decora

192 959 275 1026 llolli
298 959 376 1027 iulta
397 960 483 1048 pede
506 971 570 1038 cst,
595 971 775 1050 emptorem
797 963 927 1031 inducat
949 963 1102 1043 hiantem,

191 1081 285 1161 Quod
307 1081 463 1171 pulchrae
484 1081 614 1160 clunes,
639 1082 739 1151 breve
762 1085 852 1173 quod
874 1095 984 1172 caput,
1008 1086 1111 1154 ardua
1134 1090 1251 1156 cervix.

191 1205 260 1272 lloc
282 1203 327 1270 illi
350 1213 455 1272 recte:
478 1224 520 1273 ne
544 1205 690 1294 corporis
713 1206 833 1293 optima
854 1209 975 1296 Lyncei
1237 1213 1279 1278 90

254 1395 295 1446 88.
315 1397 392 1446 cocat
416 1398 508 1446 eontra
530 1394 613 1447 libros
636 1395 782 1457 Bentleius,
809 1396 867 1447 coll.
888 1400 960 1450 Pers.
979 1401 1008 1460 t,
1036 1401 1090 1450 liti.
1113 1429 1139 1437 -
1159 1401 1199 1452 90.
1218 1407 1245 1454 tu

221 1473 335 1534 corporis
350 1497 365 1506 -
381 1497 396 1507 -
414 1471 587 1534 Contemplun
603 1498 617 1509 -
633 1498 648 1508 -
664 1476 760 1534 specics
776 1471 859 1523 Bentl.
882 1474 965 1536 coni,
991 1475 1040 1526 nisi
1062 1475 1134 1538 quod
1158 1477 1242 1528 codd.

222 1544 282 1610 aliq.
303 1546 329 1609 (κ
347 1548 374 1596 et
390 1561 413 1606 φ
431 1543 505 1608 ulier)
525 1545 652 1596 exhibent
673 1547 852 1609 Contenploro.
874 1575 901 1584 -
921 1550 1011 1610 Lyncei
1032 1548 1084 1609 1³ss
1101 1563 1179 1602 «cum
1196 1565 1245 1602 ve-

221 1621 368 1670 tustissimo
390 1619 557 1682 blandinio»,
577 1621 692 1670 Pollierii
713 1624 856 1686 septimus,
882 1623 976 1674 CFMJ:
1001 1626 1104 1686 Lynceis
1119 1639 1140 1677 s.
1160 1627 1245 1677 linceis

220 1695 362 1760 bScdp,Lt.

187 1855 335 1922 lapillisque
356 1857 479 1921 pretiosis
501 1858 560 1922 cepi
584 1871 614 1909 se
637 1860 714 1923 pete-
751 1861 790 1909 «si
807 1859 872 1923 quid
888 1859 991 1910 honesti
1009 1860 1101 1921 iactat,
1120 1863 1276 1914 nontamen

187 1936 269 1981 retur
305 1932 333 1982 ln
361 1945 412 1997 que
439 1931 613 1996 explicatione
642 1947 713 1985 nuuc
750 1935 856 1996 quaerit
872 1935 941 1984 cet.»
962 1960 989 1970 -
1008 1948 1115 1986 mercen
1131 1937 1184 1986 sine
1202 1937 1274 2000 fiscis]

186 2007 393 2070 acquiescimus.
407 2007 650 2059 cerinthuseutem
662 2009 714 2059 llo-
751 2020 863 2072 «corpus
885 2007 980 2059 venale
1007 2010 1064 2060 sine
1091 2009 1222 2062 lenocinio
1248 2014 1276 2062 et

185 2082 244 2130 retii
262 2081 336 2132 idem
353 2081 434 2132 luisse
457 2083 538 2145 atque
556 2081 611 2144 iile,
636 2084 712 2135 culus
750 2085 866 2134 externis
895 2085 1084 2136 ornamentis„
1117 2112 1144 2122 -
1173 2086 1275 2151 honesti]

186 2169 293 2207 amores
311 2154 458 2208 celebravit
474 2155 592 2208 Tibullus
610 2155 666 2208 Lib.
679 2159 710 2220 2,
750 2156 894 2221 «pulchri»,
913 2161 942 2208 ut
958 2158 1029 2221 virg.
1049 2159 1094 2209 Ge.
1108 2159 1139 2222 i,
1158 2160 1220 2210 392:
1243 2162 1275 2210 El

185 2231 210 2281 ἱ.
230 2233 258 2280 et
274 2229 330 2281 Lib.
350 2230 380 2293 l,
399 2231 423 2282 2.
443 2244 515 2296 sqq,
540 2245 595 2282 non
612 2234 709 2297 potest.
749 2245 896 2295 quocunque
920 2233 980 2282 doru
1003 2234 1099 2284 eirenen
1123 2241 1199 2297 captet
1223 2237 1274 2300 epit

186 2307 252 2356 liam
275 2305 447 2357 horatianum
464 2305 588 2358 floruisse
606 2307 712 2358 circiter
747 2307 882 2357 honesturn.

185 2394 210 2430 e.
229 2393 255 2429 u.
275 2393 299 2430 e.
319 2381 376 2430 745.
399 2393 511 2432 neeesse
535 2383 590 2442 est,
617 2379 710 2431 Tibulli
780 2382 869 2433 86-95.
895 2381 1008 2446 ltepibto]
1033 2396 1082 2447 pro
1106 2382 1272 2434 «divitibus»

186 2455 343 2506 Cen'ntbum
368 2469 393 2506 a.
417 2469 444 2505 u.
468 2469 492 2506 c.
517 2455 586 2516 73⁰..
613 2453 711 2519 quibus
749 2482 777 2492 -
801 2456 886 2522 socies]
912 2458 1051 2508 «universe
1075 2457 1195 2522 corporis
1218 2457 1273 2508 lor·

184 2531 237 2580 XV.
261 2531 337 2580 annis
363 2530 413 2582 llos
440 2531 532 2582 uelatis
558 2531 649 2594 utique
674 2529 710 2580 llli
747 2543 817 2580 me.»
837 2559 864 2568 -
889 2531 958 2582 molli
979 2531 1045 2595 solta
1062 2533 1133 2596 pede]
1155 2523 1272 2596 intellige

184 2605 335 2654 transierat.
375 2605 576 2656 commentator
600 2604 709 2670 quidem
747 2619 824 2656 crure
842 2604 975 2656 imbecilla
994 2605 1271 2670 elvitiosasungulss.

184 2681 266 2743 cruq.
284 2678 447 2730 subrustice:
468 2680 626 2732 «Corinthus
643 2680 710 2730 dici·
747 2681 789 2730 Sic
806 2681 927 2744 Xenoph.
946 2679 981 2730 de
998 2693 1027 2730 re
1045 2693 1089 2744 eq.
1109 2681 1136 2741 l,
1155 2680 1180 2730 3.
1200 2693 1274 2732 com·

184 2757 228 2804 tur
244 2753 293 2804 illis
311 2753 477 2819 temporibus
493 2755 575 2806 luisse
587 2753 711 2819 pulcher-
747 2755 857 2806 mendat
879 2755 906 2806 in
929 2756 1006 2818 equis
1030 2758 1133 2817 παχεῖς
1153 2750 1270 2819 ὄνυχας,

183 2830 282 2880 fimum
302 2831 434 2891 scortum,
458 2830 553 2893 insigni
574 2831 710 2895 speciest
745 2832 920 2898 reprehendit
930 2827 1059 2894 λεπτούς.
1093 2832 1204 2895 Oppion.
1217 2834 1272 2895 Cy-

183 2905 328 2954 csndore.»
746 2921 806 2971 neg.
826 2908 856 2968 l,
879 2907 934 2956 ⁴75.
959 2906 986 2956 in
1010 2907 1072 2970 equi
1095 2904 1199 2969 pulchri
1222 2905 1272 2958 dc-

204 2979 297 3031 8i.85.
312 2980 710 3032 Sinecsusainhisvvbuese·
746 2984 903 3048 scriptione:
929 2977 1020 3034 Βωὸν
1045 2976 1117 3052 ὑπὲρ
1141 2976 1270 3052 imprime,

183 3057 245 3104 mut
255 3055 416 3118 interpretes
427 3053 560 3115 nonnulli,
574 3067 637 3106 cum
645 3068 709 3106 sen·
744 3053 889 3128 μετῄορον
917 3050 974 3121 ὕψι
1001 3053 1130 3128 κάρηνον
1155 3050 1270 3126 Ἇεὶροι,

183 3142 230 3179 sus
246 3130 281 3180 sit
297 3129 496 3192 apertissimus:
517 3131 587 3180 «Nec
603 3130 666 3181 iacit
679 3132 709 3181 ut
745 3161 760 3172 -
777 3160 792 3171 -
809 3132 906 3204 lliqpol
927 3131 951 3181 δ’
970 3125 1118 3197 sirtarim,
1144 3127 1272 3196 μυώδεες

184 3203 298 3254 lemiuae
316 3201 434 3266 nobiles,
453 3217 523 3267 quae
541 3205 563 3254 si
576 3205 640 3268 quid
651 3203 709 3270 pul·
745 3205 805 3258 κτλ.
829 3235 854 3244 -
872 3206 984 3270 inducet]
1003 3206 1146 3270 «decipiet,
1174 3203 1271 3256 lullet.»

185 3279 240 3328 clux'
257 3278 372 3340 habent,
397 3279 448 3328 hoc
465 3280 612 3340 ostentent,
631 3282 707 3331 anxie
748 3311 775 3320 -
794 3281 911 3346 hiantem]
934 3281 1103 3346 «cupidum».
1130 3283 1218 3332 Gnoss.
1241 3305 1268 3317 -

184 3357 277 3404 eontra
297 3357 369 3404 artes
392 3354 623 3418 circumspiciunt,
648 3357 709 3419 qui-
746 3359 849 3409 «Cloms
874 3357 939 3408 dixit
963 3358 988 3407 in
1012 3356 1139 3407 feminino
1156 3368 1269 3420 genere,

183 3428 234 3480 bus
251 3441 352 3478 naevos
369 3428 609 3494 membrorumque
621 3429 710 3480 delor-
745 3433 794 3484 sed
815 3431 947 3485 luvenalis
965 3433 1020 3496 (ll,
1039 3431 1111 3494 tot.)
1133 3431 1172 3482 hie
1192 3432 1273 3483 clunis

184 3505 304 3554 mitatem
316 3503 475 3555 occultent.»
494 3503 708 3557 pertimuerim
745 3507 822 3570 dixit,
842 3507 915 3572 quod
933 3509 1082 3558 tenemus.»
1106 3508 1167 3557 hen.
1182 3531 1211 3544 ··
1224 3520 1272 3557 or-

183 3577 708 3644 mmmadvuloctothobelqocper·
745 3584 804 3647 deo]
825 3583 1063 3646 rhochropenclr.
1098 3580 1169 3643 Virg.
1184 3583 1230 3645 Ge.
1243 3581 1269 3642 3,

184 3653 263 3714 tinet,
290 3655 347 3704 tum
373 3652 408 3702 ud
432 3667 457 3704 v.
476 3655 583 3716 quaerit.
620 3655 708 3704 «Con—
745 3658 786 3708 79.
806 3657 840 3708 de
858 3670 942 3720 equo:
960 3657 1000 3707 llll
1016 3656 1101 3706 morto
1117 3655 1205 3704 ceroto
1220 3655 1271 3704 Ar-

183 3728 280 3777 iunetio
292 3729 383 3778 eutem
394 3727 533 3792 utriusque
542 3729 705 3780 sententiae»
744 3736 881 3796 precumque
897 3736 987 3794 copul,
1006 3729 1086 3780 breuis
1100 3727 1173 3778 aloto
1183 3728 1272 3778 obeso-

183 3803 212 3850 ut
233 3801 329 3852 blandii
349 3801 440 3852 verbis
462 3803 570 3853 utamur
591 3804 667 3854 Turs.
685 3805 705 3853 l.
745 3820 792 3870 que
814 3812 903 3871 torpa,
929 3805 1106 3866 lusoremque
1128 3803 1191 3852 loris
1213 3803 1272 3853 oni-

182 3876 409 3939 peccamen,
429 3890 481 3941 qua
494 3876 619 3928 duceres
632 3891 708 3930 ceus-
744 3895 841 3932 moneri
858 3887 953 3944 pono.
974 3907 1001 3917 -
1020 3892 1052 3928 nc
1073 3878 1186 3940 corporis
1209 3877 1271 3943 cet]

182 3963 227 4001 see
244 3949 288 4001 vel
305 3951 414 4002 milonis
432 3966 502 4002 nexu
514 3954 550 4004 its
562 3953 708 4004 cohaeren-
746 3956 804 4006 «Sic
821 3955 873 4006 noli
892 3959 920 4006 tu
937 3955 1034 4005 acriter
1048 3950 1222 4017 contemplari
1233 3954 1272 4002 et-

182 4027 235 4086 tes,
257 4027 288 4076 ut
307 4027 334 4077 iu
356 4039 389 4078 eo
406 4025 564 4090 explicando
585 4026 706 4078 adhiberi
745 4043 798 4095 que
819 4029 961 4089 admirari,
988 4041 1058 4092 quae
1075 4026 1186 4092 pulchre
1209 4030 1272 4078 sunt

180 4101 265 4165 possit
286 4099 329 4151 vel
346 4113 424 4162 quom
444 4099 486 4152 vel
509 4103 530 4152 si
553 4101 605 4165 [vel
626 4103 705 4165 euml,
745 4105 770 4154 in
784 4103 904 4166 muliere,
924 4103 1059 4154 caecutire
1071 4103 1097 4153 in
1109 4103 1154 4164 iis,
1174 4099 1272 4166 quibu's

182 4187 269 4238 ecquo
283 4173 343 4226 loco
355 4177 383 4226 et
393 4175 425 4227 ἐκ
437 4173 621 4246 παραλλήλου
634 4191 708 4228 com·
744 4178 873 4229 delormis
891 4178 958 4229 est.»
979 4203 1006 4214 -
1025 4177 1125 4241 immet]
1143 4177 1172 4226 ut
1188 4177 1274 4226 Achil·

180 4251 342 4313 ponuntur.»
372 4252 461 4302 Lectio
474 4252 538 4302 cod.
552 4251 647 4314 Goell,
662 4254 706 4316 qui
743 4253 789 4314 lei,
811 4253 880 4303 Oilei.
905 4250 979 4302 Pind.
993 4252 1069 4304 Nem.
1085 4251 1128 4312 lo,
1148 4251 1193 4300 62:
1213 4252 1271 4302 uel-

181 4338 205 4374 r.
225 4329 259 4376 cst
276 4327 385 4389 omittit,
404 4329 439 4378 ila
452 4327 606 4393 explicanda
620 4331 704 4380 esset:
724 4342 726 4372 ι
744 4341 796 4378 νου
808 4323 863 4397 γὰρ
875 4325 1049 4387 ἐπιχθονίων
1061 4321 1175 4376 πάντων
1186 4319 1271 4391 γένετ’
