3130 4966
292 417 333 482 32
672 421 801 472 uouaru
818 419 999 474 sanmuuu

292 576 401 643 Tutior
422 586 454 642 at
475 585 595 664 quanto
618 596 708 644 merx
730 578 833 644 estin
856 577 961 648 classe
985 577 1143 656 secunda,

293 697 529 766 Libertinarum
551 699 639 776 dico,
664 697 823 766 Salustius
846 700 878 764 in
901 720 984 787 quas

292 821 361 886 Non
384 821 490 886 minus
514 820 643 898 insanit,
668 841 766 909 quarn
789 821 844 908 qui
867 819 1065 888 moechatur.
1110 825 1149 888 At
1171 821 1222 890 bic
1243 825 1287 898 si,

293 943 364 1021 Qua
386 962 453 1018 res,
477 963 542 1030 qua
564 943 644 1008 ratio
666 942 821 1010 suaderet
848 961 980 1031 quaque
1001 942 1148 1011 modeste
1339 947 1381 1010 50

293 1063 442 1132 llunilico
465 1084 539 1132 esse
561 1063 650 1142 licet,
674 1063 771 1132 vellet
792 1064 898 1132 bonus
920 1075 1017 1154 atque
1040 1067 1199 1155 benignus

293 1186 389 1262 Esse,
412 1185 505 1254 daret
525 1195 681 1276 quantum
703 1187 781 1254 satis
803 1199 973 1256 essetnec
995 1187 1058 1256 sibi
1081 1189 1199 1256 damno

293 1307 521 1397 Dedecorique
542 1309 633 1376 ioret.
677 1311 796 1376 Vemm
818 1308 880 1376 boc
901 1329 938 1376 se
961 1307 1165 1412 amplectitur
1185 1331 1265 1388 uuo,

294 1430 363 1497 lloc
384 1439 470 1498 amat
491 1441 524 1497 et
544 1429 669 1498 laudat:
692 1430 869 1518 llatronam
891 1428 1012 1498 nullam
1034 1451 1095 1520 ego
1118 1441 1224 1521 tango.

359 1601 400 1653 ta.
414 1601 540 1652 Sdmtioa
549 1600 597 1652 ud.
614 1629 642 1639 -
654 1602 681 1652 io
692 1615 744 1664 poc
755 1615 788 1652 ex
800 1601 865 1652 Cod.
878 1601 959 1666 Regio
969 1600 1113 1654 Bentleius.
1128 1603 1168 1666 (ut
1178 1616 1240 1666 uos,
1254 1616 1349 1658 omnes

327 1678 381 1728 mei
398 1679 426 1728 et
437 1677 571 1740 Pottierii.)
591 1701 619 1713 -
639 1676 680 1728 te.
697 1677 733 1742 ot]
750 1681 779 1728 ut
796 1689 811 1727 c
829 1679 857 1728 et
872 1689 912 1741 pr.
931 1675 965 1738 b,
985 1679 1014 1728 ut
1026 1677 1092 1728 Cod.
1106 1679 1199 1730 Grues.
1214 1675 1250 1742 ld)
1263 1683 1291 1730 et
1307 1693 1347 1743 pr.

325 1767 344 1801 κ
361 1751 439 1816 prob.
458 1749 586 1804 Bentleio.
607 1777 634 1788 -
648 1753 670 1803 ai
685 1753 718 1802 ait
732 1753 761 1804 B.
775 1778 805 1788 -
817 1752 858 1803 ot.
871 1751 1019 1817 Marciacum
1035 1766 1062 1816 p,
1080 1751 1200 1817 laetifico
1211 1765 1347 1817 superscr.

325 1840 369 1877 mn
385 1827 419 1887 b,
437 1827 584 1892 Muniticum
595 1839 757 1892 superscr.o
775 1841 799 1878 c.
817 1827 1005 1878 accusativum
1023 1840 1056 1878 ex
1072 1827 1190 1892 quinque
1209 1827 1294 1878 codd.
1309 1841 1351 1878 re·

325 1903 398 1966 cepit
414 1903 561 1954 Pottierius.
576 1927 604 1939 -
618 1901 660 1953 ti.
673 1903 719 1952 boc
729 1903 818 1954 loodm
834 1903 860 1965 S,
879 1916 949 1953 corr.
963 1902 981 1953 d
993 1903 1046 1966 (boc
1056 1909 1080 1953 et
1096 1903 1185 1954 toedet
1198 1916 1238 1967 pr.
1252 1903 1289 1966 d),
1309 1905 1349 1954 tc

326 1979 354 2026 et
371 1987 404 2027 ex
420 1975 527 2027 duobus
544 1977 693 2027 Pettierius.
730 1977 770 2040 (ut
786 1989 849 2040 nos,
867 1977 960 2043 Bbcp.)

293 2121 322 2167 ot
338 2115 821 2180 odrdtmoodeptobmaenoiptotito-
857 2117 884 2166 tr.
902 2115 920 2166 l.
933 2114 1104 2180 adolescens,
1122 2118 1152 2167 ut
1163 2117 1239 2168 eraut
1250 2115 1381 2182 plerique,

293 2192 331 2241 ria
346 2191 493 2240 ammodo
508 2191 603 2240 uicinos
613 2191 720 2240 retinere
737 2191 818 2240 liccat.
857 2203 925 2255 quos
947 2205 996 2255 par
1021 2193 1126 2256 priores
1147 2192 1243 2242 satiras
1263 2190 1381 2252 vellicat,

294 2291 309 2304 ·
324 2293 340 2304 -
356 2265 441 2315 Occiso
462 2264 577 2316 adultam
596 2265 720 2316 dimittere
735 2266 820 2315 statio
857 2267 986 2318 insanisse
1014 2267 1041 2318 ln
1069 2264 1223 2327 libertinas,
1258 2279 1383 2330 magnam

293 2342 403 2392 mmitoa
418 2340 486 2390 debet
501 2353 617 2390 ιυιονοιιι.
635 2367 651 2377 -
666 2367 681 2377 -
697 2341 822 2390 idolum
857 2342 999 2406 pecuniam
1017 2342 1044 2392 in
1061 2353 1108 2392 eas
1124 2342 1314 2406 insumpsisse,
1341 2343 1384 2394 di·

293 2417 356 2467 citis
368 2417 480 2480 porilut
495 2413 660 2479 mulieribus)
674 2415 821 2466 inimatum
857 2417 933 2467 citur.
973 2414 1116 2467 Paldamus
1139 2415 1250 2480 quidem
1273 2431 1322 2482 pro
1339 2419 1384 2468 bi-

293 2493 445 2556 relepotiooe
464 2491 595 2542 mmmmm
618 2495 718 2552 partem
743 2490 821 2540 boco-
856 2491 956 2542 storieo
973 2489 1064 2551 babet,
1083 2491 1144 2554 quia
1156 2491 1285 2543 Salustius
1296 2493 1385 2545 minor

293 2581 353 2618 mm
368 2567 466 2630 autori
477 2565 539 2628 cet.)
573 2565 695 2616 Servium
709 2564 819 2616 Galbam
857 2567 936 2616 uatus
961 2565 995 2616 sit
1020 2578 1073 2616 nou
1094 2567 1157 2616 aute
1179 2579 1204 2616 a.
1227 2578 1254 2616 u.
1276 2579 1301 2616 c.
1324 2565 1382 2616 too.

295 2642 475 2705 iurisperitum
500 2643 597 2691 vocant
621 2641 769 2706 Porphyrio
794 2643 822 2692 et
857 2643 935 2694 Teste
953 2641 1042 2692 Tacito
1060 2654 1085 2691 a.
1103 2654 1130 2691 u.
1146 2654 1170 2691 c.
1189 2640 1246 2691 773.
1261 2645 1384 2702 prouecta

294 2717 501 2780 commemo.
530 2713 578 2765 atti
594 2728 644 2779 pro
659 2728 692 2766 eo
709 2714 819 2777 habeut,
857 2720 939 2768 aetate
955 2717 1077 2768 mortuus
1095 2718 1151 2775 est;
1170 2716 1192 2767 si
1210 2727 1294 2780 prope
1311 2717 1384 2767 octo-

294 2791 370 2842 cuius
379 2791 421 2841 est
431 2787 541 2854 epistola
550 2789 622 2854 apud
634 2790 689 2840 Cic.
699 2790 734 2841 ad
747 2790 819 2840 Fam.
858 2792 995 2856 panarius,
1014 2804 1038 2841 a.
1058 2803 1085 2841 u.
1104 2803 1128 2841 c.
1141 2789 1262 2842 tlt-7⁴3.
1282 2791 1335 2840 iam
1347 2789 1384 2840 vi·

294 2867 335 2928 id,
349 2865 389 2916 30.
408 2863 575 2916 probabilius
586 2865 725 2916 weicheri
736 2866 819 2916 Lecti.
857 2865 981 2917 canarius
994 2867 1054 2916 erat
1069 2865 1192 2930 adeoque
1210 2863 1326 2916 insanire
1336 2877 1385 2929 po-

294 2941 360 2990 Ven.
378 2941 403 2990 2.
422 2954 448 3004 p.
468 2941 508 2990 li.
527 2952 576 3004 pro
588 2941 618 2991 Α.
632 2938 727 3002 Galba,
740 2940 821 2990 Octa·
858 2944 928 2994 terat
951 2941 977 2992 in
1003 2939 1196 2994 meretriculas.
1235 2939 1383 2992 ilistoricua

294 3016 365 3066 uiant
377 3027 479 3066 scurra.
499 3013 612 3076 (Quintil.
626 3015 655 3075 6,
674 3014 698 3076 3,
717 3014 758 3065 27.
777 3015 818 3064 62.
857 3020 948 3070 autem
966 3020 1043 3069 natus
1060 3031 1085 3068 a.
1104 3030 1130 3067 u.
1149 3029 1174 3066 c.
1190 3015 1248 3066 668.
1267 3015 1384 3066 decessit

294 3089 336 3142 et.
355 3089 397 3140 66.
412 3089 453 3140 90.
473 3091 564 3140 luveu.
577 3091 606 3152 o,
625 3088 650 3140 l.
669 3087 778 3140 Martial.
793 3088 817 3148 l.
858 3106 882 3144 a.
903 3107 928 3144 u.
948 3106 972 3143 c.
991 3092 1059 3154 tte..
1078 3089 1146 3142 adeo
1164 3092 1193 3140 ut
1210 3091 1285 3141 iocus
1297 3091 1383 3141 Hora-

294 3164 341 3228 l2,
354 3164 395 3215 46.
409 3165 455 3224 to,
467 3164 534 3227 tiit.)
550 3164 603 3215 Cir.
616 3163 820 3215 Wiuclralmauu
858 3169 944 3220 uanus
956 3166 998 3218 vel
1015 3169 1158 3231 propterea
1175 3166 1265 3216 minus
1281 3165 1307 3215 in
1319 3177 1383 3216 eum

294 3240 329 3290 ad
346 3237 413 3290 Plut.
432 3239 503 3289 Erot.
521 3251 548 3302 p.
567 3237 636 3300 ⁴8t.‚
654 3239 701 3290 ubi
717 3253 744 3305 p.
761 3239 818 3290 760.
857 3243 980 3307 quadret.
997 3269 1024 3280 -
1037 3242 1069 3291 At
1084 3241 1132 3305 bic]
1145 3241 1193 3291 «At
1209 3240 1254 3292 hic
1269 3240 1327 3304 ipae
1338 3241 1385 3290 Sa·

294 3317 325 3367 A.
343 3315 509 3366 memoretur
531 3308 666 3376 Κάββας,
690 3312 724 3364 al.
743 3309 821 3364 Κάλ-
856 3317 964 3379 lustius‚
982 3318 1005 3367 si
1022 3314 1102 3366 vellet
1118 3327 1167 3378 pro
1185 3327 1215 3364 re
1227 3326 1276 3363 sua
1288 3312 1384 3366 laruili-

294 3389 366 3454 βας,
384 3385 577 3456 γελωτοποιός
594 3390 705 3453 eiusque
723 3389 820 3440 locatio
857 3393 897 3442 ari
914 3395 941 3442 et
956 3392 986 3440 ut
998 3388 1072 3440 iubet
1083 3390 1150 3440 ratio
1167 3387 1310 3440 munificus
1322 3401 1383 3440 esse

295 3478 359 3518 oum
376 3465 539 3516 Maecenate.
857 3469 884 3518 iu
901 3466 1002 3517 amicos
1020 3466 1128 3528 inopes,
1147 3463 1274 3514 meritum
1296 3465 1384 3516 bono-

328 3537 417 3591 taut.
441 3539 468 3588 io
489 3537 567 3589 cium
582 3537 699 3603 muodo]
717 3538 820 3590 Festive
857 3553 915 3592 rern
928 3540 979 3591 sibi
990 3540 1111 3603 pareret,
1130 3539 1194 3602 quin
1206 3537 1304 3590 eodem
1317 3541 1384 3590 tem·

295 3615 444 3667 institutum
461 3611 524 3664 illud
541 3615 598 3665 Ser.
611 3612 698 3675 Tullii,
717 3626 749 3663 ex
766 3625 820 3676 quo
857 3629 923 3680 pore
945 3615 1026 3666 etiam
1051 3610 1194 3674 libertinis,
1222 3612 1384 3677 quibuscum

295 3688 409 3755 populus
426 3691 561 3740 Romanus
578 3689 604 3740 in
617 3689 649 3739 V.
663 3687 763 3740 classes
775 3687 822 3738 de·
857 3690 1010 3749 consuevit,
1040 3690 1171 3752 quantum
1195 3687 1295 3740 sufficit
1318 3687 1383 3738 dare

295 3765 411 3829 scriptus
429 3765 500 3824 erat,
526 3763 561 3814 ad
577 3761 714 3814 libertinas
732 3765 821 3813 traus—
857 3767 960 3830 posset,
980 3767 1140 3814 nontamen
1158 3761 1237 3814 donis
1253 3776 1300 3814 eas
1317 3776 1384 3814 one-

295 3841 355 3892 iert.
377 3868 403 3877 -
422 3839 554 3905 Soturtim]
580 3837 757 3890 Probabiliter
779 3839 822 3888 est
857 3852 933 3899 rans;
959 3852 1054 3889 verum
1080 3839 1147 3888 mira
1171 3837 1279 3890 stultitia
1301 3837 1385 3890 abre·

296 3928 380 3980 nepos
397 3916 497 3966 sororis
518 3912 622 3965 Salustii
645 3911 764 3964 historici
785 3913 820 3962 ab
857 3917 928 3981 ptus,
942 3927 995 3978 qua
1006 3927 1118 3979 prorsus
1129 3911 1271 3964 ridiculum
1282 3926 1312 3964 se
1324 3911 1386 3963 red·

295 3993 347 4042 boc
373 3991 526 4055 adoptatus,
554 3989 588 4040 ad
614 4001 695 4052 quern
714 3987 822 4038 circiter
858 3989 909 4052 dit,
936 3987 1017 4040 veluti
1042 3989 1139 4042 virtute
1165 4001 1213 4040 sua
1237 3986 1384 4052 gloriatur,

295 4065 349 4117 XV.
368 4065 444 4116 annis
466 4067 528 4129 post
546 4065 653 4128 scripsit
674 4061 722 4112 Od.
741 4063 772 4124 2,
794 4063 819 4114 ἱ.
858 4065 931 4129 quod
942 4067 1093 4115 matronam
1103 4061 1203 4116 nullam
1215 4063 1385 4128 corrumpat»

296 4141 334 4192 De
352 4139 505 4192 eocousule
523 4139 684 4190 Tacitdun.
699 4139 727 4199 t,
746 4138 771 4187 6.
790 4137 819 4200 3,
859 4139 909 4189 cet.
953 4139 1107 4189 tectionem
1131 4143 1160 4188 ιιι
1183 4135 1318 4188 Bentleius
1345 4137 1385 4188 elo

296 4215 337 4266 30.
365 4217 421 4266 Fuit
441 4217 501 4280 post
523 4214 683 4266 Maecenatis
704 4214 820 4264 mortem
859 4210 986 4276 explicat:
1006 4213 1084 4262 «adeo
1100 4217 1141 4274 ot,
1159 4214 1182 4262 ai
1197 4211 1286 4274 codd,
1309 4217 1384 4264 matt·

297 4292 431 4355 particeps
453 4291 619 4341 secretorum
641 4288 760 4352 augurati.
796 4289 821 4338 ls
858 4289 910 4338 cet.
931 4313 959 4324 -
978 4283 1106 4352 Huoittoo]
1131 4287 1221 4338 Lectio
1237 4287 1385 4351 almificum
