3082 4968
604 397 665 446 tm.
684 399 703 446 t.
740 399 807 448 sar.
827 399 857 448 v,
1236 397 1277 462 37

231 555 429 641 Exspectans
451 553 595 623 comites.
639 554 706 619 lam
728 574 791 619 nox
814 553 968 622 inducere
992 565 1085 622 terris

229 674 365 742 Umbras
387 683 419 740 et
442 673 534 741 caelo
557 674 740 742 diffundere
765 676 856 764 signa
877 676 1030 764 parabat3
1236 679 1278 743 tc

231 801 310 864 Tum
332 797 426 884 pueri
449 797 571 871 nautis,
599 797 709 884 pueris
732 797 879 865 convicia
901 808 1019 866 nautae

228 920 388 1006 ingerere.
432 919 503 985 Huc
525 916 738 1006 appellet...
762 921 935 987 Trecentos
958 922 1088 988 inseris:
1112 921 1174 988 olio

230 1042 297 1106 lam
318 1039 396 1106 satis
419 1039 483 1107 estl
509 1041 594 1106 Dum
615 1060 673 1106 aes
695 1041 847 1127 exigitur,
871 1041 948 1108 dum
971 1042 1058 1110 mula
1080 1042 1208 1131 ligatur,

230 1163 307 1228 Tota
328 1161 395 1228 abit
415 1161 504 1228 hora.
551 1160 623 1228 liali
647 1161 767 1229 culices
791 1183 956 1251 ranaeque
979 1163 1140 1252 palustres

255 1315 477 1380 mmmm

186 1436 331 1500 deterritae]
351 1435 588 1500 «proptervioinee
600 1432 712 1499 paludes
750 1436 893 1487 commode
912 1439 1004 1502 reponi
1021 1439 1138 1502 possint;
1158 1439 1200 1489 bio
1213 1453 1275 1490 oum

186 1513 340 1576 Pomptinas
358 1511 445 1560 minus
461 1523 529 1574 pure
546 1523 578 1560 ac
595 1508 657 1560 mali
668 1521 713 1560 sa·
751 1510 872 1582 pppellit,
895 1525 947 1563 non
967 1515 1024 1564 sine
1042 1514 1130 1564 taedio
1146 1515 1275 1564 maiorem

184 1586 286 1650 poris.»
312 1585 403 1635 Lectio
420 1585 549 1634 teter-m
564 1581 674 1634 Bentleii
686 1586 714 1632 et
750 1598 832 1649 quam
857 1599 906 1650 pro
928 1587 1021 1649 naulo,
1049 1588 1121 1653 quod
1146 1589 1276 1652 depactus

185 1657 332 1709 Heindoriii
349 1657 376 1706 b.
395 1656 412 1707 Ι.
426 1669 485 1708 rem
498 1657 577 1708 nimis
597 1670 713 1721 exagge-
751 1663 821 1722 erat,
844 1674 903 1712 esse
921 1675 1065 1713 numerum
1082 1675 1176 1714 eortun
1193 1663 1274 1722 videt,

185 1736 235 1784 rat.
256 1757 284 1770 -
302 1733 384 1784 ceum
400 1732 484 1782 indico
500 1731 598 1796 bellun]
620 1731 710 1782 lulian.
750 1735 910 1798 quinarem
928 1738 1100 1787 conscensum·
1118 1739 1206 1797 erant,
1225 1737 1276 1786 do-

184 1809 279 1871 liisop.
298 1819 325 1870 p.
342 1805 390 1856 340
407 1807 463 1869 Sp:
482 1801 560 1872 δεινὴ
578 1804 610 1857 δέ
626 1821 669 1870 τις
680 1805 713 1858 ἐκ
749 1809 837 1860 minos
854 1812 917 1873 puta
935 1809 1074 1876 permultis
1092 1824 1153 1862 cum
1174 1811 1274 1875 pueris,

184 1880 340 1952 παιδαρίου
356 1895 394 1946 με
405 1881 455 1932 καὶ
471 1875 598 1946 ἀνόητος
614 1875 712 1946 ἀπάτη
750 1884 821 1934 unde
839 1869 1008 1936 stolnaehose
1030 1885 1157 1935 Trecentos
1172 1885 1275 1944 imm,

184 1951 377 2027 προλαβοῦσα
398 1951 433 2027 τῇ
456 1955 559 2026 γαστρὶ
577 1954 713 2022 πολεμεῖν
751 1958 787 2022 (id
804 1961 859 2010 est:
887 1961 977 2011 «usne
997 1959 1201 2023 ingerantur‘lnl
1226 1960 1273 2020 ait,

182 2027 308 2083 ἔπεισεν.
327 2031 381 2082 Cio.
395 2031 461 2082 Cato
473 2031 534 2081 mai.
549 2030 596 2091 tt,
614 2030 659 2082 te:
682 2045 714 2083 ae
750 2035 824 2084 cet.»
867 2034 909 2083 Sic
934 2037 964 2084 ut
989 2033 1153 2098 explicemus
1178 2032 1277 2083 iaciunt

183 2107 290 2157 einaim
299 2105 389 2155 belim
403 2105 525 2155 iudiciuae
537 2106 627 2156 uideor
640 2107 713 2158 volc-
750 2121 793 2158 vv.
812 2107 925 2158 omenta
942 2111 1004 2169 cet,
1023 2109 1116 2158 mutua
1133 2107 1216 2171 iurgia
1234 2107 1275 2156 in-

180 2181 250 2244 praet
261 2180 295 2242 (in
313 2179 420 2243 potione
436 2181 464 2230 et
478 2177 539 2230 cibo
553 2180 710 2244 sumendis).
751 2185 792 2233 ter
808 2185 902 2233 nautae
920 2185 947 2233 et
964 2195 1071 2247 pueros.
1106 2181 1154 2232 Alii
1171 2195 1214 2232 vv.
1228 2187 1277 2232 tre·

186 2281 215 2292 -
231 2255 302 2304 baud
321 2253 406 2307 oetaeo
417 2253 507 2318 meru]
528 2254 712 2318 «impatienter
749 2263 832 2308 oeatm
848 2259 899 2308 cet.
919 2257 1040 2308 tribuunt
1056 2257 1145 2308 eidem
1156 2255 1272 2317 servulo,

184 2331 267 2393 atque
285 2326 333 2380 illis
350 2327 547 2392 propemodum
564 2329 712 2380 inridens.»
750 2331 797 2395 qui
821 2329 896 2380 dicit:
928 2331 997 2380 «Huc
1022 2333 1130 2394 oppam
1158 2330 1206 2391 ibi,
1228 2330 1275 2380 ubi

186 2431 214 2442 -
233 2405 390 2466 Empectone
400 2403 508 2468 cmiter]
527 2405 710 2468 «exspectans,
751 2416 822 2455 nuno
844 2417 887 2466 es,
913 2409 1034 2456 trecentos
1057 2406 1157 2466 inseris,
1185 2405 1275 2469 prius·

185 2479 274 2531 donec
292 2491 407 2538 omnes,
420 2479 465 2548 qui
483 2476 534 2528 sub
551 2479 625 2529 idem
642 2481 713 2530 wm-
750 2493 831 2545 quam
848 2493 896 2530 uos
913 2481 1024 2544 recipis,
1051 2480 1173 2543 adeoque
1197 2477 1275 2530 nobis

184 2565 235 2618 pus
247 2554 345 2604 Forum
358 2554 434 2618 Appii
451 2554 632 2617 pervenerant
643 2567 712 2604 una-
749 2555 788 2606 sie
807 2556 931 2606 coartatis
952 2555 1004 2605 iter
1027 2555 1104 2605 nimis
1126 2555 1275 2604 incommo-

184 2641 239 2692 que
250 2626 359 2677 lintrem
368 2627 634 2688 conscensurierant,
647 2641 712 2679 coe-
749 2629 814 2680 dum
832 2631 911 2688 eritp»
929 2642 982 2693 qua
1000 2629 1026 2679 in
1042 2628 1145 2679 ratione
1162 2626 1275 2692 probata

185 2703 322 2752 cessent.»
361 2703 459 2753 Comes
483 2702 582 2752 Horatii
603 2703 711 2767 proprie
749 2705 916 2754 eDtintzero
935 2708 1055 2754 umentes
1075 2700 1274 2766 intelligendum

183 2789 255 2828 unus
278 2774 438 2826 Heliodorus
459 2775 508 2826 luit
529 2787 592 2826 cum
612 2777 712 2826 utrius-
749 2779 800 2829 erit
810 2778 844 2829 de
853 2777 909 2830 aliis
920 2779 1029 2842 praeter
1041 2778 1177 2828 Horatium
1190 2776 1275 2828 lielio-

184 2863 238 2915 que
256 2848 377 2901 servulis.
413 2849 466 2900 Sed
487 2848 531 2902 alii
547 2849 637 2914 plures
658 2851 710 2902 iem
749 2853 899 2917 durumque
911 2852 1026 2904 dominis
1037 2853 1188 2914 horumque
1201 2863 1276 2900 man-

183 2925 265 2976 iuturi
282 2927 359 2975 eraut
374 2925 474 2976 itineris
491 2925 557 2976 socii
573 2938 660 2989 usque
676 2925 711 2976 ed
749 2928 835 2992 cipiis;
860 2926 903 2977 alii
920 2927 1036 2990 denique
1052 2927 1147 2976 viatori
1166 2927 1276 2989 praeter

185 3000 323 3050 Feroniae.
748 2999 1226 3054 servulum:nostrainrationeuauta
1236 3001 1276 3049 tot

218 3073 290 3124 e-te.
317 3074 372 3124 loen
387 3073 620 3136 nom-perator]
642 3073 710 3124 Ver·
749 3074 901 3126 hominibus
910 3075 1016 3125 insertis
1024 3073 1109 3125 lintris
1118 3087 1186 3124 onus
1196 3073 1275 3124 nimis

183 3159 232 3199 sue
248 3147 362 3208 beroiei,
382 3147 493 3198 tortasse
513 3161 546 3198 ex
562 3149 646 3198 Ennio
664 3161 711 3198 ex·
748 3150 839 3214 augeri
868 3150 956 3212 itaque
984 3146 1187 3199 laboriosiorem
1217 3148 1273 3197 iore

183 3223 284 3288 pressi,
304 3220 427 3285 qualibus
438 3223 465 3272 ia
478 3220 647 3294 παρῳδίαις,
661 3223 712 3273 etsi
748 3223 944 3287 navigationem
971 3222 1099 3285 queritur.
1147 3222 1178 3271 Et
1209 3233 1275 3272 sene

184 3300 265 3360 negat
291 3298 441 3348 Ditntzerus
466 3310 492 3361 p.
518 3299 587 3358 ⁴39,
614 3311 710 3361 magna
749 3299 794 3363 qui
814 3297 923 3348 clamet:
955 3297 1024 3346 «Huc
1048 3296 1144 3358 appelle
1168 3293 1275 3346 lintrem

183 3373 280 3423 barum
298 3372 445 3422 Satirarum
460 3374 544 3424 virtus
559 3375 610 3424 sita
627 3376 710 3424 erat.»
749 3376 901 3425 etiamnunc
912 3383 1040 3422 vacuam»
1053 3369 1139 3436 (aliter
1150 3371 1222 3421 enim
1234 3372 1275 3421 in-

186 3446 307 3510 -eipea]
326 3449 444 3508 «aetram
463 3449 492 3497 ut
509 3447 556 3498 Od.
575 3449 600 3509 T,
619 3448 645 3509 8,
665 3449 709 3498 id:
749 3449 826 3512 telligi
851 3447 973 3512 nequit),
1003 3460 1058 3497 non
1080 3445 1158 3497 simul
1184 3445 1274 3496 dicere

183 3521 316 3571 mutante
339 3521 419 3572 coelia
442 3522 531 3586 Sipia.
562 3551 590 3560 -
616 3523 710 3587 mutis]
748 3525 852 3588 potest:
879 3523 1006 3572 Timentes
1022 3523 1124 3582 inserts,
1144 3521 1170 3571 id
1188 3527 1272 3580 esset,

184 3595 278 3656 Fossa,
298 3609 332 3646 ex
349 3595 506 3660 Nymphaeo
518 3600 545 3648 et
560 3597 651 3650 Utente
663 3597 712 3647 ilu-
750 3597 929 3648 «inseruisti»
971 3597 1079 3646 Trecenti
1107 3597 1215 3656 autem,
1246 3598 1275 3644 ut

183 3670 301 3722 minibus
322 3683 421 3735 aquam
438 3671 587 3736 accipiens,
616 3673 711 3723 iudea
748 3673 870 3732 sementi,
898 3671 932 3722 de
950 3683 1046 3734 magno
1070 3682 1191 3719 numero.
1222 3669 1275 3719 Ca·

183 3745 251 3795 Foro
273 3745 351 3809 Appii
374 3744 490 3796 ducebat
512 3746 546 3796 ad
572 3747 709 3798 Feroniae.
750 3745 804 3796 tull.
824 3748 867 3807 tt,
887 3747 930 3796 ⁴8:
955 3748 1022 3809 Quos
1039 3744 1184 3808 (moechos)
1202 3743 1276 3792 simrd

183 3819 246 3870 Eius
268 3820 380 3883 vestigia
403 3819 537 3884 quaedam
559 3821 711 3872 etiamnunc
749 3822 881 3884 emnplew
905 3826 969 3872 teret
994 3824 1122 3872 trecentos.
1147 3847 1174 3854 -
1195 3819 1275 3884 mulo]

183 3897 322 3957 apparent.
354 3891 473 3958 (Walelr.)
495 3923 521 3931 -
540 3896 594 3945 ileo
605 3895 710 3960 appelle]
749 3909 819 3959 quae
844 3895 964 3947 remulco
989 3894 1109 3958 alligatur
1138 3893 1215 3944 lintri.
1246 3922 1272 3929 —

184 3969 305 4019 «bomim
328 3969 363 4020 ed
384 3969 471 4020 ioesae
493 3971 577 4035 ripam
595 3970 712 4022 descen·
749 3971 853 4032 outteee]
894 3973 968 4022 ellos
998 3970 1156 4020 ttattnntotas
1181 3971 1277 4018 vocant

183 4041 292 4101 derant;
320 4043 391 4094 servi
408 4043 528 4094 sarcines
546 4044 644 4096 eodem
661 4044 711 4096 de·
749 4043 860 4110 plebeii,
888 4043 1009 4096 asonitu
1027 4043 1129 4096 alarum
1147 4043 1210 4094 ficto
1227 4056 1277 4092 vo-

182 4119 335 4182 portarant;
355 4118 416 4170 hinc
433 4132 501 4182 puer
517 4118 613 4182 aliquis
624 4120 658 4170 ad
670 4118 712 4172 lo·
750 4117 873 4170 canuto.»
900 4121 984 4170 Coun.
1004 4121 1083 4178 Cano.
1108 4117 1275 4169 Vocabulum

183 4203 259 4252 cum,
283 4191 329 4242 ubi
348 4206 394 4244 eas
411 4193 592 4255 custodiebat,
617 4192 711 4258 appel·
750 4193 812 4245 illud
837 4195 937 4244 lexicis
960 4195 1049 4252 deest,
1078 4196 1156 4246 etiam
1185 4191 1276 4242 Furla-

183 4264 238 4317 lcre
267 4267 343 4320 lubet
371 4271 495 4330 nautam,
529 4273 557 4318 ut
582 4270 607 4320 in
633 4267 710 4318 lintre
750 4271 814 4320 nelli
840 4281 925 4319 novae
949 4267 1104 4333 appendici.
1150 4269 1277 4318 Ceterum
