3130 4966
300 428 340 492 63
678 426 807 478 sorim
825 426 1005 478 serrarium

341 585 374 654 Si
400 585 474 673 quis
497 591 566 651 erat
588 583 704 672 dignus
727 582 882 664 describi,
907 581 996 670 quod
1019 581 1122 650 malus
1145 603 1183 651 ac
1206 582 1270 662 fiir,

341 706 436 788 Quod
462 705 616 772 moechus
638 705 721 772 soret
742 715 797 772 aut
819 706 954 772 sicarius
976 715 1031 772 aut
1055 705 1175 794 alioqui

338 830 511 905 Famosus,
536 827 635 894 multa
657 848 731 894 cum
753 825 900 894 libertate
923 827 1083 894 notabant.

339 950 420 1023 ilinc
442 949 546 1016 omnis
568 948 689 1036 pendet
711 947 868 1026 Lucilius,
894 947 992 1016 hosce
1014 959 1146 1016 secutus

363 1120 493 1170 844444.
529 1119 553 1170 3.
571 1119 619 1182 ac]
645 1124 691 1168 aut
717 1119 787 1168 44444
813 1131 875 1169 cum
900 1119 984 1170 tribus
1007 1119 1131 1168 Pollierii.
1170 1119 1238 1169 «Nos
1256 1120 1281 1168 in
1300 1132 1353 1170 uno

327 1197 432 1320 ἓηρροιρρ
442 1194 696 1332 ορὲιίρῶρρνοηίηιιιε
708 1205 794 1256 coque
807 1193 914 1243 intimae
927 1195 1031 1243 notae.»
1049 1193 1141 1243 Basra.
1168 1194 1207 1256 (Ul
1218 1206 1266 1243 uos
1278 1192 1351 1257 bScp

292 1395 338 1453 pta
371 1390 460 1451 404404
489 1389 616 1438 comoedia
642 1389 730 1450 prisca
759 1389 822 1438 airis
858 1384 924 1449 aba,
951 1381 1002 1450 οὓς
1028 1385 1151 1439 καλοῦσι
1169 1383 1306 1454 Ῥωμαῖοι
1329 1403 1385 1440 σα-

294 1470 337 1514 est.
368 1491 394 1500 -
424 1463 536 1527 44404444]
562 1463 593 1511 V.
619 1463 754 1513 describere
778 1476 818 1527 pr.
858 1459 1005 1534 πυρικούς,
1032 1462 1063 1512 οἱ
1084 1459 1216 1534 νεώτεροι
1238 1459 1289 1514 τὸν
1306 1461 1385 1533 Κρα-

294 1538 424 1601 significat
453 1538 597 1587 racemate
627 1535 737 1588 alicuius
766 1536 821 1587 lor·
857 1539 938 1588 atrae
960 1538 1010 1586 aab
1030 1531 1193 1600 Εὐπόλιδος
1214 1535 1386 1609 χαρακτῆρα

293 1613 424 1662 mamaut
437 1623 526 1661 mores
538 1612 704 1674 exprimere»
728 1609 819 1674 (Plaut.
857 1607 1050 1676 ζηλώσαντες,
1076 1615 1138 1675 τοῖς
1159 1612 1214 1678 μὲν
1233 1607 1387 1676 ’444449444ος

293 1689 366 1738 Asin.
380 1689 410 1748 2,
430 1686 459 1747 3,
482 1687 529 1736 ii:
556 1687 613 1736 Noa
634 1687 717 1748 potuit
737 1686 821 1748 pictor
856 1687 988 1756 μέτροις,
1012 1690 1075 1750 τοῖς
1095 1685 1126 1738 bt
1143 1685 1200 1736 τῶν
1220 1702 1387 1753 μνημονευ-

292 1763 384 1812 recitas
419 1761 556 1812 4440444440
588 1763 642 1811 aias
672 1761 819 1824 sannam),
857 1761 966 1811 erasae
990 1758 1162 1832 διασορμοῖς
1184 1759 1382 1832 χρησάμενοι,

292 1835 364 1886 unde
382 1835 528 1897 4440444440,
551 1831 715 1906 χαρακτήρ,
737 1847 820 1886 sensu
857 1831 911 1901 τὴν
928 1831 1086 1907 σατυρικὴν
1103 1833 1262 1906 sepultarae
1278 1853 1385 1906 κωμῳ-

292 1910 442 1970 rhetorico,
467 1909 521 1960 Cic.
541 1910 604 1974 Tap.
623 1911 671 1971 44,
695 1909 735 1960 83.
766 1911 820 1959 ilu-
857 1909 931 1962 4404.
967 1909 1130 1962 Libertatem
1147 1912 1277 1976 imprimis
1295 1917 1387 1964 aucto-

293 1983 329 2034 til.
343 1984 408 2047 Lup.
428 1984 457 2044 4,
476 1983 817 2034 emmerammianos.
856 1999 918 2036 rum
935 1987 1039 2051 priscae
1061 1985 1217 2036 comoediae
1237 1985 1387 2040 aemulatus

293 2058 508 2120 Qaaaacmoaaa
522 2059 606 2120 pictor
616 2058 740 2108 coloribus
754 2059 820 2122 {tpa-
858 2064 901 2112 est
916 2059 1040 2111 Lucilius.
1076 2058 1224 2111 Trebonius
1245 2061 1318 2125 apud
1341 2063 1388 2112 Ci-

291 2145 337 2182 ras
353 2132 519 2194 describit,
537 2132 572 2182 sia
589 2132 738 2186 oratoriae
754 2131 819 2180 sabe-
858 2147 949 2184 ceron.
974 2133 1008 2184 ad
1033 2134 1105 2184 Fam.
1131 2135 1176 2196 44,
1202 2135 1247 2194 46,
1272 2135 1302 2186 3:
1338 2137 1388 2199 Qui

253 2223 258 2236 =
291 2211 360 2256 mate
381 2211 428 2256 aut
447 2208 510 2256 04440
526 2211 572 2256 aat
592 2208 697 2256 oirtrrtes
714 2219 817 2268 eoram,
856 2211 939 2274 macir
960 2210 1005 2259 400
1028 2209 1123 2258 Lucilio
1145 2209 1243 2260 licuerit
1259 2223 1386 2262 0440444044

292 2282 325 2330 de
349 2280 438 2342 quibas
469 2281 594 2343 40044404,
630 2282 817 2344 deformat.
856 2285 978 2334 libertatis
994 2297 1071 2346 qaam
1088 2281 1175 2334 nobis?
1194 2297 1265 2344 ema,
1287 2285 1385 2336 44404444

293 2354 502 2420 carilippi,
528 2357 557 2418 4,
583 2357 644 2406 444ε
671 2355 818 2417 lea-lata,
857 2361 913 2410 0440
927 2361 989 2422 pari
1008 2359 1197 2422 4444444404,
1222 2372 1284 2421 qaas
1300 2360 1384 2422 laesit,

292 2429 359 2480 malo
371 2443 435 2492 qaae
451 2430 526 2480 aattet
540 2431 653 2481 carratae
669 2443 820 2492 aaaaaraam
857 2440 941 2485 taasea
964 2438 1030 2484 certe
1045 2447 1096 2483 aaa
1117 2434 1200 2496 mapis
1217 2432 1306 2497 (quam
1325 2435 1384 2498 ego)

291 2504 413 2554 Desertor.
435 2529 462 2540 -
482 2505 574 2569 malas]
595 2505 729 2569 Aristoph.
749 2503 816 2556 Plut.
858 2511 946 2574 dignos
961 2509 1086 2570 habuerit,
1104 2509 1131 2558 ia
1148 2521 1209 2570 qaas
1225 2513 1297 2560 404440
1311 2509 1386 2560 liber·-

292 2578 338 2627 3⁰:
366 2575 527 2649 ἱερόσυλοι,
554 2574 675 2649 ῥήτορες
692 2579 747 2630 Kal
765 2594 820 2630 orr-
858 2590 908 2634 tate
923 2585 1057 2634 verborum
1072 2585 1219 2633 incurrerat.
1241 2610 1269 2620 -
1285 2583 1386 2648 praeiet]

292 2648 438 2714 naccinae
454 2654 504 2704 καὶ
521 2657 653 2724 πονηροί.
684 2655 738 2705 Cic.
752 2652 818 2704 Pbil.
858 2661 990 2722 quatenus
1007 2670 1106 2720 genere
1120 2657 1258 2721 ceteroqui
1276 2657 1384 2708 divorso

293 2726 341 2785 44,
361 2729 392 2790 3,
411 2729 441 2778 7:
467 2729 637 2790 Testamenta,
655 2731 743 2791 credo,
761 2729 832 2778 sab--
857 2733 973 2782 imitatus
996 2735 1038 2782 est
1054 2731 1222 2782 comoediam
1245 2733 1384 2795 antiquam

292 2803 381 2854 tiaiuat
398 2809 444 2854 aat
460 2805 561 2854 44444044
577 2805 672 2854 obiam
689 2809 734 2854 aat
756 2806 820 2854 ario-
858 2809 1039 2866 insereris,
1058 2805 1271 2868 quodhomines
1290 2806 1387 2857 etiam-

292 2878 436 2929 tesceatatos
451 2879 673 2938 circumeamus
698 2880 736 2928 bis
756 2879 822 2930 eatae
859 2885 922 2931 tunc
946 2881 1067 2930 viventes
1093 2881 1120 2930 et
1149 2879 1298 2932 honoribus
1324 2893 1388 2932 usos

292 2953 359 3003 vitiis
383 2956 486 3017 affectos
511 2959 534 3004 et
558 2954 648 3004 talibas
674 2956 774 3004 malos
798 2959 822 3005 44
859 2955 1014 3006 nominatim
1032 2955 1175 3019 descripsit
1195 2958 1276 3018 atque
1294 2955 1386 3006 444444-

292 3028 401 3078 audaces
425 3020 553 3091 appellare
578 3029 727 3079 0044044040
751 3028 818 3078 solet.
858 3027 908 3080 dos
924 3029 1073 3094 proposuit.
1095 3053 1122 3064 -
1142 3029 1309 3094 numerisque]
1332 3022 1384 3098 ῥυ-

293 3101 340 3152 Est
357 3103 435 3166 igitur
458 3103 539 3153 homo
563 3102 745 3154 fraudulentus
771 3102 822 3168 (cta
857 3103 956 3168 θμοῑς.
976 3107 1085 3154 Praeter
1096 3103 1282 3154 hexametrum
1295 3106 1385 3154 tamen

293 3178 403 3240 Sebelm,
429 3178 549 3241 Sabaria)
571 3191 602 3227 ac
621 3179 656 3240 (44
677 3181 820 3243 propterea
859 3180 940 3229 etiam
963 3192 1029 3230 usus
1047 3181 1088 3230 est
1110 3177 1245 3228 interdum
1262 3177 1386 3229 versibus

293 3251 427 3315 quidem),
447 3253 469 3304 si
487 3253 593 3302 occasio
607 3251 695 3301 oblata
707 3253 750 3312 sit,
767 3254 820 3316 far.
859 3253 981 3305 iambicis
1003 3256 1030 3304 et
1051 3253 1202 3303 trochaicis.
1229 3279 1257 3290 -
1283 3254 1386 3317 4444404]

293 3327 336 3376 Sic
348 3329 459 3391 apparet
471 3326 675 3390 praeferendam
685 3339 744 3377 esse
757 3328 823 3390 opti·
857 3329 1031 3380 Par-arbanam
1056 3329 1135 3376 vocat
1157 3328 1252 3378 Cicero
1276 3331 1304 3378 et
1329 3343 1389 3380 oer-

294 3413 402 3450 morum
427 3400 512 3451 Codd.
532 3399 674 3451 lectionem
700 3415 731 3451 ac
755 3401 822 3452 alio·
858 3403 978 3452 auratam
1001 3401 1159 3464 festivitatem
1182 3403 1206 3451 ei
1234 3401 1325 3452 tribuit
1350 3403 1385 3453 ad

295 3486 357 3523 rum
378 3479 431 3523 aut.
454 3501 481 3510 —-
500 3475 595 3536 atiaaaa
620 3476 748 3540 Famosas]
775 3491 823 3528 ve·
860 3479 931 3528 Fam.
946 3477 975 3536 9,
995 3477 1039 3536 45,
1059 3477 1083 3525 4.
1103 3475 1209 3534 Quintil.
1224 3479 1267 3537 40,
1287 3479 1314 3538 4,
1335 3477 1384 3529 94;

295 3546 342 3597 luti
360 3545 495 3610 falsarius,
514 3543 673 3619 ῥίψασπις,
693 3550 823 3601 valerso-
860 3552 1013 3602 Enrdilioia
1025 3563 1053 3600 ea
1064 3551 1132 3600 mira
1143 3555 1166 3600 et
1180 3551 1294 3613 libertas,
1313 3558 1389 3614 atara

295 3623 398 3688 phista,
418 3622 503 3674 malus
521 3627 612 3689 poeta,
638 3627 718 3676 homo
738 3625 824 3676 turbi-
859 3627 918 3678 iarie
934 3625 1058 3676 acerbitas
1074 3629 1097 3674 et
1114 3623 1317 3676 abundantia
1339 3639 1390 3676 aa·

296 3699 347 3750 dus
365 3713 397 3749 ac
415 3699 556 3762 factiosus,
579 3703 608 3750 ut
625 3701 705 3752 Cleon
724 3703 751 3751 et
767 3702 824 3764 Hy·
860 3701 908 3750 lis.
930 3727 958 3735 —
976 3700 1115 3750 Emaactae
1131 3700 1211 3761 rearis]
1230 3701 1291 3762 aqui
1312 3699 1388 3752 laeile

295 3773 432 3839 perbolus.
861 3775 1021 3826 odoraretur
1032 3777 1059 3824 et
1074 3776 1152 3824 acute
1164 3773 1390 3826 animadverteret

330 3849 403 3900 6-43.
429 3849 493 3899 Hiar
518 3849 581 3912 cet]
609 3851 644 3900 lo.
666 3849 824 3900 Laurentius
862 3847 1015 3913 aequalium
1039 3859 1149 3898 suorum
1172 3848 1264 3898 vitia.»
1299 3849 1390 3913 Oppo-

298 3922 389 3986 Lydus
401 3922 435 3972 de
448 3924 644 3988 magistrali.
659 3923 742 3984 4,44;
758 3918 826 3974 ‘Pta-
863 3925 933 3974 nitur
949 3923 1113 3975 homoaaris
1124 3921 1218 3974 044404.
1245 3921 1329 3987 Epod.
1347 3923 1388 3982 44,

297 3997 359 4048 aaa
381 3994 548 4070 ἑξαμέτροις
575 3991 687 4068 ἔγραψε
713 3993 824 4066 πρῶτος
862 3998 886 4048 3.
916 3999 949 4048 Et
973 3998 1137 4048 contrarium
1160 4001 1202 4048 est
1225 3997 1298 4062 apud
1322 3997 1388 4048 Plat.

298 4069 466 4138 κωμῳδίαν·
491 4069 522 4136 ἐξ
544 4063 579 4124 οὖ
598 4065 711 4142 πρῶτος
727 4066 825 4131 λαβὼν
862 4073 897 4124 dc
920 4075 983 4137 liep.
1009 4075 1028 4124 1.
1053 4086 1080 4136 p.
1099 4071 1156 4123 ³43.
1175 4074 1220 4122 A.:
1247 4071 1281 4122 04
1302 4087 1390 4143 440ρο-

298 4143 351 4210 aar
375 4143 513 4219 ἀφορμὰς
538 4144 692 4208 Λουκὶλιος
717 4140 735 4194 ὁ
757 4139 825 4196 Ῥω·
862 4144 955 4210 ζῶντα
971 4144 1107 4218 περιορᾷ,
1126 4145 1269 4196 ubiscbol.
1282 4147 1391 4216 papat-

298 4225 388 4286 μαῖος
419 4215 556 4292 ἡρωῖκοϊς
584 4213 682 4271 ἔπεσιν
705 4213 825 4286 trapp—
863 4235 958 4271 varra.
994 4222 1122 4273 Ceterum
1138 4221 1206 4272 mire
1225 4219 1389 4273 raccioiaus

300 4295 380 4362 δησε.
409 4295 479 4346 Mat*
498 4289 599 4346 ovea
617 4287 826 4358 τοῦςμετάὐ-
862 4295 890 4346 iu
907 4297 988 4346 Orati.
1008 4293 1055 4347 Ed.
1075 4297 1164 4346 Pater.
1183 4294 1257 4346 4444.
1280 4308 1307 4360 p.
1328 4293 1388 4346 tae.
