3022 4984
341 363 403 430 768
668 410 671 416 .
817 362 946 414 lltlllb'l'll

383 523 471 588 llaec
492 517 610 607 placuit
632 515 750 593 semel,
773 514 854 584 baec
876 515 987 584 decies
1009 515 1144 603 repetita
1167 512 1310 602 placebit
1349 511 1392 576 tos

383 645 412 710 Ο
435 641 538 708 maior
559 641 725 715 iuvenum,
752 637 900 725 quamvis
922 647 955 704 et
976 657 1057 704 voce
1079 647 1216 724 paterna

383 763 526 850 lingonis
548 760 590 827 ad
611 769 736 828 rectum
757 769 792 825 et
811 778 871 846 per
892 767 923 826 te
946 759 1049 846 sepis,
1072 757 1135 825 boc
1157 756 1214 823 tibi
1237 755 1347 824 doun

383 884 471 951 'lolle
493 902 630 957 memor,
653 880 750 950 certis
773 879 916 946 modium
937 890 971 946 et
992 877 1159 946 tolerabile
1182 877 1282 946 rebus

384 1009 481 1074 Recte
504 1003 649 1070 concedi.
694 1001 866 1068 Consultus
888 1000 968 1066 iuris
990 1008 1022 1066 et
1043 1009 1132 1067 actor

385 1128 562 1194 Causarum
584 1122 757 1190 mediocris
780 1120 872 1188 abest
893 1122 1008 1187 virtute
1029 1120 1140 1188 diserti
1354 1119 1398 1182 lit

383 1245 549 1314 Messallae
572 1265 633 1312 nec
655 1244 715 1312 scit
736 1253 890 1331 quantum
914 1241 1090 1310 Cascellius
1111 1241 1230 1318 Aulus,

406 1475 464 1525 oss.
482 1473 578 1523 cetus
594 1439 623 1521 e.
644 1497 671 1506 -
690 1469 747 1522 ece.
764 1470 873 1520 cuum.
891 1469 924 1518 rt
939 1468 1064 1520 omens
1080 1468 1171 1519 samu.
1193 1497 1222 1508 -
1242 1473 1326 1519 mer
1340 1468 1377 1530 up.

377 1579 403 1588 -
422 1550 479 1600 soc.
497 1547 587 1599 aaaro
603 1547 632 1596 o.
648 1571 675 1582 -
694 1544 750 1596 eu.
769 1557 813 1594 m
829 1543 882 1606 est]
899 1545 976 1593 mut
991 1543 1094 1608 sreup,
1108 1545 1135 1593 u.
1157 1569 1183 1581 -
1204 1544 1344 1605 eman
1358 1555 1376 1597 c.

374 1619 848 1683 consenescentes·
868 1631 946 1668 casus
961 1618 991 1668 B.

373 1838 514 1891 366.373.
541 1835 673 1900 Omcicr]
704 1836 751 1885 nl..
773 1835 863 1886 Piso.»
902 1832 1025 1884 sulliciet.
1051 1831 1133 1884 Aliter
1153 1847 1221 1884 uero
1238 1847 1282 1886 res
1298 1830 1402 1884 schabe

340 1918 419 1966 Aeac.
446 1913 525 1964 Facta
542 1913 677 1964 mentione
694 1909 784 1973 poesis
796 1909 863 1968 eius,
902 1907 1062 1967 inertibus,
1087 1921 1157 1971 quoe
1174 1907 1315 1972 pulchrum
1329 1917 1402 1972 perse

341 2001 410 2053 quae
435 1989 544 2051 propter
572 1984 762 2050 perlectionem
787 1983 866 2032 decies
903 1984 991 2047 ipsum
1014 1983 1109 2033 imitari
1128 1981 1240 2034 student
1256 1985 1283 2034 et
1298 1983 1323 2032 iu
1336 1979 1403 2044 cells

340 2063 446 2124 repetita
455 2061 573 2124 placebit,
592 2057 728 2123 aptissime
740 2058 864 2106 iuvenem
902 2071 953 2106 ocu
968 2057 1064 2108 utilius
1080 2057 1215 2119 possesor
1225 2053 1404 2116 manati

341 2137 458 2187 amioum
475 2148 507 2184 ac
524 2131 617 2193 simul,
636 2135 665 2182 ul
681 2131 711 2182 lit
727 2130 824 2182 talibus
838 2131 864 2180 lu
903 2131 982 2182 cumi
993 2131 1072 2182 libero
1083 2132 1209 2192 quaedum
1220 2132 1343 2182 oblectatio
1354 2129 1403 2192 (Cic.

341 2209 556 2267 allocutionibus,
582 2217 804 2269 unumquemque
826 2203 866 2256 le·
903 2205 937 2255 de
955 2205 999 2256 Or.
1019 2206 1048 2266 l,
1066 2205 1112 2266 td,
1131 2206 1214 2268 ttsl,
1244 2207 1271 2258 in
1290 2204 1404 2271 poeste

341 2287 445 2336 olorum
462 2281 586 2332 obsecret
600 2279 812 2341 obtestaturque,
832 2291 865 2328 ne
903 2279 1060 2330 histrionum
1078 2282 1149 2340 arte,
1167 2280 1194 2331 in
1207 2281 1309 2344 pictura
1320 2274 1405 2330 clami

342 2361 369 2408 et
394 2358 445 2406 bac
469 2358 527 2419 ipsa
555 2354 667 2404 tortasse
696 2353 866 2402 excusatione
902 2356 993 2417 ptura,
1021 2353 1066 2404 ubi
1083 2367 1222 2418 nunquam
1242 2357 1268 2406 iu
1286 2351 1405 2406 mediocri·

341 2433 402 2493 erit,
427 2443 493 2492 quoe
509 2455 522 2466 -
534 2454 549 2464 ·
563 2455 577 2466 -
594 2428 726 2478 obscurem
748 2425 866 2478 abutenti
903 2429 957 2478 tate
975 2429 1186 2491 adquiescimus,
1204 2431 1256 2482 sed
1270 2429 1405 2482 nostroinre

342 2507 375 2558 ad
393 2505 607 2556 mediocritatem
621 2501 756 2566 quandam
774 2515 867 2566 perve-
903 2502 1094 2566 perlectionem
1111 2505 1275 2568 poscimus·
1288 2532 1314 2541 -
1326 2499 1406 2555 ilenti

341 2583 399 2634 nire
415 2579 545 2638 sulficiat;
569 2575 632 2627 nihil
649 2576 720 2626 euim
739 2575 867 2626 mediocri
902 2577 950 2642 lca]
968 2577 1173 2629 Duabnslboc
1190 2591 1291 2630 nomen
1303 2577 1406 2631 scribitur

341 2658 421 2721 posta
438 2667 499 2706 osse
515 2649 709 2704 detestabilius.
732 2651 799 2702 ilinc
817 2663 867 2714 po-
903 2653 930 2703 iu
951 2653 1034 2704 Fastis
1055 2651 1207 2716 Capitolinis
1231 2655 1302 2706 Coss.
1322 2667 1344 2704 a.
1361 2649 1405 2702 tet.

342 2731 475 2782 tissimum
491 2726 619 2793 epistolae
638 2722 809 2798 χαρακτῆρα
826 2737 868 2774 re-
903 2728 960 2778 cot.
974 2727 1031 2778 tat.
1045 2728 1102 2778 bct.
1116 2728 1172 2778 see.
1183 2728 1242 2779 599.
1263 2727 1377 2790 templ.
1387 2737 1405 2773 ⁸·

341 2805 431 2856 sumit.
454 2831 482 2840 -
500 2800 631 2864 inmensae]
649 2800 748 2860 idest,
776 2798 867 2850 «filio-
904 2801 961 2854 lec.
984 2801 1058 2860 726.;
1084 2815 1137 2852 una
1159 2803 1186 2852 in
1203 2803 1280 2854 titulo
1295 2799 1406 2855 &amnti

341 2892 427 2930 ruma·
455 2878 513 2937 Quo
529 2878 556 2926 in
571 2874 702 2926 vocabulo
713 2874 810 2926 trustra
822 2888 866 2924 ar-
904 2876 965 2926 anni
982 2877 1044 2940 post
1060 2877 1122 2927 Chr.
1135 2875 1232 2928 attin
1249 2877 1406 2930 Lersclttla-

341 2954 447 3017 putatur
457 2952 489 3000 ll.
503 2949 537 3002 de
548 2950 636 3002 Bosoh
647 2947 752 3000 anthol.
765 2951 808 3000 Gr.
821 2949 864 2999 lV.
903 2951 1065 3002 admotus
1080 2953 1099 3000 l.
1118 2964 1144 3015 p.
1159 2951 1186 3002 l.
1219 2953 1266 3004 list
1286 2955 1358 3004 notas
1375 2947 1406 2999 lle

340 3041 367 3092 p.
382 3027 438 3078 tlt.
457 3027 495 3076 Tu
512 3024 547 3076 ci.
558 3039 584 3074 v.
598 3024 645 3076 at:
664 3029 742 3086 poter
757 3028 780 3074 et
795 3024 867 3074 lwe-
904 3021 1070 3076 levatorius
1087 3023 1208 3076 Messalla
1226 3027 1364 3086 Coruinus,
1378 3023 1407 3073 Ti

340 3105 474 3163 sopatro
489 3099 568 3164 dipel.
583 3123 612 3135 —
628 3099 691 3150 Tolle
700 3097 804 3161 mesor]
817 3098 865 3148 Ea·
903 3097 968 3150 bulli
984 3098 1079 3150 lautor.
1103 3100 1161 3151 vid.
1174 3104 1355 3164 argumentum
1370 3097 1406 3148 0d.

342 3175 434 3228 ciduul
457 3171 576 3238 loquenti
598 3171 699 3232 verba;
727 3173 772 3236 qui
790 3184 822 3222 ee
839 3171 866 3221 in
904 3174 928 3234 3,
941 3175 982 3224 et.
1009 3175 1111 3225 Seneca
1129 3175 1349 3238 Controv22,lt:
1364 3171 1407 3223 Ν

341 3250 461 3302 menum
478 3259 555 3298 suam
574 3247 683 3310 recipit,
705 3245 788 3298 veluti
804 3246 867 3296 tollit
902 3247 1021 3301 Messalla
1036 3248 1189 3300 sanctissimi
1203 3251 1408 3314 mmmm

341 3323 558 3392 (cosoebmec,
577 3322 766 3387 costales).
789 3321 864 3373 Conl.
904 3323 1002 3386 quiem
1012 3324 1153 3374 studiosam
1165 3329 1268 3386 portes,
1286 3320 1407 3376 mildi

341 3398 413 3452 Woll
427 3397 598 3449 Aoolecleo
615 3397 634 3446 l.
648 3408 708 3460 pag.
724 3396 780 3446 titt.
794 3397 864 3460 virg.
904 3411 951 3461 pos
967 3398 1087 3448 emonis
1109 3397 1253 3450 motor
1269 3395 1407 3464 eleuatis&

341 3477 407 3525 Aen.
421 3472 446 3532 o,
460 3471 522 3522 377:
541 3471 793 3532 copedctomemor.
813 3469 864 3520 Sal.
902 3485 967 3522 mats.
984 3473 1349 3534 --bntrcnprol’utlicdore
1359 3471 1408 3520 ne

342 3550 396 3611 lug.
411 3547 471 3596 idi:
489 3545 535 3596 ltoo
546 3545 748 3606 iopecttotusan
758 3545 864 3596 cauom
902 3547 1406 3598 educantioaaodiscrtississsssre

344 3647 371 3658 -
389 3620 472 3682 certis]
491 3618 698 3682 aquibusdam,»
716 3632 782 3670 nou:
802 3617 866 3668 ude-
903 3621 997 3672 stavit
1013 3645 1040 3656 -
1053 3622 1084 3672 Δ.
1098 3621 1243 3684 Cascellius,
1264 3619 1406 3672 mimus

342 3695 436 3755 linitis,
450 3694 701 3758 chemenaten
720 3695 776 3744 lloc
788 3693 864 3744 dicit:
904 3696 994 3756 lCtus,
1012 3694 1094 3746 borno
1111 3694 1188 3746 dicax
1206 3707 1239 3745 ac
1255 3693 1407 3752 lacetustlla

343 3771 388 3820 sln
405 3767 549 3832 disciplinis
567 3770 595 3819 et
609 3767 711 3818 artibus
725 3767 785 3818 usui
796 3770 866 3818 vilae
905 3768 979 3820 crob.
999 3770 1103 3820 Satura.
1116 3769 1147 3830 2,
1164 3769 1199 3832 ὃ.)
1217 3773 1244 3821 et
1259 3769 1343 3822 clarus
1357 3767 1408 3816 But

343 3842 511 3908 quotidianae
537 3841 675 3893 destinatis
695 3839 867 3894 mediocritas
904 3845 1028 3894 &torm
1043 3841 1126 3902 libro,
1147 3855 1212 3894 sane
1230 3837 1408 3907 distinguendus

342 3915 487 3968 tolerabilis
504 3921 558 3976 cst,
585 3917 743 3981 praesertim
759 3915 806 3966 ubi
823 3929 867 3966 ar·
904 3917 938 3968 ab
956 3931 1003 3978 eo,
1030 3919 1076 3982 qui
1097 3931 1112 3968 a
1130 3918 1258 3969 Cicerone
1281 3931 1328 3982 pro
1342 3911 1407 3966 erbo

343 3993 513 4055 gumemum,
532 3991 605 4053 quod
625 3993 739 4042 tractare
756 3990 865 4052 debent,
904 3993 949 4054 20,
967 3991 1009 4043 lc.
1029 3993 1056 4042 et
1072 3990 1128 4042 Vel.
1146 3993 1215 4043 ilex.
1228 3993 1256 4054 8,
1274 3993 1316 4053 ts,
1329 3993 1351 4040 t.
1362 3999 1408 4038 me·

342 4066 430 4128 ipsum
448 4065 553 4116 munius
575 4069 630 4118 est:
657 4065 696 4116 sic
713 4065 739 4114 in
757 4065 868 4117 minoris
904 4068 1037 4126 moratur,
1056 4077 1139 4129 quem
1155 4079 1180 4116 a.
1193 4079 1220 4116 u.
1234 4079 1258 4116 c.
1272 4065 1327 4118 cet.
1339 4071 1408 4126 qut*

342 4139 470 4189 momenti
487 4137 577 4190 litibus
598 4142 627 4190 et
641 4139 718 4192 lctus
736 4141 764 4190 et
780 4139 868 4192 causi-
904 4143 1006 4192 storom
1035 4139 1115 4206 tuisse
1141 4139 1265 4204 opinatus
1289 4141 1328 4191 cst
1350 4133 1406 4196 list·

343 4211 419 4264 diens
444 4211 587 4266 mediocris
610 4217 639 4265 et
652 4215 759 4280 petitori
775 4217 804 4266 et
819 4227 867 4266 reo
904 4216 971 4266 Anu.
985 4213 1010 4266 3.
1023 4225 1050 4279 p.
1062 4214 1103 4266 77.
1122 4215 1222 4268 iterati
1233 4206 1408 4268 mmmm
