3192 4974
293 440 356 508 446
655 441 1022 520 uomrumisromuou

336 599 375 667 Et
395 597 516 666 Moschi
539 618 686 666 oausam:
713 618 786 666 oras
809 608 884 664 nato
907 596 1048 665 Caesare
1070 597 1171 664 festus

335 722 398 788 Dat
417 720 546 788 veniam
567 739 782 809 somnumque
805 718 895 800 dies;
918 719 1049 808 impune
1070 717 1180 788 licebit
1343 719 1384 786 46

337 843 500 910 Aestivam
522 862 672 910 sermone
694 842 834 930 benigno
858 840 992 910 tendere
1014 849 1150 910 noctem.

359 1023 384 1072 9.
403 1022 435 1073 iit
450 1022 544 1072 44444444
559 1035 664 1072 caluom
680 1019 870 1086 bSodEp‚l.Ct,
889 1019 1024 1072 Bentleius
1041 1022 1069 1070 et
1079 1020 1114 1070 O:
1131 1020 1165 1071 Et
1175 1033 1282 1071 44444444
1294 1021 1351 1073 4444-

326 1095 376 1145 4444
393 1095 446 1146 iri.
474 1119 502 1130 -
529 1096 569 1145 44.
594 1096 718 1147 Festivom
735 1095 801 1146 cod.
820 1096 992 1147 lovaniensis
1009 1097 1037 1146 et
1052 1092 1138 1145 Berol.
1152 1095 1181 1156 4,
1202 1095 1270 1146 mira
1287 1108 1350 1162 pro-

326 1169 408 1221 bante
425 1171 590 1221 Bormansio.
606 1197 631 1208 -
647 1171 779 1221 4444444444
796 1168 881 1222 codd.
900 1168 962 1233 aliq.
982 1169 1011 1234 (il
1030 1171 1058 1222 et
1074 1169 1141 1222 Edd.
1155 1171 1219 1221 vett.
1240 1169 1279 1232 464
1290 1183 1347 1232 uos,

326 1257 421 1295 omues
438 1245 522 1296 nostri
539 1246 567 1295 et
586 1244 721 1306 Pottierii.)

294 1413 395 1452 vacuus
412 1402 529 1452 amioum
541 1401 710 1464 exhortatur,
728 1405 758 1452 444
774 1413 822 1452 ne·
856 1404 898 1454 eei
909 1401 1027 1465 iuturus,
1040 1413 1203 1466 magnopere
1214 1402 1289 1454 cordi
1300 1401 1383 1456 tuus

294 1476 371 1540 gotiis
382 1474 541 1540 quotidianis
552 1474 596 1527 illo
608 1479 681 1527 certe
693 1474 737 1527 die
748 1479 821 1541 post·
856 1477 989 1540 Torquato
1011 1475 1121 1540 gloriam
1144 1489 1177 1527 ax
1200 1478 1241 1528 rei
1263 1475 1297 1528 ab
1322 1479 1382 1544 ipae

293 1550 491 1614 positisseoum
504 1551 586 1602 Genio
603 1549 749 1616 indulgeat:
769 1563 820 1601 nee
857 1549 959 1603 defensi
985 1549 1151 1603 absolutione
1176 1553 1321 1617 appetenti.
1352 1579 1380 1590 -

293 1637 358 1676 vero
384 1625 411 1674 in
436 1625 477 1676 his
499 1624 647 1690 quidquem
671 1625 821 1689 reprohen-
856 1637 964 1675 arsen
975 1626 1037 1688 Det]
1054 1625 1093 1676 De
1109 1637 1136 1676 v.
1147 1637 1208 1676 oro-r
1224 1637 1287 1676 eam
1304 1639 1381 1690 prae-

294 1700 375 1752 siouis
392 1699 475 1762 inest,
499 1700 575 1764 quasi
597 1701 746 1764 Torquatus
762 1700 820 1764 ipsa
857 1699 924 1751 senti
946 1713 973 1751 v.
991 1698 1068 1751 llend
1085 1700 1160 1751 Ture.
1180 1701 1211 1750 ll.
1229 1714 1256 1764 p.
1275 1700 1332 1751 434.
1353 1727 1381 1740 -

257 1769 261 1778 “
296 1773 390 1825 lausei
405 1774 541 1825 homovel
558 1773 697 1826 vanusvel
714 1785 820 1826 avarus.
855 1779 917 1826 uoto
934 1773 1050 1839 04444444]
1072 1773 1115 1824 Sio
1131 1773 1204 1826 uude
1221 1774 1323 1826 dictum
1337 1776 1383 1828 vix

294 1849 363 1900 Saue
389 1849 463 1900 miris
489 1848 642 1900 huiusmodi
670 1848 820 1910 blanditiis,
856 1848 933 1900 aliter
960 1847 1068 1912 intelligi
1095 1851 1185 1913 potest
1211 1861 1292 1914 quam
1319 1861 1382 1900 oum

294 1921 393 1988 quibus
410 1923 454 1974 hio
471 1937 524 1974 uon
542 1927 600 1976 erat
622 1923 710 1986 locus,
737 1923 822 1975 absil-
858 1924 962 1975 Comm.
977 1923 1070 1987 Cruq..
1082 1923 1215 1984 liassouo,
1228 1923 1383 1974 walcherio

294 1997 377 2050 uehat
392 2001 471 2064 polita
488 1998 566 2063 louge
583 1999 727 2051 humanior
742 1999 823 2049 iuter·
858 1998 901 2064 (da
912 2001 942 2051 L.
957 1999 1037 2050 Vario
1048 2012 1075 2063 p.
1089 1998 1167 2062 346),
1186 1999 1296 2050 64444444
1308 2001 1335 2050 F.
1349 1999 1381 2050 ll.

295 2072 428 2138 pretioue,
447 2073 493 2137 qui
509 2075 536 2124 h.
550 2074 567 2125 l.
580 2075 607 2125 in
622 2075 748 2138 Torquati
759 2073 823 2125 lavi-
857 2087 883 2138 p.
896 2073 954 2126 466.
973 2073 1008 2124 de
1025 2073 1069 2124 die
1086 2072 1166 2123 natali
1184 2075 1306 2126 Caesaris
1322 2077 1379 2125 ,444-

294 2149 378 2198 taiem
389 2147 418 2196 et
434 2147 529 2198 sordes
541 2149 672 2198 acerrime
689 2148 822 2199 invehun-
857 2149 941 2212 gusti,
954 2149 1001 2212 qui
1011 2147 1104 2198 incidit
1117 2148 1144 2197 iu
1155 2147 1197 2198 lli.
1209 2147 1264 2200 liel.
1274 2147 1382 2200 Octobr.

295 2225 347 2270 tur.
372 2221 512 2272 llosreete
525 2222 648 2272 4444444444
661 2221 742 2273 atium
754 2222 822 2273 Doe-
858 2221 907 2287 443.
921 2222 947 2272 d.
961 2223 1043 2288 Sept.)
1072 2221 1139 2274 Vide
1150 2220 1260 2274 Kalend.
1274 2222 1343 2275 44444.
1357 2224 1384 2273 in

296 2293 441 2345 derlainius
458 2295 485 2345 iu
501 2295 594 2357 Bauer.
606 2295 655 2360 pol.
667 2295 731 2346 4444.
745 2295 819 2345 4836.
857 2298 940 2348 lusor.
950 2309 988 2347 m.
998 2297 1054 2347 Lat.
1065 2297 1096 2346 ll.
1107 2309 1134 2360 p.
1147 2295 1205 2348 368.
1224 2297 1294 2348 Scite
1306 2297 1385 2360 igitur

294 2382 322 2433 p.
346 2368 403 2420 86i.
438 2369 506 2428 Quid
531 2368 631 2420 multa‘l
657 2369 732 2421 idem
757 2368 822 2421 dicit
857 2368 992 2422 blanditur
1010 2373 1129 2434 Augusto
1145 2369 1239 2422 diceus
1256 2384 1286 2422 se
1303 2373 1384 2422 etiam

295 2457 327 2494 uc
344 2441 475 2495 luvenalis
492 2446 537 2507 44,
557 2445 618 2496 4844
637 2446 687 2496 Seri
702 2447 821 2497 44444464-
857 2447 980 2506 noctem,
1004 2457 1073 2510 quae
1096 2445 1169 2496 diem
1188 2446 1245 2496 elus
1268 2444 1385 2496 natalem

295 2519 354 2569 444444
370 2523 455 2569 warte
469 2521 571 2583 nepotta
587 2521 655 2570 44444
670 2521 704 2570 Et
718 2525 822 2585 pram
857 2519 1016 2584 praecedat,
1028 2517 1104 2571 hilari
1117 2521 1238 2570 eonvivio
1250 2532 1337 2584 usque
1349 2519 1385 2570 ad

295 2594 482 2656 requisitione
492 2595 585 2646 tiit-
595 2595 659 2646 44444
669 2595 731 2662 opes]
745 2594 818 2648 Pind.
856 2593 947 2646 luoem
963 2597 1161 2646 transactorum
1172 2607 1242 2645 esse.
1275 2595 1382 2645 Sunion.

296 2671 398 2734 Fragm.
416 2669 467 2720 ino.
487 2669 530 2719 434
544 2684 550 2719 :
575 2667 685 2734 ἐλπίδες
701 2669 822 2742 ἐγρηγο-
858 2670 949 2720 044444.
961 2669 1009 2720 57:
1030 2669 1256 2732 antumpnum
1272 2669 1383 2720 4444444444

295 2739 388 2816 potor
405 2740 533 2796 4444444444.
553 2771 581 2782 -
598 2746 740 2796 4444444444
756 2746 823 2796 44444-
858 2744 911 2795 44444
921 2749 1008 2807 speon
1018 2749 1094 2807 atquo
1104 2757 1224 2795 4444444444
1234 2743 1308 2794 biduo
1322 2757 1385 2795 44444-

295 2817 399 2884 tiam]
418 2819 456 2870 Ci.
468 2820 522 2869 Sat.
537 2819 565 2880 4,
585 2820 613 2881 4,
632 2820 681 2870 iii
699 2832 759 2885 sqq.
783 2821 823 2871 le·
856 2831 904 2881 por
919 2817 1085 2869 4444444444.
1112 2819 1264 2870 Haeserunt
1274 2817 1384 2882 qudem

297 2893 405 2946 cousins
416 2907 480 2944 eum
491 2892 640 2945 Wielaudio
651 2893 701 2958 (644
717 2895 823 2960 4444449444
859 2892 980 2958 plerique
997 2893 1026 2944 ln
1041 2905 1084 2943 vv.
1102 2893 1228 2944 ,4444444444
1239 2897 1385 2942 --444444444

295 2969 392 3019 44446444
407 2979 452 3018 mn
471 2968 540 3018 444444
555 2969 608 3018 unii
628 2968 704 3034 444444)
726 2969 823 3021 4444444-
859 2967 974 3032 ideoque
985 2969 1153 3032 interpretati
1164 2969 1228 3018 suut
1238 2966 1273 3018 de
1288 2963 1385 3018 ciuili

296 3044 334 3106 git
346 3041 419 3094 «lites
430 3040 555 3104 aliorum,
574 3041 673 3107 qulbus
684 3045 822 3108 tamquam
860 3042 983 3093 Caesaris
992 3041 1129 3093 dictatoris
1140 3040 1227 3104 44444444,
1238 3040 1294 3092 Kal.
1303 3041 1382 3093 444444.

296 3118 424 3183 patronus
445 3119 592 3181 occupatus
614 3116 719 3168 luerit.»
751 3119 824 3169 Doe-
859 3116 877 3169 i.
889 3117 907 3168 l.
919 3130 947 3183 p.
960 3115 1024 3168 iai:
1041 3129 1077 3168 rr.
1095 3130 1132 3168 m.
1144 3129 1193 3168 rn.
1208 3116 1258 3180 (44.
1271 3116 1316 3168 die
1327 3115 1384 3178 iul.)

297 3191 441 3243 darleluius
458 3190 520 3243 l.i.:
548 3191 604 3243 «oie
617 3191 824 3244 Auuiolimunii
858 3205 915 3244 4444.
930 3205 989 3243 m.
1007 3205 1081 3254 oron.
1097 3203 1155 3243 roc.
1172 3203 1226 3242 444.
1243 3203 1382 3243 cumr.

296 3267 484 3331 3444444444,
507 3279 542 3316 so
561 3268 640 3317 6444444
660 3268 699 3319 644
716 3267 822 3318 4444444444
858 3279 915 3320 sor.
933 3279 1020 3319 444444.
1050 3266 1104 3317 Sed
1124 3265 1175 3317 sub
1197 3265 1273 3318 eaelo
1295 3264 1384 3316 ltalioo

297 3341 477 3406 4444444449
492 3342 546 3391 444444
560 3341 642 3405 644441
661 3342 751 3407 amon,
778 3342 828 3406 nus
859 3341 902 3394 illa
919 3355 1027 3407 quoque
1039 3355 1108 3403 nox,
1127 3353 1196 3406 quae
1208 3342 1317 3408 proprie
1328 3342 1386 3391 erat

295 3418 349 3467 444444
368 3416 623 3468 moliminum».
652 3441 680 3454 -
706 3417 824 3470 44444444-
859 3416 1049 3479 44444444444444,
1075 3419 1128 3470 diei
1152 3420 1259 3484 poterat
1274 3417 1383 3476 44444444,

296 3491 825 3556 ruseutemdioitiuainierprataturalio-
860 3494 890 3544 ut
914 3491 1039 3558 Calpurn.
1064 3494 1094 3553 4,
1121 3494 1150 3542 l:
1180 3493 1297 3543 4444464444
1321 3491 1386 3542 Solii

296 3567 384 3619 mines
406 3565 531 3627 divites»,
556 3564 615 3617 coll.
638 3567 734 3618 4444444444
754 3567 821 3631 (Sat.
859 3581 935 3631 equor
944 3567 1043 3619 4444444444
1058 3568 1160 3632 4444449444
1175 3573 1271 3629 44444444,
1292 3569 1385 3631 0444444-

295 3641 325 3702 4,
347 3643 377 3703 6,
401 3640 479 3704 loa),
497 3641 631 3706 remipimu
653 3641 770 3708 (Eppi,
790 3642 822 3703 6,
857 3641 1386 3705 ouumiiuumnutproinrooo-

296 3715 358 3779 63.)‚
383 3712 524 3767 similibus.
550 3743 578 3753 ·-
603 3716 712 3781 44444444]
736 3716 821 3776 «llio,
858 3717 907 3768 44444
922 3717 955 3766 lit
970 3721 1181 3780 menomenae
1195 3716 1387 3781 [4444444444-

297 3793 478 3853 Pergamenus
486 3790 578 3842 rhetor
587 3791 751 3852 notisumus,
759 3801 823 3840 reus
858 3797 900 3841 rto
915 3803 1028 3842 mmo.
1057 3788 1385 3854 Atquonuaiosoptmiii

298 3863 419 3915 veneficii
436 3864 496 3927 4444,
515 3865 824 3928 ouiusoausamexpri-
859 3879 908 3932 pro
933 3877 1056 3918 «summo
1081 3867 1174 3916 aestu·
1200 3865 1266 3916 dixit
1292 3865 1383 3916 iuven.

297 3939 349 3990 mis
371 3941 435 3990 tuno
458 3941 579 3992 oratores
603 3939 729 4003 egomt,
756 3938 822 3990 'lor-
860 3940 905 4003 44,
924 3939 973 3993 449
989 3952 1030 4005 sq.
1052 3969 1080 3978 -
1096 3938 1206 4004 4444444444]
1224 3942 1253 3991 et
1274 3941 1385 4004 propter

297 4015 395 4077 qualus
411 4013 468 4074 hio,
486 4012 521 4064 da
538 4025 594 4078 quo
610 4025 682 4064 nuno
699 4011 777 4074 dicit,
796 4014 824 4064 at
859 4017 970 4080 Augusti
987 4013 1089 4066 natales
1101 4017 1129 4067 et
1139 4015 1202 4078 quia
1214 4015 1285 4076 4444,
1303 4015 1333 4064 ut
1344 4015 1386 4064 osi

298 4089 404 4140 Asinius
425 4087 532 4140 Pollio.»
561 4091 654 4140 Poura.
684 4088 765 4140 444444
786 4089 824 4138 si·
859 4093 886 4142 in
903 4089 958 4142 lini.
970 4089 1040 4142 liatl.
1053 4088 1071 4140 l.
1088 4089 1105 4141 l.
1120 4103 1147 4154 p.
1160 4088 1217 4140 6446.
1231 4091 1259 4138 44
1275 4101 1301 4152 p.
1315 4085 1383 4146 iai..

298 4163 406 4228 gnificat
415 4163 540 4226 4444444444,
549 4161 735 4229 perdifficilem
745 4165 824 4216 istem
860 4167 892 4216 N.
904 4167 930 4216 P.
945 4165 988 4228 (=
1002 4164 1120 4216 44444444
1132 4163 1222 4228 4444444),
1235 4163 1324 4228 priore
1335 4161 1385 4224 igi·

299 4251 409 4292 causam
425 4242 536 4304 propter
549 4251 673 4303 maguam
684 4237 823 4290 homiuum
861 4241 903 4291 tur
923 4239 975 4291 diei
997 4241 1073 4304 parte
1096 4239 1137 4290 ius
1158 4238 1211 4289 dici
1228 4251 1243 4288 a
1260 4237 1385 4302 praetore

299 4315 539 4380 exspectationem,
558 4313 770 4379 quamunitas
783 4325 825 4366 as·
860 4327 913 4366 uon
938 4315 1051 4379 potarat.
1079 4339 1105 4352 -·
1130 4311 1253 4377 4444444444]
1279 4309 1386 4364 4444444444
