3178 4972
612 443 671 494 ΗΒ.
690 445 709 493 l.
745 442 843 494 erist.
862 443 926 494 ΚΝ.

270 603 414 668 Fratrem
436 598 622 674 maerentis,
648 609 739 697 rapto
761 596 804 666 do
827 596 923 666 lratre
947 597 1085 666 dolentis

271 719 498 798 immobiliter,
521 731 629 788 tamen
651 720 734 787 istuc
755 741 846 787 mens
869 719 1062 808 animusque

270 847 345 912 Fert
367 853 400 910 et
421 852 507 910 amai
527 843 639 930 spatiis
661 841 821 910 obstantia
842 861 994 930 rumpere
1016 839 1164 908 claustra.

270 968 356 1034 Hnre
378 985 440 1052 ego
461 966 637 1042 viventem,
661 975 695 1032 tu
717 963 798 1032 dicis
821 963 853 1030 in
874 963 956 1032 urbe
977 962 1126 1042 beatum3
1274 963 1315 1029 lo

264 1151 290 1162 -
312 1127 360 1188 rer]
377 1139 423 1176 rar
447 1125 513 1177 Dan.
539 1125 670 1177 Heinsius.
692 1152 718 1162 -
739 1124 763 1175 6.
782 1129 895 1176 οιονιιιιν
910 1125 961 1174 ic,
982 1149 1010 1161 -
1034 1124 1059 1174 9.
1078 1129 1134 1175 οισι
1149 1122 1283 1174 lienileius

261 1201 423 1252 coniectura.

229 1343 264 1394 de
281 1356 335 1407 quo
346 1357 372 1392 v.
386 1339 434 1392 Od.
448 1343 476 1402 i,
494 1341 535 1394 ΞΘ.
554 1343 582 1392 et
598 1341 627 1402 3,
647 1340 687 1392 li.
706 1341 753 1393 Hic
791 1342 820 1391 nt
836 1339 956 1402 videtur,
975 1331 1054 1406 ἅπαξ
1070 1336 1226 1406 λεγόμενον
1238 1341 1317 1392 mira·

229 1419 306 1482 igitur
327 1420 390 1468 lunc
409 1414 517 1481 lugebat
533 1419 648 1467 mortem
666 1417 753 1477 Quinti
790 1413 879 1465 biliter
895 1415 1001 1466 Lamiae
1014 1427 1165 1466 maerorem
1178 1413 1316 1464 etinctum

227 1492 323 1543 iratris.
344 1515 371 1526 —
395 1492 553 1553 quaqua„
567 1491 691 1556 mmatar]
714 1493 752 1542 lie
791 1491 950 1554 exprimunt.
980 1493 1072 1553 Aeque
1094 1489 1212 1553 lugubris
1234 1501 1316 1540 sonns

228 1566 378 1626 indicativo,
389 1579 471 1628 quem
483 1567 536 1615 mei
549 1577 656 1629 quoque
667 1564 751 1617 codd.
792 1567 833 1614 est
854 1565 988 1614 Homerici
1012 1562 1079 1615 illins
1099 1563 1171 1615 iliad.
1189 1570 1230 1628 ψ,
1248 1560 1314 1614 eii:

229 1642 349 1703 flmrant,
367 1640 429 1690 vide
446 1638 626 1700 Schmidium‚
645 1641 689 1704 qui
702 1641 754 1690 im·
791 1636 894 1706 ψυχὴν
927 1635 1092 1706 κικλήσκων
1125 1634 1316 1711 Πατροκλῆος

227 1715 432 1781 primisconiert
442 1715 755 1779 Epp.i‚ii,ii:qaam-
791 1713 907 1765 δειλοῖο.
936 1741 964 1754 -
991 1716 1126 1765 maerentia
1142 1742 1157 1754 -
1173 1741 1186 1752 ·
1204 1713 1315 1779 mauu]

227 1793 266 1840 cia
282 1790 334 1854 sera
349 1794 372 1838 te
387 1789 482 1838 navias
501 1793 619 1852 specum.
649 1790 753 1854 inspice
792 1790 892 1840 Versus
903 1789 1069 1850 huiusmodi,
1089 1803 1157 1854 quos
1169 1790 1257 1843 media
1269 1803 1316 1840 ae·

228 1865 308 1915 etiam
326 1864 412 1926 Reisig
428 1865 485 1913 Lai.
505 1863 635 1924 Spracluu
656 1861 680 1926 5.
694 1863 751 1913 3⁰5.
791 1865 832 1914 tes
850 1863 980 1913 Leoninos
997 1861 1149 1926 appellavit,
1175 1865 1316 1928 reperiun-

230 1965 259 1975 -
273 1939 356 2000 pietas
371 1942 395 1987 et
409 1936 482 2002 crea]
501 1937 649 1988 «iratemus
666 1949 751 1997 emor,
791 1940 835 1988 bar
850 1939 904 1989 iem
921 1937 992 2002 apud
1014 1939 1169 1990 Homerum.
1199 1938 1272 1990 iliad.
1285 1955 1314 2002 ν,

228 2025 282 2076 quo
308 2012 397 2062 Lamia
420 2013 505 2076 erepti
522 2011 609 2062 iratris
626 2011 754 2061 recorda-
791 2013 853 2063 iii:
873 2005 922 2075 Ὃς
943 2009 1023 2082 πάσῃ
1040 2011 1187 2086 Πλευρῶνι
1204 2015 1254 2065 καὶ
1270 2015 1316 2065 αἰ-

228 2085 482 2149 bacetacgritudo,
496 2086 752 2158 qnaconaumitur;»
792 2087 875 2159 κείνῃ
892 2085 1050 2138 Καλυδῶνι.
1080 2087 1175 2152 Odyss.
1196 2087 1226 2149 o,
1251 2089 1314 2140 iiiii:

228 2175 294 2224 non:
315 2161 428 2211 «Horaiii
440 2162 465 2210 in
478 2161 596 2211 Lamiam
608 2161 751 2221 studium»
791 2157 839 2228 Μὴ
859 2157 1105 2227 μνηστεύσαντες,
1130 2161 1198 2229 μηδ’
1215 2157 1316 2213 ἄλλοθ’

228 2235 334 2286 duobus
351 2235 393 2286 bis
409 2247 484 2285 voce.
494 2236 577 2297 pietas
593 2239 698 2284 cicaro
716 2236 753 2285 si·
791 2232 992 2302 ὁμιλήσαντες.
1022 2235 1126 2288 similes
1142 2237 1239 2301 Virgilii
1253 2251 1317 2288 ver-

228 2311 395 2374 gulilcatnm,
414 2321 516 2373 neque:
543 2322 622 2359 ιοιινο
642 2311 750 2368 Horatii,
791 2325 837 2363 sus
858 2311 964 2376 collegit
983 2311 1102 2375 Wagner
1122 2311 1156 2362 ed
1174 2313 1269 2376 Georg.
1286 2314 1314 2372 i,

225 2387 307 2448 pietas
318 2385 449 2434 Lamiae.»
469 2383 657 2435 ContraVoss:
677 2383 751 2435 Lieb'
792 2387 859 2448 tur..
884 2385 997 2451 exempli
1020 2399 1100 2437 cause
1117 2388 1184 2438 Aen.
1204 2388 1232 2448 a,
1251 2389 1315 2437 bii:

228 2461 291 2511 aaa
329 2459 513 2522 Heaorqcias
550 2471 599 2508 am
634 2460 750 2508 Lamia.
793 2462 863 2511 Talia
879 2462 1049 2512 iactantem
1065 2463 1248 2512 nictirocrlira
1265 2462 1317 2513 Ga·

229 2539 345 2588 Passer:
374 2535 491 2600 Psiiebt
514 2538 575 2587 uua
599 2537 687 2600 Sorff
704 2549 752 2586 am
790 2543 915 2588 nentem.
935 2537 963 2596 9,
976 2537 1037 2588 bit:
1056 2537 1318 2594 l,oerbisoiriatsm

228 2611 283 2661 aaa
311 2611 427 2660 Lamia.
467 2607 601 2672 Gargallo:
632 2610 754 2660 Carae
790 2609 1019 2672 iuaaesaperbis.
1042 2611 1315 2671 Cicedltiimb,

226 2686 312 2749 pisia
334 2685 364 2736 al
389 2686 500 2736 Lamia
523 2683 632 2734 beccis*
653 2686 694 2734 mi
710 2685 753 2732 ri·
791 2687 819 2734 i:
839 2685 1114 2746 Hasroremmirtai,
1127 2684 1317 2734 doloremque

228 2767 331 2824 leupo.
362 2759 413 2809 Sed
431 2760 481 2810 etsi
498 2759 593 2809 Cicero
613 2759 753 2821 hacslgni·
789 2760 928 2821 poiaiuec,
947 2758 1316 2822 siporremmetiem-iriaq

229 2834 554 2895 ilmtionediritpietaiem
565 2845 642 2896 erpa,
660 2834 687 2881 in
704 2833 754 2881 ali-
793 2833 959 2896 uinagrum,
982 2832 1078 2882 abitu
1102 2845 1174 2882 nnnc
1190 2843 1246 2880 es.»
1276 2832 1315 2881 Cl.

229 2921 301 2972 φιιοι
310 2908 425 2958 amicum
436 2907 496 2970 (non
507 2907 752 2970 consanguineum),
792 2907 868 2958 Hand
880 2907 955 2957 Turs.
969 2908 1011 2957 lll.
1024 2919 1051 2972 p.
1064 2905 1122 2957 toa.
1139 2935 1166 2944 -
1179 2919 1248 2955 meru
1259 2907 1317 2955 ani-

229 2983 392 3034 eonstructio
409 2983 500 3031 lamen
515 2993 577 3030 curn
590 2981 704 3044 genitivo
717 2981 754 3030 ni-
790 2983 902 3048 murqae]
922 2977 1006 3044 «νοῦς
1022 2981 1072 3031 κο)
1089 2977 1185 3045 θυμὸς
1200 2994 1244 3031 me
1255 2981 1318 3031 isiae

229 3059 280 3108 mis
298 3055 421 3119 ambigna
436 3057 587 3106 mansisset.
607 3055 753 3105 liectciam
790 3058 853 3119 seri,
884 3054 994 3121 impellit
1021 3069 1083 3116 me,
1112 3057 1142 3105 ui
1168 3056 1228 3106 istic
1256 3067 1316 3108 esse

230 3131 325 3182 Decier
340 3133 369 3180 ei
384 3129 522 3180 Sauadon:
547 3143 608 3192 par
624 3131 654 3179 la
666 3129 757 3192 piata
792 3131 869 3195 longe
887 3130 992 3190 malim,
1013 3133 1040 3181 ct
1055 3130 1137 3181 veluti
1149 3132 1175 3180 in
1188 3129 1257 3181 ludis
1269 3131 1318 3181 eir·

230 3211 257 3256 ei
281 3205 312 3255 ¹⁰
333 3205 462 3255 dotalem·
484 3205 753 3266 assumimusque
793 3206 919 3258 censibus
950 3207 1012 3270 equi
1045 3207 1149 3256 ierooes
1183 3207 1317 3270 quadrigis

230 3281 344 3343 Burgus:
370 3279 429 3329 Del
445 3278 588 3328 dolorido
604 3279 713 3328 Lamia
729 3277 755 3326 ol
791 3282 873 3332 iuncti
891 3281 1061 3345 impatienter
1077 3281 1248 3344 exspectant,
1267 3279 1318 3330 dc-

230 3354 466 3415 reatimieniou
494 3353 525 3404 ia
548 3353 665 3415 pieriarl
692 3353 755 3402 aia-
792 3355 1114 3420 necmappaepraetorc
1127 3355 1319 3404 missneclaa-

229 3441 310 3478 cera.
336 3429 551 3478 Consentaneum
564 3430 634 3486 erat,
654 3429 757 3491 ulpro·
791 3431 850 3480 siris
872 3432 888 3481 i.
910 3444 934 3480 e.
957 3428 1110 3480 carceribus
1127 3439 1222 3479 currus
1239 3429 1319 3479 emit·

229 3505 290 3566 pter
306 3503 355 3554 bos
372 3502 444 3566 ipsos
455 3500 602 3554 versiculos
620 3502 689 3552 banc
700 3503 756 3566 epi·
793 3506 894 3566 tantur,
922 3507 952 3555 ut
973 3505 1000 3554 in
1020 3503 1135 3554 liberum
1152 3505 1215 3554 circi
1233 3504 1319 3553 curri-

229 3575 325 3626 etolam
342 3577 399 3627 sine
416 3589 564 3627 meracum
581 3577 670 3627 Lamia
683 3589 756 3626 com-
793 3579 883 3630 culum
901 3581 1090 3644 prorumpant,
1114 3579 1153 3628 sic
1170 3591 1219 3641 ego
1236 3589 1317 3640 ιιιιιιο]

230 3651 387 3711 mulceret,
401 3663 488 3715 neque
498 3651 699 3715 igituriidquud
709 3650 756 3701 do-
793 3656 910 3720 primum
926 3665 973 3705 rus
989 3653 1122 3717 proticisci
1140 3653 1245 3716 cupio.»
1270 3653 1319 3701 ce-

230 3737 293 3776 cere
314 3724 433 3775 debebat
451 3727 574 3790 quemvis
589 3739 685 3776 sensus
698 3728 754 3775 eius
793 3733 881 3780 terum
903 3741 973 3778 mera
995 3729 1142 3789 animaeque
1164 3725 1235 3776 baud
1256 3739 1318 3776 raro

231 3799 304 3864 qnod
326 3799 413 3862 decet)
437 3813 490 3850 non
508 3811 585 3849 suam
608 3799 642 3849 de
665 3801 755 3850 Lamia
793 3805 828 3854 ita
846 3805 997 3868 iunguntur.
1018 3801 1056 3853 Ci.
1071 3799 1271 3851 Terenifandr.
1285 3800 1313 3860 i,

231 3887 337 3934 curam,
357 3874 405 3924 sed
422 3875 500 3924 unius
518 3875 623 3924 Lamiae
635 3873 755 3924 dolorem
795 3880 825 3938 i,
845 3879 906 3929 ⁴37:
925 3878 997 3928 Mala
1012 3891 1095 3939 mear,
1112 3876 1195 3926 mutus
1206 3876 1313 3925 animia.

232 3959 383 3998 memorare
406 3951 519 4012 poterat.
549 3948 649 3998 Horatii
666 3951 756 3998 autem
854 3963 857 3970 ·

231 4035 311 4072 curae
329 4021 485 4086 significatio
502 4021 637 4074 subiciens
649 4022 718 4073 inest
729 4023 755 4072 in
827 4025 915 4076 io-ro.
941 4027 1008 4076 liare
1022 4039 1067 4090 epa
1080 4024 1141 4089 cci]
1155 4023 1238 4087 «Ego,
1256 4024 1318 4087 quia

199 4129 211 4138 -
230 4111 256 4146 v.
274 4103 399 4148 ιιιονοιικ.
429 4125 457 4134 -
481 4098 755 4162 maram-patra]
794 4098 1009 4164 tranquillitatem
1042 4111 1143 4162 quaero
1174 4097 1318 4161 Sabinique

232 4173 361 4237 liepeiitio
374 4173 495 4223 eiusdem
513 4171 650 4233 vocabuli,
669 4173 756 4237 ipsum
794 4175 847 4224 mei
859 4175 1020 4226 amoenitate
1033 4170 1166 4234 delector,
1185 4185 1318 4237 rusprae·

232 4241 480 4312 ὁμοιοκέλεοτονι
499 4247 590 4298 nescio
601 4259 655 4310 quo
666 4261 758 4312 repre·
795 4248 864 4306 iero;
883 4249 911 4297 tu
928 4247 1038 4308 urbem,
1057 4248 1084 4297 in
1096 4260 1149 4312 qua
1160 4247 1317 4312 cupiditates

233 4323 360 4386 hennum,
378 4335 496 4387 sequens
508 4317 706 4385 ἱξοιοῦλλαβον
719 4325 755 4385 et,
793 4325 853 4373 tuas
870 4319 971 4372 lucilius
988 4319 1097 4388 expleas
1114 4323 1255 4385 minusque
1279 4320 1318 4372 la-
