3192 4974
652 460 710 510 un
730 459 748 508 1.
785 460 884 510 uersr.
903 460 944 508 vr.
1279 457 1341 524 tib

293 617 473 702 porrigere.
519 615 578 682 llic
601 615 736 682 multum
757 616 789 679 in
812 614 911 680 Fabia
932 613 1033 690 valet,
1058 614 1110 682 ille
1135 615 1260 695 Velina;

293 739 350 806 Cui
374 735 452 803 libet
473 735 526 804 hio
547 737 652 802 fasces
675 735 764 804 dabit
786 736 968 824 eripietque
991 735 1103 804 curule

292 860 350 926 Cui
373 857 464 925 volet·
482 859 685 946 importunus
707 857 798 926 ebur.
843 860 968 934 Frater,
992 859 1101 934 Pater,
1126 858 1226 939 addo;

292 982 331 1048 Ut
352 981 471 1068 cuique
496 989 673 1056 oetaeum,
697 981 740 1047 ita
762 999 928 1068 quemque
950 979 1073 1047 lanatus
1096 979 1223 1068 adopta.
1299 985 1339 1048 55

282 1181 345 1229 item
366 1180 405 1228 Lt.
425 1180 536 1241 (UtnoS,
557 1181 583 1239 S,
600 1177 673 1246 βγν.)
694 1209 720 1216 -
740 1180 780 1230 53.
801 1179 903 1230 Cuilibet
920 1180 958 1230 Lt.
980 1205 1007 1215 -
1025 1179 1077 1242 bio]
1094 1180 1116 1229 is
1133 1193 1195 1231 oum
1219 1181 1303 1231 Codd.

282 1256 311 1316 E,
323 1252 375 1316 βζπι
396 1252 531 1304 Bentleius
553 1255 580 1304 et
599 1255 626 1305 F.
652 1255 691 1316 (Ut
707 1267 769 1314 nos,
793 1253 903 1318 bsodp.)
925 1281 952 1292 —
970 1256 1037 1318 taeta
1053 1255 1079 1305 d.
1102 1283 1129 1292 -
1148 1257 1190 1306 tit.
1209 1257 1304 1319 adopta

283 1342 419 1393 superscr.
439 1327 579 1391 adopted.

250 1520 311 1558 rans
330 1507 399 1568 toro,
424 1510 452 1557 ut
474 1507 531 1558 eius
549 1507 704 1570 suffragium
722 1507 774 1558 sibi
815 1535 841 1544 -
868 1507 916 1572 liic]
943 1508 988 1558 Est
1014 1509 1105 1572 utique
1128 1509 1222 1560 tertius
1244 1507 1339 1574 aliquis

249 1580 398 1632 conciliet.»
438 1581 496 1630 vid.
524 1580 665 1632 tabernam
694 1585 775 1632 Pom·
811 1580 941 1645 plebeius.
977 1581 1045 1633 Male
1067 1581 1184 1632 nonnulli
1206 1583 1240 1645 tt,
1266 1583 1339 1647 quod

249 1657 370 1719 poianam
389 1655 415 1704 in
438 1657 521 1706 Musei
547 1655 688 1706 Borbonici
714 1655 772 1706 Vol.
812 1655 984 1706 referendum
997 1658 1070 1708 esset
1087 1657 1121 1708 ad
1133 1671 1175 1707 vv.
1189 1658 1230 1707 tto
1244 1659 1336 1708 Velina.

248 1731 278 1779 x.
302 1731 363 1793 post
383 1727 525 1780 voluminis
545 1730 670 1780 indicem.
701 1731 774 1780 llaec
814 1757 842 1766 -
861 1729 1027 1795 importunus]
1047 1734 1173 1795 «propter
1195 1733 1339 1782 morosita-

248 1804 366 1853 omniurn
384 1803 580 1867 simplicissima
591 1806 632 1855 eet
643 1804 774 1868 interpre-
812 1806 868 1854 tem
885 1805 1073 1856 incommodus
1091 1807 1118 1854 et
1135 1805 1337 1866 inexorabilis.»

248 1879 323 1938 talio,
343 1879 369 1926 in
381 1890 462 1940 quom
476 1881 579 1938 tomen,
593 1878 665 1943 quod
678 1880 771 1940 solam,
814 1878 991 1942 Trotztopf.
1012 1907 1040 1916 -
1056 1881 1144 1930 moola
1155 1907 1169 1918 ·
1181 1881 1249 1945 abar]
1270 1879 1339 1932 usel-

248 1955 356 2016 praeter
377 1954 490 2016 Lupium
513 1955 539 2002 ln
561 1952 688 2004 ttorcellii
706 1955 773 2018 opp.
811 1953 865 2004 lam
891 1953 1026 2015 curulem,
1053 1953 1247 2006 consulatum.»
1286 1956 1339 2006 Lo-

249 2027 332 2091 opigr.
347 2029 365 2076 l.
378 2039 405 2090 p.
418 2027 475 2077 346.
490 2041 570 2078 nemo
586 2028 685 2078 incidit.
710 2029 777 2078 Ver·
812 2029 902 2091 quitur
913 2029 1021 2079 omnino
1037 2030 1116 2092 qnasi
1130 2031 1222 2080 vetere
1239 2043 1269 2080 re
1286 2043 1339 2094 pu-

249 2103 307 2151 tunt
332 2102 404 2151 enim
434 2102 527 2152 «uber
553 2103 670 2153 Gabali
690 2104 773 2164 tim»
812 2101 1337 2168 utica.eisanepertugustiinoriente

249 2176 343 2224 «oltra
368 2177 404 2239 ρι’
427 2177 622 2240 inpombri,»
645 2191 695 2228 «ou
716 2191 775 2228 me-
812 2176 974 2238 ebsentiam,
987 2179 1147 2242 praesertim
1159 2191 1183 2228 a.
1195 2191 1222 2228 u.
1233 2191 1256 2228 o.
1268 2178 1337 2240 rau,

247 2252 296 2300 rito
312 2252 347 2300 da
362 2265 425 2300 una
441 2251 559 2311 bullam
578 2256 732 2316 quasivero
745 2267 773 2304 v.
812 2251 911 2302 multoe
929 2251 1024 2302 turbae
1042 2253 1158 2303 maxime
1177 2254 1204 2302 in
1222 2254 1338 2305 comitiis

244 2326 360 2394 polidoro
384 2325 545 2388 signiticaret
571 2328 598 2389 t)
626 2327 773 2387 intrabam»
812 2327 972 2390 quaestoriis
981 2329 1054 2377 ortae
1064 2329 1337 2392 erant‚oompreseae

247 2401 271 2462 Ξ]
291 2401 424 2451 «cuiusvis
441 2403 546 2464 generis
564 2402 731 2462 obstacula;»
750 2403 773 2466 3]
812 2415 826 2451 a
846 2403 875 2451 C.
889 2403 978 2452 Sentio
996 2401 1114 2452 consulo.
1142 2401 1232 2453 Vellei.
1246 2403 1275 2463 2,
1295 2403 1336 2453 et.

248 2487 349 2525 «onera
366 2489 380 2523 a
398 2473 494 2526 baiulis
505 2488 555 2539 per
568 2476 670 2541 plateas
682 2480 774 2543 porta·
815 2503 842 2512 -
855 2477 959 2539 Frater,
974 2483 1049 2540 poter
1061 2477 1124 2541 oet]
1139 2477 1277 2528 interdum
1289 2491 1339 2542 por

247 2552 302 2599 ta.»
321 2548 369 2599 niti
382 2551 591 2615 interpretantur
608 2553 773 2616 «permedia
812 2549 967 2601 blanditiam
984 2553 1078 2616 tratres
1097 2550 1267 2616 appellabant
1287 2554 1339 2603 bo·

247 2623 364 2688 plaustra
375 2627 446 2677 saxis
463 2624 547 2676 aliave
560 2625 630 2677 mole
646 2629 773 2687 onusta;»
813 2626 899 2677 minoe
917 2629 1004 2676 aetate
1022 2625 1073 2677 ribi
1091 2625 1230 2689 aequales,
1250 2631 1339 2689 putrer

247 2697 273 2747 id
291 2698 363 2762 qnod
387 2713 436 2763 por
457 2713 487 2751 se
511 2700 569 2750 fleri
593 2702 695 2765 nequit.
729 2703 774 2752 ln·
812 2701 943 2750 seniores.
974 2698 1056 2750 Plani.
1080 2701 1149 2750 liud.
1176 2702 1203 2761 i,
1231 2701 1263 2763 2,
1289 2703 1335 2751 2⁴:

249 2774 290 2822 ter
307 2771 423 2835 reliquas
434 2775 611 2839 praecipuum
622 2773 711 2826 locum
723 2775 775 2825 ob·
812 2777 912 2824 Pensm.
941 2775 1029 2834 Pater,
1053 2775 1154 2824 motio.
1179 2801 1194 2811 -
1216 2799 1231 2811 ·
1251 2777 1336 2826 Dran.

248 2849 313 2897 tinet
329 2849 440 2898 Gesneri
462 2851 661 2914 interpretatio:
690 2849 773 2901 cultra
813 2849 921 2909 (ὶυασνο,
953 2847 1007 2908 uir,
1031 2861 1112 2908 porro
1133 2851 1243 2908 patron.
1284 2850 1338 2912 li'po

248 2921 434 2985 aequilibrium
458 2925 590 2988 eorporis,
617 2936 680 2974 cum
702 2925 774 2988 peri-
809 2922 916 2986 titiotmn
944 2920 1032 2986 [olim]
1061 2935 1140 2971 marn
1159 2921 1250 2984 bubni,
1280 2935 1338 2973 eoru

248 2995 308 3047 onlo
320 2995 464 3058 cadendip·
483 3011 564 3062 quam
582 2999 660 3048 unico
678 2998 775 3062 proba·
811 3009 890 3045 reama
901 2996 1010 3056 perdidi.
1044 2995 1118 3046 Viritr
1129 3009 1339 3060 statuamqunm

248 3071 285 3120 vit
302 3071 533 3124 Lachmannusad
547 3074 652 3123 Lucret.
666 3074 694 3134 6,
714 3073 772 3124 tri.
811 3071 890 3120 uttam
914 3068 975 3134 [epo]
997 3071 1081 3120 botai.
1111 3071 1203 3120 iuven.
1225 3071 1254 3132 t,
1279 3072 1336 3139 ibit.

250 3143 308 3194 coll.
323 3146 428 3196 Lucret.
441 3147 471 3206 2,
489 3147 547 3197 2⁴8.
578 3147 652 3198 Ouid.
665 3148 772 3198 Metam.
812 3145 888 3194 virro
901 3143 935 3193 ad
950 3145 1076 3194 Trebium
1088 3142 1213 3195 clientem
1225 3149 1337 3210 repente

250 3222 276 3280 i,
296 3221 341 3270 lt:
370 3221 420 3272 Noa
436 3221 775 3284 circummanentem
812 3217 938 3279 ditatum,
958 3219 1336 3282 quemonteasuporbisaime

248 3297 308 3345 ot'ra
332 3296 403 3345 otus
423 3295 574 3346 Ponderibto
596 3297 689 3346 librato
713 3297 772 3346 eutr.
812 3295 986 3343 tractaverat:
1010 3293 1073 3356 lis,
1099 3293 1195 3357 pour,
1221 3293 1254 3343 ab
1277 3295 1338 3356 ipati

250 3370 348 3420 Lnoan.
369 3371 396 3430 i,
415 3370 461 3420 bi:
480 3370 566 3420 librati
579 3372 693 3434 polidoro
711 3372 775 3422 coeli
811 3367 903 3419 tium?
940 3367 1051 3433 Capitol.
1079 3369 1113 3418 M.
1140 3369 1264 3420 Antonin.
1290 3369 1335 3420 ta:

250 3444 312 3495 Orto
337 3450 391 3496 tene
414 3445 503 3494 molto
541 3447 668 3496 Dtintzeri
690 3447 775 3496 inter·
812 3443 1032 3495 oom--atattts
1047 3445 1120 3494 morto
1136 3443 1246 3508 frater,
1264 3445 1338 3494 modo

248 3519 388 3583 pretationi
401 3518 623 3570 «ultramodum»
636 3520 773 3572 aduersari
808 3524 917 3582 potor,
943 3520 1017 3570 modo
1042 3519 1146 3582 filios,
1172 3524 1201 3570 ut
1218 3521 1339 3581 mumque

248 3591 353 3644 uidetur
371 3595 537 3644 consuetudo
556 3595 653 3646 Latina.
811 3599 882 3644 outae
897 3593 1007 3653 metat,
1032 3595 1155 3645 dicautur
1174 3595 1226 3645 oet.
1256 3595 1338 3658 Spar-

812 3671 899 3720 tianus
910 3669 938 3719 in
949 3669 1008 3720 Did.
1022 3667 1069 3719 lul.
1080 3669 1110 3720 t:
1125 3670 1337 3731 beatumque,

282 3743 370 3794 itt-55.
396 3743 529 3793 rania„
544 3745 636 3809 Velina]
655 3745 725 3795 duae
741 3758 773 3795 ex
811 3749 839 3794 at
854 3749 911 3794 oroi
927 3747 1010 3804 natae,
1028 3744 1068 3793 ool
1089 3749 1210 3806 patrem
1233 3743 1273 3792 ool
1296 3743 1336 3806 si·

249 3817 346 3868 XXXV.
365 3818 489 3869 tribubus
506 3820 646 3882 Romanis,
665 3821 700 3870 de
717 3821 776 3885 qui·
811 3819 888 3868 tium
903 3818 942 3868 ool
964 3823 1126 3881 parantem
1151 3819 1246 3881 affatos
1262 3817 1336 3868 bloo-

248 3891 299 3942 bus
322 3892 383 3942 vide
409 3894 491 3944 tneor.
509 3905 544 3944 rn.
563 3895 618 3943 Lat.
637 3895 665 3944 ii.
686 3907 713 3958 p.
733 3895 773 3943 ll.
811 3894 910 3944 dormio
926 3898 969 3943 ort.
999 3893 1042 3944 Sin
1060 3893 1141 3943 etiam
1159 3894 1259 3942 Graeci.
1281 3894 1336 3943 Lu-

250 3965 350 4016 «Homo
383 3967 462 4030 igitur
489 3969 621 4030 gratiosus
649 3967 775 4030 sutfragia
812 3968 879 4019 oian.
905 3967 1020 4031 Menipp.
1044 3967 1084 4017 ut.
1123 3965 1275 4018 Philonides
1302 3967 1337 4017 ad

249 4038 385 4090 tribulium
402 4054 514 4092 suornm
532 4042 578 4092 tibi
597 4039 773 4100 conciliabit·
812 4043 978 4107 Menippum:
997 4032 1175 4112 einarr'ptov.
1192 4069 1218 4077 -
1231 4043 1336 4106 facetos]

248 4112 303 4174 vol,
322 4117 352 4164 ut
369 4115 488 4166 aiebant:
510 4115 627 4166 «tribum
638 4129 715 4167 suam
728 4115 774 4166 tibi
814 4115 926 4167 ablanda
944 4118 971 4166 et
988 4117 1130 4177 comitem
1154 4117 1210 4165 mit
1231 4116 1336 4180 Arttq·

249 4188 398 4240 conficiet.»
416 4215 443 4226 -
461 4190 696 4254 Coittbatldiviaa:
715 4191 776 4242 ndo·
812 4191 880 4240 lenit.
919 4191 996 4241 Voss.
1024 4191 1129 4254 atain.»
1163 4193 1277 4242 Pissow.
1307 4219 1334 4228 -

250 4263 288 4313 bit
305 4264 343 4323 ei,
368 4265 412 4314 oui
430 4265 495 4315 dara
513 4265 562 4329 ipsi
580 4262 699 4331 placeto
722 4280 775 4318 non
813 4265 917 4329 adopta]
934 4265 977 4315 sio
989 4264 1107 4327 primum
1119 4277 1255 4329 quemque
1267 4266 1337 4314 tam-

249 4339 358 4392 iunctim
370 4339 476 4401 mauu,
491 4341 593 4405 «primo
605 4341 729 4404 unique.»
746 4369 772 4378 -
813 4352 895 4403 quam
911 4339 1054 4402 cognatum
1065 4338 1263 4392 eatumdosibi
1274 4351 1337 4390 oon·
