3192 4974
681 473 809 524 ttottntss
828 471 1049 524 EPISTULARUM

364 633 411 699 lid
434 653 522 698 mare
545 629 722 697 descendet
744 639 835 695 vates
860 639 932 695 tuus
956 639 989 694 et
1011 627 1071 694 sibi
1096 637 1208 714 parcet

364 757 619 840 contractusque
642 751 741 838 leget,
766 759 812 828 te,
836 749 942 816 dulcis
964 749 1083 825 amice,
1108 749 1229 816 reviset

366 878 446 944 Cum
469 874 639 962 Zephyris,
665 874 692 938 si
716 871 893 947 concedes,
918 881 950 937 et
972 869 1144 937 hirundine
1166 871 1278 958 prima.

364 1001 447 1074 Non,
472 1017 538 1083 quo
561 1015 651 1062 more
674 995 752 1082 piris
775 993 863 1060 vesci
887 991 1025 1060 Calaber
1048 992 1138 1059 iubet
1162 990 1298 1078 hospeS,

364 1122 407 1185 Tu
430 1140 482 1184 me
505 1118 604 1184 iecisti
628 1115 832 1203 locupletem.
879 1115 1016 1180 Vescera
1039 1113 1147 1180 sodes.
1370 1113 1383 1177 4
1391 1115 1411 1177 5

389 1327 428 1376 43.
457 1326 573 1375 concedes
590 1337 724 1387 superscr.
744 1324 753 1370 i
771 1321 912 1386 (concedis)
930 1321 961 1382 b,
981 1322 1102 1370 concedas
1122 1333 1146 1369 c.

324 1543 350 1550 -
370 1512 456 1577 4444444]
476 1513 593 1562 Primam
609 1511 728 1560 hiemem
746 1509 846 1574 stgnto-
883 1511 913 1560 de
928 1523 998 1560 more
1014 1509 1119 1570 libellas,
1141 1511 1228 1560 Nescio
1246 1511 1306 1572 qaid
1323 1524 1409 1575 naca-

322 1591 378 1649 cat,
405 1587 451 1636 uhi
474 1587 579 1637 montes
597 1584 691 1636 Albani
715 1585 767 1634 tarn
785 1585 845 1634 nive
882 1593 953 1646 enm,
980 1590 1172 1646 contractaeque
1190 1585 1315 1650 tacebam
1341 1587 1410 1636 Nom

321 1664 507 1727 asperguntur.
538 1661 593 1710 Cic.
607 1659 641 1711 de
653 1659 737 1709 Divin.
752 1659 779 1718 t,
800 1657 844 1718 tt,
882 1673 942 1708 rore
961 1661 1091 1710 auctumni
1112 1660 1290 1721 nentatinisaae
1308 1661 1410 1723 pucino

322 1737 367 1788 ⁴8:
394 1737 502 1786 tumidos
517 1735 613 1786 Albano
629 1735 656 1784 in
672 1738 755 1784 nwnte
770 1733 846 1782 niva-
882 1735 1015 1798 Fricidnla
1031 1733 1144 1784 intrabat
1160 1735 1227 1784 mala
1243 1739 1328 1784 sartos
1341 1749 1410 1784 aare

320 1811 362 1864 let.
389 1811 501 1862 Omnino
519 1808 562 1860 illo
575 1811 696 1873 tempore
710 1807 846 1858 niveslre·
881 1809 1017 1872 fenestras,
1045 1811 1072 1859 in
1093 1809 1199 1860 Adnott.
1220 1810 1276 1873 ipse
1295 1808 1410 1873 explicat

321 1889 476 1952 quentiores
505 1887 582 1936 erant
610 1884 636 1934 in
663 1882 735 1934 ltalia
763 1895 844 1947 quem
882 1884 1112 1933 nanniccniato.
1142 1885 1230 1948 Atque
1248 1896 1358 1948 prorsus
1370 1885 1409 1934 sic

320 1975 400 2012 nunc.
416 1989 444 1998 —
457 1961 495 2011 Ad
508 1959 588 2023 mare]
606 1959 632 2008 in
651 1957 779 2022 oppidum
797 1955 845 2006 ali·
883 1957 1014 2007 Lucienus
1032 1958 1058 2006 in
1075 1955 1249 2019 saturnale,
1269 1957 1293 2008 9,
1313 1959 1339 2008 in
1351 1959 1408 2009 hie·

319 2037 392 2100 quod
410 2037 587 2094 maritimum,
616 2031 729 2093 Veliam,
757 2029 845 2081 Saler—
883 2033 933 2082 mis
967 2031 1159 2096 descriptione:
1195 2031 1226 2082 ot
1258 2025 1409 2102 ἅνθρωποι

320 2124 393 2162 num.
418 2111 490 2174 tlipp.
510 2110 533 2168 l,
554 2109 594 2168 45,
613 2107 647 2168 4.)
666 2107 780 2166 Ostiam,
800 2107 844 2170 qui
882 2102 1112 2168 ἐπικεκυφότες·
1124 2099 1229 2171 -ἁμφὶ
1247 2103 1299 2172 τὴν
1318 2105 1409 2172 κάμι-

320 2188 413 2248 portus
431 2184 512 2234 maris
530 2182 601 2231 haud
619 2181 697 2230 nimis
714 2193 844 2230 amoenus
882 2195 933 2230 νον
951 2180 981 2230 οἱ
996 2179 1106 2230 πολλοὶ.
1139 2183 1237 2245 (lpsum
1255 2181 1336 2245 trigas
1350 2197 1409 2234 con-

319 2263 346 2308 et
363 2255 518 2320 tranquillus
530 2269 590 2305 esse
608 2257 727 2318 poterat,
747 2267 845 2317 quem·
881 2260 990 2304 tractam
1012 2258 1124 2305 vocatur
1147 2254 1286 2318 uvirgilio
1310 2259 1406 2320 Georg.

320 2345 372 2395 que
390 2343 523 2393 nusquam
535 2331 683 2388 memorat,
702 2327 843 2391 significari
881 2330 910 2390 4,
930 2332 992 2381 459;
1019 2345 1079 2394 opas
1101 2336 1229 2380 contracto
1251 2331 1347 2395 fricare
1365 2333 1408 2395 pi-

319 2418 372 2455 non
395 2409 468 2469 puto.
504 2403 552 2454 Alii
575 2417 668 2454 rursus
690 2405 801 2466 propter
816 2417 841 2452 v.
880 2405 963 2469 prae.)
999 2405 1075 2456 Nulla
1102 2407 1193 2456 autem
1226 2407 1295 2456 inest
1326 2421 1407 2471 repu-

319 2479 359 2530 ts.
379 2481 406 2528 et
423 2480 532 2543 propter
544 2477 646 2528 Calabri
656 2477 758 2538 hospitis
769 2489 844 2526 men·
881 2481 1003 2543 gnentin3
1032 2492 1108 2542 nam,
1134 2483 1164 2530 ut
1180 2479 1287 2544 colliges
1310 2494 1343 2532 ex
1362 2483 1409 2532 Se-

319 2553 418 2603 tionem
443 2553 476 2614 tv.
497 2551 546 2614 44.)
570 2553 718 2614 cogitarunt
740 2550 774 2599 de
792 2551 843 2600 Ta·
881 2555 950 2604 ctani
973 2553 1110 2614 uersibus,
1138 2555 1219 2605 ettam
1242 2554 1293 2606 sub
1317 2554 1406 2606 ltaliae

318 2630 409 2688 rento,
429 2627 502 2691 quod
520 2629 611 2676 tamen
628 2626 664 2676 ibi
681 2627 759 2676 unice
779 2637 843 2688 pro·
881 2629 1021 2679 mitissimo
1056 2627 1143 2690 caelo,
1178 2630 1259 2680 etiem
1288 2628 1405 2692 Salerni,

318 2705 378 2768 pter
404 2703 522 2766 quietem
547 2703 575 2750 et
599 2701 682 2751 otium
706 2712 758 2750 una
781 2713 843 2750 cum
881 2716 973 2754 mense
996 2707 1069 2754 certe
1093 2705 1228 2765 tannen-io,
1255 2702 1297 2754 vel
1323 2705 1407 2754 senti-

317 2777 414 2828 Tibure
432 2775 563 2828 laudatur.
588 2800 616 2812 -
643 2775 752 2825 intimae
775 2775 843 2824 ami·
881 2791 941 2828 mus
966 2777 1100 2828 interdum
1122 2777 1164 2828 vel
1188 2779 1287 2828 sentire
1310 2777 1406 2829 saltem

317 2853 393 2901 citiae
411 2851 567 2913 significatio
586 2850 655 2899 inest
672 2850 697 2898 in
714 2863 756 2899 vv.
773 2854 844 2899 vates
880 2851 957 2902 nobis
990 2852 1115 2903 videmur
1148 2853 1284 2916 [ricidatae
1315 2865 1405 2904 auras.

317 2931 388 2986 tates,
407 2927 437 2974 ut
453 2925 500 2974 Od.
514 2925 543 2984 2,
563 2924 592 2985 6,
610 2923 655 2974 at:
678 2924 745 2973 Vatis
756 2924 840 2983 anniae
881 2927 960 2987 Quid,
980 2927 1052 2990 quod
1070 2931 1160 2978 nostra
1173 2929 1355 2991 interpretatio
1368 2927 1406 2978 le·

316 3001 343 3051 id
361 3000 432 3064 quod
451 3012 503 3050 non
521 2997 721 3059 intellexerunt,
748 2999 793 3062 qui
815 2999 842 3047 iu
879 3003 975 3052 stivam
999 3002 1111 3066 praebet
1134 3004 1277 3066 imaginem
1297 3002 1405 3055 lectoris

318 3076 368 3126 hac
395 3072 510 3138 Epistola
536 3074 600 3123 satis
626 3085 717 3122 acrem
744 3073 842 3122 Horatii
879 3077 1036 3144 φαντασίᾳ,
1056 3076 1154 3128 nullam
1171 3077 1303 3142 reliquae:
1323 3081 1346 3142 4)
1361 3081 1402 3129 «in

317 3162 380 3200 cum
414 3149 568 3199 Maecenate
603 3145 841 3211 expostulationem
879 3155 992 3214 angusto
1002 3151 1191 3215 cubiculo3n2)
1204 3166 1330 3204 «secessu
1341 3167 1405 3218 gau-

316 3225 468 3288 repperisse
486 3221 536 3272 sibi
550 3222 680 3272 visisunt.
697 3221 843 3272 —Contra-
880 3227 976 3286 dena»
1004 3228 1131 3285 cerutus.
1157 3229 1186 3277 ut
1202 3229 1332 3278 Ditntzer:
1357 3243 1406 3280 aa·

315 3303 416 3358 cttnqae
433 3297 503 3360 tecet]
517 3297 626 3357 «Omne,
645 3295 725 3344 etiam
737 3294 842 3345 levissi-
879 3303 1064 3366 rocepezocam
1083 3300 1106 3364 3)
1126 3303 1247 3365 sparetus
1260 3304 1353 3354 vivens
1365 3303 1406 3354 le-

317 3385 391 3422 mnm
403 3371 497 3434 trigas,
518 3369 683 3434 quodquam
697 3368 842 3419 molestum
880 3388 970 3438 gamp»
995 3376 1021 3424 in
1043 3389 1096 3438 qua
1118 3377 1199 3426 etlam
1216 3376 1327 3427 ridicula
1345 3379 1405 3428 iun-

316 3444 381 3495 mthl
398 3445 432 3494 sit
448 3443 534 3508 probe
546 3445 626 3505 nosti,
645 3443 784 3504 vitaturus,
798 3457 843 3492 ve·
879 3451 954 3498 cluna
980 3449 1113 3511 offendor,
1145 3453 1171 3500 ct
1196 3463 1265 3513 quac
1291 3452 1406 3502 afferunt

316 3517 403 3570 stibus
427 3516 559 3568 involutus
577 3531 620 3568 me
639 3520 769 3581 quantum
791 3531 842 3582 po·
879 3522 1001 3587 exempta
1020 3525 1093 3588 (epp.
1110 3526 1137 3586 4,
1156 3525 1186 3586 tt,
1205 3527 1250 3576 eo:
1270 3527 1406 3578 coeam

317 3597 387 3654 tero,
407 3593 472 3644 dum
490 3593 632 3643 commode
645 3591 718 3655 lego,
738 3596 842 3642 contra·
878 3603 1078 3660 --paapertate
1097 3599 1189 3648 Monet.
1201 3600 1247 3650 te:
1268 3602 1327 3662 onis
1338 3603 1405 3652 mim

316 3669 379 3720 hem
396 3670 476 3732 etque
494 3666 666 3718 incurvabo.»
694 3668 842 3718 Contractus
878 3673 1032 3722 contractior
1048 3672 1111 3722 illc?
1134 3673 1235 3724 Seneca
1253 3675 1287 3725 dc
1304 3677 1402 3727 Tnan,

316 3757 380 3808 ergo
411 3745 453 3794 est
484 3741 841 3805 aasammenceltanort‚
879 3746 1402 3808 o‚3:naottareoontrocttin.deeenot.

315 3816 840 3881 enczusammencescnrniept(Voss.),
878 3821 908 3882 e,
928 3820 974 3880 et,
994 3821 1023 3872 3:
1038 3823 1218 3884 parcissimum
1228 3824 1406 3876 commeo.

316 3893 346 3943 ut
362 3893 416 3942 Sat.
429 3893 459 3952 2,
478 3892 507 3952 7,
527 3891 572 3940 ot:
593 3891 754 3939 Cornractam
770 3890 842 3953 pent-
878 3909 966 3946 comas
990 3897 1076 3958 pusilli
1102 3899 1183 3948 misni
1210 3905 1233 3948 et
1261 3899 1405 3964 contracti.)

316 3965 481 4028 bia-capat.
512 3965 666 4027 Hieronym.
687 3965 734 4028 Ep.
753 3965 793 4015 53.
808 3965 841 4016 de
879 3969 981 4020 habent
1003 3973 1092 4021 omnia
1116 3972 1252 4023 notionem
1273 3975 1319 4024 aut
1338 3988 1405 4026 con-

316 4038 469 4103 Vigilantto:
495 4040 645 4105 crudissimo
661 4039 757 4104 [eicon
777 4041 844 4090 notas
879 4047 996 4109 temptas
1022 4049 1068 4096 eut
1092 4047 1323 4110 reprehensionis,
1351 4061 1404 4113 qua

316 4119 392 4174 atque
408 4120 552 4164 contractae
569 4114 755 4164 Dormitantstn
775 4115 842 4179 vici-
877 4121 957 4182 poete
975 4120 1032 4184 ipse
1049 4133 1079 4171 se
1094 4121 1202 4172 allicere
1220 4135 1273 4173 non
1289 4124 1403 4187 poterat.

315 4188 377 4238 tobit
393 4189 420 4238 in
436 4189 534 4240 tectulo.
564 4191 649 4254 Atque
668 4189 707 4238 sic
728 4189 781 4239 iam
801 4190 841 4240 in·
878 4193 971 4255 Neque
988 4207 1053 4243 vero
1072 4194 1188 4246 Obbario
1200 4197 1331 4248 accedere
1344 4209 1406 4262 pos·

317 4261 416 4314 tellexit
427 4265 596 4324 Q.Sectanus
607 4263 839 4326 (Sargardinsielat.
879 4279 940 4316 sum
958 4267 993 4318 ita
1011 4269 1209 4334 interpretanti:
1237 4273 1283 4322 «V.
1300 4275 1405 4322 conna-

317 4340 345 4400 4,
370 4339 399 4400 6,
422 4339 450 4388 6:
479 4339 555 4400 Inane
571 4351 662 4388 monae
677 4341 743 4389 venit
768 4339 843 4389 tritae
878 4344 932 4390 ctae
949 4341 989 4392 vel
1002 4343 1027 4394 in
1038 4342 1176 4407 publicum
1187 4345 1342 4410 prodeunti,
1361 4344 1404 4397 vel
