3116 4968
276 397 338 464 4444
657 397 985 450 444444444444444444

319 552 470 622 Oilendet
491 553 645 622 solido..
664 603 695 618 ..
719 553 781 620 nisi
802 551 883 640 quid
905 561 956 630 444,
980 550 1074 620 docte
1097 552 1239 631 Trebati,

318 675 485 742 Dissentis.
531 673 691 764 Equidem
712 673 789 740 nibil
810 672 885 742 binc
906 671 1076 741 diffindere
1098 695 1242 762 possum.

319 796 385 864 Sed
406 807 513 864 temen
534 807 570 866 ut
590 796 729 863 monitus
751 813 885 871 caveas,
908 815 949 862 ue
971 793 1052 862 torte
1074 795 1182 882 negoti
1322 795 1365 859 80

317 919 453 986 Incutiat
474 917 529 985 tibi
551 917 631 1006 quid
653 927 835 985 sanctarum
858 916 984 985 inscitia
1004 916 1127 1004 legum:

341 1153 381 1203 78.
401 1152 508 1216 0444444444
523 1153 550 1202 S.
575 1180 602 1188 -
628 1152 668 1203 79.
687 1153 726 1202 bic
743 1152 797 1203 tet
813 1153 841 1202 et
856 1151 991 1202 ileiudori.
1031 1149 1145 1215 (Habent
1165 1151 1222 1201 44444
1239 1149 1331 1216 4484ρ.)

313 1254 340 1263 -
363 1227 493 1290 diffindere
518 1225 602 1278 Codd.
621 1225 682 1290 aliq.
703 1227 771 1277 Fece
796 1228 824 1276 et
848 1225 977 1286 Pettierii,
1006 1225 1091 1276 LCtF:
1125 1225 1238 1290 diffidere
1263 1237 1278 1276 c
1304 1227 1332 1276 et

309 1301 363 1351 duo
380 1301 511 1359 Pottierii,
537 1302 669 1364 4444444444
684 1301 721 1351 bs
738 1303 766 1350 et
789 1302 916 1365 quattuor
940 1301 1073 1361 i‘ottierii,
1099 1301 1164 1351 item
1187 1299 1331 1360 Bentleius,

309 1375 439 1426 lieiudori
453 1378 480 1426 et
497 1375 549 1436 444,
568 1375 708 1440 abiecere
724 1375 790 1425 Cod.
810 1375 919 1440 Cruquii
935 1375 1073 1424 Tousauus
1091 1378 1119 1425 et
1136 1373 1264 1425 Wieiaud.
1285 1372 1296 1437 (
1315 1375 1320 1386 ¹

308 1451 421 1513 diffidere
438 1447 547 1501 Bentleii
564 1447 645 1500 dubia
663 1449 800 1514 suspicio.)
822 1476 845 1488 -
867 1449 908 1500 80.
926 1447 963 1514 444]
981 1449 1008 1499 te
1024 1449 1089 1500 Cod.
1108 1449 1187 1500 Tous.

276 1655 373 1706 trustra
390 1667 434 1705 me
452 1667 626 1718 aggressurus
638 1656 698 1706 sit.»
713 1681 740 1692 -
753 1655 801 1704 44444
839 1654 1100 1719 interpretationem,
1120 1665 1190 1717 quas
1209 1651 1305 1705 clarius
1322 1666 1368 1704 44-

276 1731 337 1794 qutd
352 1729 389 1794 tu]
413 1730 501 1781 «lineo
517 1731 591 1789 suut,
614 1741 683 1793 quae
701 1729 736 1780 de
755 1741 800 1779 me
837 1741 931 1792 pressa
943 1729 997 1780 buo
1008 1728 1089 1779 redit:
1104 1729 1205 1780 «Senex
1217 1726 1323 1792 lepidus
1335 1731 1364 1779 et

275 1805 466 1870 propositoque
483 1817 545 1855 meo
562 1804 652 1854 dicere
669 1817 755 1868 queo;
774 1805 802 1854 et
839 1805 940 1855 44444444
957 1805 1040 1853 utitur
1056 1802 1165 1867 quidem
1180 1803 1265 1854 verbo
1284 1815 1367 1868 saepe

276 1879 341 1930 mibi
357 1878 453 1929 videor
468 1891 532 1929 vere
550 1893 582 1929 ac
599 1881 674 1928 recte
696 1877 801 1929 locutus
838 1891 853 1927 a
871 1891 903 1928 se
918 1875 1008 1927 audito
1026 1879 1053 1928 et
1069 1879 1198 1942 usurpato
1215 1879 1242 1928 in
1259 1879 1316 1928 iure
1328 1877 1366 1928 ci-

277 1965 350 2016 esse,
369 1954 419 2004 uisi
435 1954 503 2004 forte
516 1956 544 2003 tu
561 1954 588 2002 444
605 1954 656 2003 boo
668 1951 746 2004 iliove
757 1951 803 2002 ali-
837 1952 891 2015 viii,
901 1952 951 2004 sed
960 1965 1041 2003 sensu
1049 1953 1168 2017 proprio:
1180 1951 1367 2008 «abscindere.

277 2029 319 2078 ier
334 2028 431 2088 sentis,
451 2027 478 2077 id
495 2026 567 2091 quod
585 2028 650 2076 mibi
667 2027 742 2078 dicas
757 2041 803 2077 ve-
838 2041 980 2079 removere
996 2040 1028 2077 ac
1044 2028 1184 2078 relicere.»
1213 2028 1270 2077 iioc
1287 2028 1369 2090 igitur

277 2101 336 2162 iim,
354 2104 395 2162 ut,
409 2101 800 2163 situasenteuiioveriorerit,
839 2103 916 2152 dicii:
948 2101 1075 2151 «omniuo
1106 2103 1180 2151 tuam
1205 2101 1368 2152 senteutiam

277 2189 341 2239 ego,
367 2178 396 2225 ut
417 2189 465 2239 par
487 2179 541 2237 est,
569 2175 616 2225 tibi
633 2188 738 2226 morem
754 2188 802 2238 qe·
839 2175 951 2240 probo.»
969 2175 1123 2226 Lectiouem
1135 2175 1277 2240 diffioqcre,
1296 2187 1368 2238 quse

277 2262 361 2300 ram.»
392 2249 523 2301 Ciileud
540 2250 759 2313 ruminent.
839 2249 957 2300 acodd.
982 2263 1035 2300 uon
1060 2249 1192 2299 minorem
1210 2261 1292 2313 quam
1318 2261 1368 2299 no·

309 2323 351 2373 ta.
376 2323 433 2374 binc
455 2325 593 2390 diffindere]
618 2325 692 2374 lianc
708 2323 803 2374 lectio·
839 2327 893 2376 4444
906 2324 1200 2386 babeiauctoritutem,
1220 2323 1366 2388 explicent:

277 2398 801 2460 nemiuenturdcronetComm.Cruq.
840 2397 932 2449 «aliter
955 2399 1085 2460 iormare,
1119 2401 1239 2459 mutare,
1272 2411 1369 2449 emen-

278 2474 317 2524 sic
329 2471 505 2536 explicantes:
526 2473 690 2534 tinfirmure,
709 2475 803 2523 contra
840 2474 931 2525 dare.»
963 2473 1018 2536 4044.
1033 2473 1064 2535 3,
1082 2473 1129 2535 49,
1147 2473 1193 2524 ie:
1214 2487 1294 2536 neque
1309 2474 1370 2536 lits·

278 2548 382 2606 dicere,
410 2551 437 2599 et
461 2549 512 2599 boc
531 2548 672 2599 Trebatius
689 2559 804 2611 respon·
837 2552 914 2615 fleqet
930 2549 1096 2612 infectumque
1111 2549 1209 2610 reddet,
1228 2549 1290 2611 cet.)

278 2625 332 2674 det.
368 2623 433 2674 iuris
445 2623 529 2673 verbo
546 2635 611 2674 usus
624 2625 673 2674 est.
695 2625 805 2673 Praetor
872 2623 961 2674 80-83.
980 2624 1030 2673 Sed
1046 2628 1132 2674 tomen
1148 2623 1210 2686 444]
1230 2622 1300 2672 «Etsi
1319 2636 1369 2673 ae-

278 2698 350 2748 enim
368 2697 458 2748 dicere
476 2697 595 2748 solebat:
623 2697 669 2747 iiic
690 2697 742 2747 44444
758 2697 806 2760 4444-
840 2711 893 2762 qua
911 2700 939 2748 et
954 2711 1018 2748 vera
1037 2698 1111 2758 suut,
1136 2709 1206 2760 quae
1224 2696 1304 2758 dicis,
1327 2699 1370 2746 44-

275 2773 349 2834 mec
359 2776 435 2820 4444.»
454 2771 507 2821 Cir.
517 2772 571 2821 lili.
586 2770 676 2822 stui.
691 2771 803 2822 Dirlrseu
840 2787 915 2833 meu,
935 2785 968 2822 ue
986 2774 1096 2836 propter
1112 2773 1183 2822 4444444
1199 2773 1317 2821 omnine
1333 2771 1370 2836 (id

277 2859 304 2909 p.
318 2846 374 2895 445.
402 2847 432 2896 Α.
446 2844 510 2896 Geli.
525 2846 569 2906 ii,
582 2847 611 2908 4,
632 2847 661 2894 i:
680 2845 707 2895 444
717 2859 805 2895 renim
840 2849 896 2908 est,
914 2845 1034 2897 fumosos
1050 2845 1162 2909 libellos)
1177 2847 1245 2897 ectio
1264 2847 1371 2896 444444444-

278 2921 377 2982 quidem
401 2919 575 2984 diffissionibus
597 2921 805 2982 444444444ιά444-
841 2935 901 2972 rum
918 2919 1060 2984 aliquunde
1077 2921 1124 2971 tibi
1142 2923 1300 2982 intentetur,
1318 2933 1370 2984 pro

278 2994 433 3056 tinnitusque
458 2997 509 3045 cet.
552 2996 645 3059 Utique
669 2993 804 3045 Bentleius
841 2997 956 3048 4444444444
978 2999 1069 3046 nostra
1096 2997 1278 3047 necessarium
1303 2997 1369 3059 puto

279 3069 343 3120 satis
375 3065 583 3129 demonstravit,
613 3068 803 3133 significatione
840 3075 867 3123 te
892 3083 1018 3123 mouere»
1042 3072 1094 3122 cet.
1130 3072 1193 3122 Post
1216 3083 1260 3120 444.
1279 3070 1371 3134 quoti-

279 3141 333 3202 iiia,
352 3155 405 3206 qua
420 3141 566 3193 utebantur
583 3144 635 3193 icti
647 3147 675 3193 ct
686 3145 802 3207 praetor,
841 3147 912 3198 dieni
929 3147 1063 3197 sermonis
1080 3147 1129 3196 Sed
1145 3151 1229 3196 tomen
1239 3171 1276 3182 -·
1286 3146 1371 3208 44944444

278 3217 363 3267 verbo
371 3218 501 3281 diffindere
510 3219 554 3268 bic
564 3217 654 3269 iocum
666 3231 718 3268 uon
731 3231 801 3278 esse;
841 3222 999 3285 cogitatione
1011 3219 1149 3286 supplebis
1163 3222 1259 3282 «scito,
1272 3222 1311 3270 sic
1323 3221 1370 3271 444-

279 3292 423 3343 diceudum
439 3293 534 3343 luisse:
562 3293 708 3357 «Equidem
731 3294 803 3344 diem
840 3297 938 3348 beto:-
965 3298 994 3348 ut
1020 3309 1111 3360 saepe.
1146 3297 1211 3360 Epp.
1232 3297 1260 3356 4,
1280 3297 1307 3358 4,
1326 3295 1367 3346 ts.

278 3367 418 3418 diiiludere
448 3367 520 3428 (rem
549 3367 802 3432 comperendinare)
841 3372 870 3430 4,
891 3371 935 3430 48,
954 3371 995 3420 ts.
1027 3372 1055 3432 4,
1076 3371 1120 3431 iil,
1142 3371 1184 3420 46.
1214 3373 1242 3432 4,
1261 3372 1290 3430 4,
1308 3371 1367 3422 4448.

278 3452 331 3490 nou
348 3453 496 3504 possum;»
520 3443 547 3490 et
568 3453 602 3491 ue
624 3442 676 3491 boc
693 3442 803 3506 quidem
842 3445 979 3510 (Equidem
997 3444 1085 3494 Schoi.
1100 3446 1181 3508 Cruq.
1195 3447 1272 3510 sequi
1287 3444 1367 3506 maio,

279 3517 532 3579 upiumesse,cum
544 3514 802 3566 Trebutiusbicnou
841 3522 870 3573 ut
885 3519 968 3569 verba
986 3525 1014 3569 44
1034 3520 1144 3570 monitus
1160 3522 1225 3570 sini:
1257 3533 1369 3571 «cuma

277 3590 420 3655 praetoris,
439 3589 489 3641 sed
506 3589 693 3651 iureconsulti,
718 3592 804 3643 liora-
841 3607 884 3644 me
896 3595 933 3645 sis
945 3594 1091 3655 monitus,-
1110 3595 1149 3644 clr
1159 3596 1199 3645 4444
1210 3596 1367 3646 dementer.

278 3666 330 3716 tius
348 3663 519 3723 consultoris,
546 3677 599 3716 non
616 3665 736 3728 petitoris
752 3681 803 3718 uec
841 3669 1033 3720 Coniunctivus
1049 3681 1140 3720 cucone
1156 3682 1206 3734 per
1217 3683 1247 3720 se
1265 3670 1369 3734 positus

269 3743 330 3800 rei,
358 3741 448 3803 partes
465 3742 533 3802 aget.
569 3739 736 3803 Responsum
753 3741 803 3805 igi-
840 3747 898 3804 est,
929 3755 982 3794 nou
1008 3756 1023 3791 e
1052 3755 1119 3794 voce
1150 3749 1178 3794 444
1209 3757 1367 3809 suspensus.

278 3817 322 3864 tur
337 3813 476 3878 prudentis
490 3815 534 3864 bic
546 3815 730 3879 exspectabat,
749 3830 803 3868 uon
840 3817 928 3869 Verba
939 3818 968 3868 Si
977 3819 1049 3867 mule
1059 3819 1198 3868 condiderit
1214 3820 1266 3869 cet.
1279 3819 1368 3882 legum

278 3887 372 3938 iudicis
402 3891 570 3940 seutentiam.
612 3890 802 3944 Verumtamen
840 3895 994 3944 sanctarum
1005 3893 1093 3957 ipsum
1105 3895 1294 3957 argumentum
1306 3905 1370 3944 con·

279 3963 385 4012 servata
397 3962 542 4015 diiiiciiiore
559 3963 686 4026 lectione,
706 3979 737 4016 er
750 3979 802 4030 qua
840 3969 925 4020 tinent
946 3971 973 4019 44
994 3967 1085 4032 legum
1107 3968 1242 4032 quendam
1266 3968 1369 4018 44444444-

280 4049 333 4086 non
356 4034 487 4088 intellectu
510 4041 617 4091 4444444
638 4053 732 4091 omues
749 4041 804 4105 (444-
839 4041 901 4094 leur.
942 4045 998 4092 lam
1024 4042 1094 4092 bauo
1119 4043 1281 4093 senteutiam
1307 4054 1369 4092 esse

278 4111 385 4175 4444444444,
398 4111 540 4176 4444449444,
556 4115 692 4179 4444494444,
707 4115 804 4178 defrin-
841 4120 921 4182 puto:
948 4117 1002 4167 Sed
1019 4116 1150 4167 monitum
1168 4119 1194 4166 te
1212 4129 1273 4168 esse
1290 4113 1367 4176 volo,

280 4195 350 4249 pere,
369 4185 521 4248 4444444ιά4444,
539 4189 664 4254 difficere,
682 4189 803 4255 4444444444)
841 4193 870 4240 ut
887 4201 1000 4250 caveas,
1019 4203 1052 4240 ue
1071 4189 1144 4254 leges
1155 4189 1302 4254 ignorando
1312 4187 1370 4241 iae·

280 4261 441 4324 ortsesuut,
455 4261 802 4318 inclinetauimussdl'eae
841 4265 889 4318 das
914 4266 966 4318 boc
990 4265 1220 4331 praescribentes:
1247 4266 1276 4318 St
1297 4267 1370 4318 444444
