3116 4968
581 511 641 561 ΗΒ.
660 510 691 561 ll.
726 513 794 564 SAT.
813 515 855 564 lll.

221 668 316 733 Forte
339 665 444 731 minus
467 664 612 754 locuples
639 688 709 734 uno
733 669 912 756 quadrante
934 673 1084 759 perisset,

221 789 295 876 lpse
317 786 482 854 videretur
503 787 563 855 sibi
586 789 736 876 nequior:
760 791 864 858 omnis
887 793 972 859 enim
995 813 1063 872 res,

222 911 341 986 Virtus,
368 908 468 987 lama,
492 909 610 986 decus,
642 909 750 978 divina
771 917 978 1002 humaneque
999 913 1142 1002 pulohris
1229 919 1271 984 95

222 1029 347 1096 Divitiis
369 1040 499 1118 parent;
522 1053 605 1120 quas
626 1033 682 1120 qni
704 1034 932 1112 construxerit,
956 1034 1009 1102 ille

225 1150 338 1220 Clarus
359 1151 436 1229 erit,
460 1153 563 1231 fortis,
588 1153 700 1220 iustus.
745 1155 951 1243 Sapiensne?
973 1157 1091 1236 Etiam,
1116 1169 1148 1226 et
1171 1181 1228 1227 rer

223 1274 261 1339 Et
283 1272 442 1362 quidquid
464 1272 561 1340 volet.
608 1275 691 1352 Hoc,
715 1276 813 1342 veluti
835 1277 950 1344 virtute
972 1289 1131 1366 paratum,

223 1397 371 1483 Speravit
392 1416 528 1483 magnae
550 1395 637 1462 laudi
660 1397 738 1463 lore.
783 1397 869 1477 Quid
891 1398 996 1466 simile
1019 1401 1070 1467 isti

222 1517 366 1584 Graecus
389 1517 591 1606 Aristippus?
612 1519 668 1606 qui
694 1539 807 1585 servos
830 1520 989 1606 prolicere
1012 1543 1128 1590 aurum
1207 1525 1269 1592 400
1357 1493 1402 1512 ..

245 1697 286 1748 93.
302 1699 398 1759 periret
414 1698 446 1758 S,
470 1695 545 1748 multi
565 1699 693 1760 Pottierii,
717 1699 727 1747 t
749 1702 776 1748 et
797 1697 944 1761 Bentleius,
968 1701 1012 1764 qui
1037 1705 1126 1754 temen
1143 1707 1237 1768 postea

214 1772 374 1837 improbavit
385 1773 455 1824 hane
466 1771 526 1823 leot.
541 1787 556 1824 o
568 1785 597 1824 se
607 1773 632 1824 in
645 1775 770 1825 contextu
782 1773 911 1824 relietum.
932 1777 971 1838 (Ut
982 1789 1030 1826 nos
1041 1776 1153 1844 hoppen,
1171 1779 1236 1830 Cod.

214 1850 328 1914 Franeq.
348 1849 376 1898 et
392 1850 497 1912 septem
515 1849 649 1912 Pottierii.)
669 1877 697 1886 -
717 1850 757 1900 96.
777 1851 934 1900 controverti
947 1849 1013 1916 bpu
1026 1865 1103 1901 ecum
1115 1855 1239 1916 quattuor

212 1921 296 1974 eliis.»
311 1951 337 1962 -
352 1923 393 1974 97.
406 1923 553 1986 septemque
569 1937 593 1985 c,
612 1925 710 1986 sepiem
726 1937 795 1974 corr.
813 1924 849 1973 hS
868 1927 952 1986 (erasa
968 1924 1026 1988 syll.
1040 1939 1070 1976 ue
1081 1928 1127 1976 eut
1142 1928 1199 1992 que)
1211 1929 1239 1978 et

213 1997 288 2049 multi
306 1999 439 2058 Pottierii,
459 1999 534 2050 cuius
558 2001 662 2063 septem
680 1999 787 2050 firmant
804 1997 865 2048 leet.
883 2000 1021 2062 sapiensne.
1047 2028 1074 2038 -
1098 2003 1175 2052 etiem
1190 2015 1239 2053 ree

212 2074 327 2124 Potllerii
341 2072 394 2124 dun
406 2075 433 2124 et
446 2086 480 2122 ex
490 2071 547 2125 eliis
559 2074 585 2123 F.
596 2101 623 2110 —
634 2074 674 2124 98.
687 2075 888 2124 velutinoirtute
898 2087 925 2138 p.
938 2100 966 2111 -
977 2075 1034 2126 44444,
1050 2077 1166 2138 proicere
1175 2076 1236 2128 bSo.

178 2225 258 2278 gere,
286 2213 316 2262 ut
333 2211 420 2263 solent
441 2213 528 2277 petrui
546 2211 656 2264 fratrum
673 2211 705 2264 li·
743 2227 775 2264 ex
787 2215 917 2265 sententia
930 2215 1037 2266 maioris
1054 2217 1193 2268 hominum
1210 2232 1271 2283 par-

178 2288 260 2339 beros
282 2287 405 2352 asperius
426 2289 539 2338 tractare
557 2300 705 2352 quampe-
741 2289 775 2338 tls
793 2287 926 2339 dicuntur.
947 2291 1013 2354 Epp.
1028 2291 1057 2352 4,
1077 2291 1105 2352 4,
1124 2291 1174 2342 ta:
1193 2306 1271 2354 quw

178 2367 234 2414 tres
253 2363 328 2426 ipsi·
349 2387 377 2398 -
402 2375 433 2411 ne
449 2361 483 2410 sis
503 2367 613 2424 patmos
634 2363 704 2427 mile]
740 2363 822 2414 rende
839 2364 949 2425 poemia
969 2365 1083 2426 primam
1107 2371 1156 2426 est,
1186 2367 1270 2418 Virtus

179 2437 232 2489 Cir.
246 2437 299 2486 Sat.
313 2437 343 2496 2,
356 2436 385 2497 ἰ,
400 2435 448 2486 97:
466 2436 702 2500 lrotmnpolrumn.
739 2442 796 2499 post
812 2451 933 2488 nummos.
968 2440 1042 2491 Goni.
1057 2441 1123 2504 Epp.
1142 2441 1169 2502 4,
1191 2442 1218 2504 6,
1237 2442 1269 2494 36

180 2509 386 2574 -Credoeet1
410 2509 575 2562 «Staberium
601 2512 653 2562 hnc
678 2513 704 2562 in
741 2525 801 2576 sqq.
831 2539 858 2550 -
885 2515 1068 2580 commeminit]
1097 2517 1141 2565 «ut
1166 2518 1269 2567 struem

178 2587 340 2638 testamento
357 2584 481 2635 statuisse
500 2585 646 2636 credonon
663 2588 705 2636 te-
742 2587 941 2646 coacervant„
969 2589 1007 2638 sio
1033 2590 1085 2638 Set.
1108 2590 1137 2650 l,
1165 2591 1192 2651 4,
1217 2588 1267 2641 ll:

177 2673 270 2721 mere,
297 2657 347 2709 sed
370 2657 518 2724 prudenter
540 2662 621 2723 etque
638 2673 704 2711 con·
740 2665 896 2711 constructus
920 2675 1033 2712 areum.
1073 2664 1127 2714 Cic.
1150 2663 1184 2714 de
1210 2663 1269 2728 iege

177 2735 261 2797 enlto,
279 2736 309 2784 ot
319 2733 383 2798 quid
395 2733 429 2784 de
441 2733 552 2794 divitiis,
569 2734 704 2786 bonorum
741 2747 796 2799 agr.
811 2735 840 2796 4,
859 2737 889 2798 5,
910 2737 958 2788 ll:
985 2743 1153 2788 corutmetom
1169 2743 1193 2788 et
1208 2752 1270 2789 eoa-

176 2811 245 2870 flne,
263 2811 290 2860 in
302 2809 354 2858 vita
366 2808 508 2870 sensisset,
521 2811 600 2860 etiam
612 2811 704 2875 poste·
740 2812 869 2858 columam
875 2809 1021 2871 pecuniam.
1039 2811 1151 2861 Phaedr.
1162 2811 1186 2862 3,
1198 2809 1266 2862 Prol.

176 2886 247 2936 nitati
265 2882 415 2934 declararet
430 2886 469 2944 et,
488 2885 517 2932 ut
534 2883 701 2948 opinabatur,
740 2882 788 2934 al:
820 2885 863 2946 qui
887 2898 995 2948 mappas
1020 2898 1077 2948 opes
1102 2886 1270 2950 Eeoqperore

176 2961 289 3027 propter
313 2958 417 3008 divitim
443 2957 623 3010 immortalem
647 2958 704 3023 glo-
741 2960 840 3020 puerit
857 2960 924 3009 omni
939 2959 1036 3023 otpttio.
1058 2987 1084 2995 -
1105 2959 1268 3024 Sapimnui]

175 3035 246 3086 riam
258 3033 308 3084 sibi
318 3035 705 3098 pararet.»-QuiderpoSen-
741 3031 798 3083 Noli
824 3045 886 3084 oum
912 3031 1044 3084 nonnullis
1070 3033 1121 3083 hoc
1147 3033 1267 3085 tribuere

174 3109 215 3176 ,44]
235 3111 325 3170 nouae
337 3121 400 3172 ergo
412 3109 479 3159 ratio
491 3121 554 3158 eum
566 3109 702 3160 induxitin
741 3108 864 3168 lineatim
882 3109 1021 3158 Stertinius
1033 3109 1105 3159 enim
1123 3121 1156 3159 ex
1171 3109 1270 3160 Stoico-

178 3211 206 3223 -
222 3183 320 3249 minam
332 3183 559 3248 monosyllabum,
577 3187 607 3235 ut
618 3186 704 3236 dende
740 3195 801 3232 rum
818 3194 894 3232 more
909 3195 938 3232 se
955 3183 1014 3246 ipse
1032 3183 1183 3247 interroget.
1203 3185 1268 3236 lliro

175 3266 219 3313 ter
235 3258 406 3324 bisyllebum.
426 3286 452 3295 -
473 3259 591 3322 perisset]
618 3260 703 3310 «Suh-
741 3270 832 3307 errore
844 3257 870 3306 h.
885 3255 901 3306 l.
915 3269 946 3306 ne
963 3255 1056 3307 hebuit
1071 3271 1122 3322 pro
1138 3258 1267 3322 particule

175 3333 337 3394 elituebant,
371 3333 466 3394 eredo,
497 3335 605 3396 periret,
641 3335 703 3398 quia
740 3331 924 3383 confirmativa
940 3332 1150 3395 Priscianusld,
1166 3333 1191 3382 2.
1205 3333 1233 3383 T.
1246 3333 1266 3383 l.

173 3411 322 3473 utrumque
351 3406 478 3469 verbum,
511 3411 538 3458 et
560 3411 655 3471 periret
677 3412 704 3459 et
738 3420 766 3471 p.
786 3405 843 3458 643.
862 3407 916 3470 lin,
940 3406 1013 3458 unde
1038 3409 1130 3458 contra
1148 3408 1268 3460 Lotinem

173 3485 315 3545 videretur,
333 3481 430 3533 eodem
448 3483 569 3547 tempore
586 3483 703 3534 elleren-
740 3480 961 3532 consuetudinem
973 3483 1047 3532 lunta
1060 3483 1139 3534 ⁴503:
1158 3484 1266 3546 snpims,

175 3559 242 3610 dum
265 3569 327 3609 esse
348 3555 503 3620 putabuntn
529 3557 621 3607 Banrn.
649 3559 703 3609 Ae·
738 3555 940 3606 nocetiamree.
963 3557 1096 3622 -litium]
1114 3556 1212 3622 supple
1225 3570 1269 3608 se*

175 3633 294 3685 eurotias
324 3633 366 3682 est
394 3630 701 3696 plusquamperfectum,
738 3631 828 3696 plens,
841 3629 913 3680 unde
926 3631 1268 3696 oriturniflrmativnsigni-

175 3721 240 3762 eum
256 3708 325 3758 haee
342 3707 411 3757 actio
429 3705 540 3757 alteram
557 3707 703 3772 praecedet
739 3705 826 3756 flendo
849 3707 946 3769 «Sane,
964 3708 1035 3770 lup
1062 3706 1096 3757 de
1120 3721 1172 3770 qun
1195 3705 1265 3757 eoni.

174 3795 290 3836 neeesse
316 3782 362 3844 sit,
388 3783 419 3831 nt
443 3781 549 3832 Terent.
592 3783 699 3833 Phorm.
739 3782 794 3832 Cle.
802 3781 915 3843 leodi,
926 3781 967 3844 3⁰,
978 3781 1018 3832 97.
1032 3782 1057 3843 2,
1067 3781 1108 3843 32,
1122 3779 1221 3832 loide
1233 3781 1264 3830 N.

175 3860 253 3922 t,2,
271 3857 405 3919 69:Non,
424 3857 571 3920 siredisset,
590 3858 703 3920 eipater
738 3856 917 3919 1).t,ea‚ro.
942 3855 1018 3907 Hand
1030 3857 1105 3906 Turs.
1118 3857 1149 3906 ll.
1162 3867 1188 3920 p.
1207 3855 1265 3905 4467.

171 3930 383 3985 emendaret?
406 3930 518 3996 Adelph.
535 3933 566 3994 2,
594 3934 623 3994 4,
650 3930 700 3982 al:
772 3930 893 3981 400-4443.
911 3929 1180 3995 Aristippuslvid.ad
1198 3929 1264 3993 Epp.

173 4009 203 4060 Si
219 4008 355 4071 amplexer,
379 4007 458 4070 serres
476 4007 649 4070 infortunium.
671 4031 698 4042 -
739 4008 766 4068 4,
786 4007 814 4068 4,
834 4006 874 4056 te.
896 4033 923 4042 -
942 4007 986 4068 qui
1007 4019 1091 4056 suune
1113 4005 1176 4069 eet]
1199 4004 1266 4054 Rem

172 4085 229 4147 lpse
243 4083 372 4132 viduetur
392 4080 437 4130 ribi
461 4081 573 4146 nequior]
599 4078 702 4132 seilicet
739 4082 829 4130 narret
840 4081 921 4130 etiem
933 4082 1065 4143 Diogenes
1077 4080 1162 4130 Laert.
1174 4079 1204 4140 2,
1223 4078 1264 4128 77.

174 4159 236 4222 quia
264 4147 341 4218 tenti,
371 4161 494 4218 mentum
521 4155 626 4216 tenear,
658 4157 699 4206 eis.
738 4155 788 4206 sed
816 4154 951 4219 aliquanto
986 4155 1074 4206 minus
1106 4153 1263 4218 splendide:

173 4235 227 4284 Sat.
242 4235 272 4294 4,
293 4232 320 4294 4,
340 4231 381 4281 62.
740 4227 798 4282 Τοῦ
816 4225 996 4302 θεράποντος
1018 4227 1049 4280 ἐν
1073 4223 1131 4296 ὁδῷ
1155 4225 1267 4290 βαστά-

206 4305 312 4359 94-99.
347 4307 452 4356 onmo-
469 4306 598 4371 -parentJ
630 4307 701 4357 llaec
739 4299 1048 4376 ζοντοςάργόριονκαὶ
1064 4301 1265 4376 βαρυνομένου

173 4382 298 4434 omnine
320 4381 444 4432 Stertinio
469 4383 530 4431 κατ’
557 4381 702 4452 εἰρωνείαν
738 4375 920 4444 --Ἆπόχεε,
947 4372 1019 4448 ἔφη,
1046 4375 1080 4430 τὸ
1106 4378 1192 4432 πλέον
1216 4377 1267 4428 καὶ
