3090 4974
606 444 667 495 tas
684 443 830 496 8888888.
1203 443 1259 512 734

218 600 280 666 Aut
302 598 335 662 in
357 617 450 664 avem
472 599 596 666 Procne
618 610 774 676 secutur,
799 599 940 672 Cadmus
963 603 995 668 in
1017 623 1166 691 anguem.

219 719 446 808 Quodcunque
468 720 612 788 ostendis
634 721 711 788 mihi
735 722 797 799 sic,
821 722 1008 791 incredulus
1030 725 1094 792 odi.

218 841 310 906 Neve
333 841 437 908 minor
458 863 522 908 neu
545 843 586 908 sit
606 843 718 931 quinto
739 831 929 931 productior
951 856 1023 912 actu
1199 817 1201 822 ¹

220 959 358 1038 Fabula,
382 981 468 1050 quae
488 963 579 1050 posci
603 963 669 1030 vnit
690 974 723 1032 ct
744 975 888 1053 spectata
910 967 1042 1055 reponi;
1204 971 1264 1038 190

217 1083 284 1148 Nec
305 1081 388 1148 deus
411 1083 549 1160 intersit,
574 1085 634 1150 nisi
658 1085 774 1173 dignus
798 1086 925 1155 vindice
947 1088 1052 1155 nodus

242 1289 298 1342 487.
315 1291 412 1356 Propne
428 1291 455 1352 d,
471 1293 511 1342 FJ.
533 1321 559 1330 -
577 1295 683 1356 hocne,
702 1294 1012 1346 commentaturque
1031 1297 1113 1358 Fece,
1136 1300 1167 1348 84
1182 1311 1232 1350 888

208 1375 284 1412 more
295 1365 457 1428 transposuit
469 1366 686 1430 duninghamius.
706 1393 735 1405 —
756 1369 810 1420 489.
829 1370 861 1420 sit
877 1383 926 1420 nau
942 1370 1167 1437 quintanensium
1181 1387 1230 1424 888

208 1437 239 1486 844
257 1435 339 1490 Aldus
359 1438 433 1490 45449.
455 1442 482 1492 84
501 1441 574 1492 teti.
598 1469 625 1478 —
645 1442 701 1493 490,
719 1448 743 1494 84
759 1444 895 1506 westenda
911 1444 959 1506 bc,
978 1449 1001 1496 et
1017 1447 1185 1510 888488848ηά8
1201 1449 1229 1498 Β.

209 1511 329 1574 (444888,
348 1513 423 1575 sid.)
444 1541 470 1551 -
491 1514 547 1566 494,
570 1515 608 1566 Na
625 1514 701 1567 Haud
718 1519 793 1570 Ture.
812 1519 854 1570 IV.
873 1532 900 1584 p.
921 1520 977 1572 tii.

176 1708 284 1757 versus,
303 1700 333 1746 nt
349 1697 392 1748 nic
409 1701 554 1763 requiritur
569 1701 604 1751 ab
617 1701 702 1751 44888-
739 1693 848 1745 obvium
865 1701 968 1748 actm
983 1709 1092 1748 nomeu·
1119 1697 1166 1761 (ct.
1181 1699 1265 1750 witz-

178 1770 227 1831 448,
247 1783 299 1821 888
318 1771 420 1823 Cadmo
437 1774 501 1838 ipsi,
520 1775 569 1825 sed
586 1771 703 1842 ἑξαγγέ-
739 1766 814 1818 401491
833 1769 907 1834 Md·
926 1784 953 1835 P·
966 1771 1020 1834 ⁸⁸d
1036 1772 1115 1822 3¹⁴⁸*-
1129 1774 1201 1823 Ρθῦῑ-
1215 1775 1262 1824 ⁴²²

175 1841 217 1910 λῳ
242 1845 300 1894 8488
326 1847 501 1898 mutationem
525 1851 641 1899 narranti
666 1849 701 1900 ab
731 1835 814 1893 Ἔστι
830 1841 862 1894 δὲ
875 1839 1083 1914 4446440404μέ4
1093 1838 1264 1918 μέροςὸλον

176 1917 301 1981 Euripide
333 1919 448 1971 tributos
473 1933 533 1972 essa
558 1926 702 1975 consenta-
737 1914 897 1988 τραγῳδίας
908 1913 943 1968 τὸ
958 1913 1014 1990 πρὸ
1023 1917 1115 1990 χοροῦ
1124 1917 1263 1992 παρόδου,

176 2005 258 2043 naum
275 1996 325 2043 ast.
350 2021 377 2030 -
403 1995 557 2058 4888888488]
581 1997 703 2048 Refertur
740 1989 905 2044 ἐπεισόδιον
920 1991 952 2044 δὲ
968 1995 1058 2064 μέρος
1074 1987 1144 2046 ὅλον
1160 2009 1266 2082 τραγῳ-

176 2079 229 2117 uon
247 2070 300 2118 tam
319 2069 353 2118 nd
370 2069 493 2120 Medeam
510 2072 537 2121 et
548 2073 657 2124 Atreum
670 2073 703 2123 d·
738 2064 802 2130 diae
817 2064 852 2118 τὸ
868 2064 976 2132 μεταξὺ
989 2061 1065 2119 ὅλων
1076 2084 1203 2140 χορικων
1212 2085 1265 2136 με·

175 2140 223 2192 tros
257 2143 390 2205 rayasne
418 2143 506 2194 88888
541 2150 703 2209 coquentem
739 2139 809 2203 λῶν,
835 2137 937 2206 ἔξοδος
958 2141 989 2194 ii
1005 2145 1093 2212 μέρος
1111 2139 1181 2194 ὅλον
1197 2160 1265 2216 τρα-

177 2216 219 2280 484.
233 2229 259 2266 ν.
274 2217 334 2280 en),
354 2230 436 2282 qnam
448 2217 482 2268 ad
494 2221 614 2270 Procnen
627 2221 652 2272 in
665 2221 704 2272 hi·
738 2212 843 2283 γῳδίας
858 2217 924 2282 μεθ’
941 2211 1025 2269 doda
1036 2215 1099 2269 ἔστι
1110 2217 1201 2292 χοροῦ
1212 2221 1265 2284 μέ-

177 2291 320 2342 rundtnem
338 2293 384 2354 (84.
398 2293 446 2343 Od.
460 2291 488 2354 4,
502 2295 546 2354 ts.
560 2295 598 2357 e.)
616 2297 643 2346 et
654 2297 703 2347 Ca·
738 2290 798 2354 λος.
822 2293 916 2344 Cicero
932 2293 1042 2356 quidem
1055 2293 1088 2342 ad
1101 2295 1132 2354 Q.
1145 2295 1186 2344 Fr.
1201 2296 1225 2355 4,
1238 2295 1263 2353 4,

176 2364 270 2416 dmum
292 2366 320 2416 in
339 2366 486 2418 draconem
509 2369 650 2420 mutatum.
672 2397 699 2406 -
738 2367 786 2426 46,
804 2367 851 2417 te:
871 2367 936 2417 iliud
952 2371 1060 2418 48--84
1076 2373 1158 2418 88884
1168 2369 1263 2427 horter.

175 2441 232 2505 odi]
252 2453 408 2504 «respuam
434 2440 618 2494 «intolerabile
636 2445 701 2496 mihi
737 2447 766 2492 84
790 2447 922 2504 mmmmm
941 2445 1034 2505 podice
1056 2442 1263 2503 48884--8848884,

174 2515 310 2566 videtur.»
738 2517 773 2566 848
784 2517 1034 2581 --diiiqsntissimen
1049 2517 1095 2577 848,
1113 2522 1142 2566 nt
1157 2518 1196 2566 4848
1213 2522 1266 2567 ter-

209 2589 265 2639 489.
279 2589 337 2639 iiio.
358 2590 513 2656 Nave-aea]
533 2591 608 2644 Hand
625 2594 700 2643 Tura.
738 2593 787 2642 4488
803 2605 887 2642 matus
901 2593 1001 2655 inperii
1018 2593 1055 2641 484
1071 2597 1202 2653 umqum
1217 2596 1266 2642 488-

175 2664 216 2713 iV.
231 2676 258 2727 p.
272 2663 333 2714 tit:
354 2677 492 2716 «nm-nen
504 2666 621 2729 optimus
633 2667 703 2728 quie-
738 2667 788 2716 4488
803 2672 875 2716 88488
888 2667 1083 2728 perfectissimas
1098 2671 1174 2727 otqrcc
1184 2679 1266 2715 orna-

176 2750 228 2800 que
245 2737 359 2800 scriptor
375 2737 452 2798 dicit,
472 2739 580 2802 quaudo
594 2741 701 2802 utrique
738 2741 848 2789 tissimus
862 2739 937 2802 nesae
952 2740 1077 2788 84888488.
1104 2739 1208 2789 Tertius
1219 2750 1265 2787 au·

175 2813 242 2875 parti
269 2825 322 2861 una
339 2814 381 2862 est
398 2815 464 2863 ratio
484 2825 622 2877 unumque
639 2826 702 2864 ver·
739 2817 794 2864 tem
806 2815 894 2872 Quinti
912 2826 998 2864 annue
1015 2813 1120 2876 imperii
1135 2811 1267 2862 eiusulti-

175 2885 255 2946 bum,
269 2887 448 2947 sedne-nan,
466 2886 512 2937 uhi
525 2887 703 2938 duobusver-
739 2899 799 2938 mus
825 2890 896 2946 erat;
926 2887 1031 2937 44488888
1057 2885 1135 2948 igitur
1159 2883 1265 2935 48488488

176 2960 218 3012 his
230 2961 428 3025 distinguuntur
437 2974 496 3023 res,
512 2975 627 3025 quarum
638 2975 703 3014 neu-
738 2961 828 3012 actum
845 2961 952 3011 tertium
964 2959 1120 3020 8888448848,
1139 2961 1266 3012 8484188-
1316 2967 1318 2970 ·

176 3037 208 3085 484
224 3036 388 3087 concedetur
405 3051 492 3088 esse.»
515 3063 543 3074 -
568 3038 702 3088 nainor--
739 3035 810 3098 pium
836 3037 945 3085 secutus
962 3035 1042 3098 negat
1058 3035 1189 3096 Diintzer,
1215 3047 1265 3099 pro

172 3111 327 3172 prodentior]
348 3113 473 3162 «certum
489 3111 601 3172 medum
612 3115 639 3162 84
649 3105 702 3182 ἁρ-
739 3108 831 3160 ultimo
849 3107 954 3169 habuit,
974 3121 1103 3172 separans
1115 3108 1149 3159 ab
1161 3109 1266 3160 actibus

174 3187 280 3248 ,888488
297 3187 408 3250 requirit
424 3185 527 3245 inbuin3
546 3199 609 3236 nam
626 3187 647 3236 84
660 3188 702 3236 84-
739 3180 884 3254 πρόλογον
900 3186 928 3234 84
943 3177 1054 3246 ἔξοδον.
1081 3181 1184 3245 Alioqui
1202 3183 1266 3234 88448

175 3261 260 3312 mium
277 3259 368 3311 brevis
380 3264 434 3322 eat,
453 3261 612 3325 spectatoris
623 3274 702 3311 men·
738 3259 896 3310 inconcinne
907 3257 1102 3308 locutusesset.
1122 3256 1161 3308 Ci.
1172 3258 1265 3306 Donati
1306 3277 1307 3281 ¹

175 3337 231 3384 4888
248 3347 300 3384 888
318 3334 408 3399 expiet
423 3349 474 3385 nec
491 3336 555 3386 88448
571 3331 606 3384 δι’
619 3333 701 3387 ἐλέου
738 3335 932 3396 nrgnrmcntnm
943 3333 1075 3395 tieoyree,
1087 3331 1136 3382 nbi
1147 3331 1266 3395 quinque

175 3409 225 3458 am
241 3405 342 3469 φόβου
360 3411 486 3498 rapaton
501 3405 555 3474 τὴν
571 3407 629 3459 τῶν
645 3423 704 3460 τοι·
739 3408 814 3458 actua
831 3409 979 3458 enumerat.
995 3433 1023 3444 -
1041 3411 1154 3469 spectata
1168 3404 1265 3467 8888884]

175 3478 268 3532 orirer
279 3483 461 3549 παθηματων
472 3480 626 3556 κάθαρσιν.
638 3485 703 3546 (4484-
739 3481 812 3532 Haec
828 3493 892 3532 vera
910 3483 952 3532 est
967 3480 1061 3542 188448,
1080 3494 1134 3531 888
1150 3483 1267 3542 8888488-

175 3559 236 3607 8484.
250 3560 323 3608 Ρ844.
337 3561 361 3620 6,
373 3559 408 3622 i.)
422 3560 466 3610 Sin
479 3561 579 3611 iustum
591 3559 702 3610 modum
739 3557 787 3616 de,
806 3555 879 3620 qued
896 3557 984 3620 ipsum
1000 3555 1054 3606 iam
1069 3555 1140 3606 inest
1150 3555 1177 3603 in
1188 3566 1215 3604 v.
1227 3565 1267 3602 re·

176 3631 295 3692 excedit,
323 3633 381 3696 ipsa
403 3633 471 3684 48888
493 3633 634 3698 productio
651 3636 703 3684 884-
737 3630 811 3694 poni;
830 3629 963 3690 stabulm»
976 3630 1069 3693 inquit,
1083 3626 1266 3693 «qnaesemei

175 3705 233 3754 nuit
249 3707 404 3770 sensimque
423 3709 557 3758 consumit
576 3711 703 3772 spectan-
739 3705 837 3771 placuit
844 3708 862 3765 ‚'
869 3705 918 3756 etsi
932 3706 984 3755 iam
995 3709 1120 3767 spectate,
1139 3700 1266 3767 apopuio

174 3779 241 3830 tium
258 3780 400 3832 aflectus·
424 3809 450 3818 -
460 3811 464 3816 -
476 3783 649 3846 884848-8848]
673 3785 702 3833 48
739 3780 828 3832 denuo
841 3781 956 3843 88884484
973 3792 1005 3829 88
1021 3779 1154 3841 rapaciter
1165 3778 1191 3828 in
1203 3790 1266 3828 888-

175 3855 271 3916 quinos
288 3857 364 3904 actus
375 3855 485 3905 Romani
501 3855 656 3906 dividebant
666 3857 703 3906 48-
739 3867 786 3914 88,
804 3867 899 3905 rursus
911 3854 1024 3904 editur.»
1042 3852 1208 3917 Sicsatatam
1218 3852 1267 3902 448-

174 3925 267 3988 488488ς
278 3923 486 3980 contriveteras
495 3933 588 3980 Graeci
597 3931 623 3981 in
635 3926 703 4000 πρό-
738 3943 797 3980 ram
813 3931 910 3992 rosere
920 3930 1026 3980 Terent.
1041 3929 1105 3979 iiec.
1119 3926 1188 3979 Prot.
1202 3928 1227 3988 4,
1240 3928 1265 3976 t.

175 4000 277 4068 λογον,
295 4001 444 4055 ἐπεισόδια
455 4003 540 4074 (τρία)
552 4007 580 4054 et
590 3998 700 4068 ἔξοδον,
739 4006 792 4054 set.
806 4007 836 4066 4,
858 4007 901 4066 to,
914 4005 961 4056 39:
988 4005 1040 4054 Neo
1055 4004 1160 4054 redeam
1174 4003 1268 4053 44888884

174 4077 211 4128 448
228 4081 258 4129 84
273 4091 370 4142 reapse
383 4077 476 4130 divisio
493 4078 527 4128 ad
545 4078 617 4129 idem
629 4079 703 4128 redi·
738 4084 815 4141 atquc
831 4081 923 4130 4488888
939 4080 1075 4142 mactanda
1091 4079 1202 4128 44888448.

175 4152 224 4200 884.
252 4153 369 4202 Graecae
387 4153 451 4202 artis
467 4151 605 4204 vocebniis
621 4165 702 4216 prae-
772 4153 898 4203 494494.
917 4155 969 4204 Nee
985 4150 1119 4216 detincat]
1138 4152 1192 4202 cic.
1207 4153 1265 4201 tint.

175 4226 269 4277 sertim
285 4223 454 4278 ἐπεισοδίων
474 4239 526 4277 888
544 4227 620 4278 488448
638 4227 703 4279 rad·
739 4229 818 4278 Deor.
833 4229 862 4286 4,
881 4227 913 4278 20
924 4267 929 4290 ‚
942 4227 990 4279 53:
1015 4233 1044 4278 nt
1060 4228 1153 4292 tropici
1165 4229 1265 4290 petiae,

175 4299 270 4354 dandis
296 4301 378 4353 Latini
404 4300 600 4355 substituerunt
616 4303 701 4366 magis
740 4316 797 4354 88888
813 4303 942 4366 septiens
956 4303 1099 4368 armenti
1110 4303 1206 4356 8844888
1216 4315 1267 4354 non
