3030 4988
338 395 401 460 904
807 395 952 450 sucrovn

337 553 421 620 banc
448 549 571 638 regiam
604 561 637 618 et
662 571 722 618 nos
749 551 781 616 in
810 549 991 618 scribendis
1024 551 1168 639 epistolis
1191 551 1333 620 iuvabitn
1366 555 1399 618 lc

337 695 380 741 ne
408 673 570 740 recusanti
598 672 731 760 quidem
753 683 808 739 aut
829 673 1015 740 succensuit
1035 673 1211 762 quicquam
1237 684 1293 740 aut
1312 673 1401 740 amici-

338 795 415 862 tiam
445 814 537 860 suam
565 794 713 881 ingerere
745 792 848 861 desiit.
883 781 1015 860 Exstam
1042 794 1213 882 epistolae,
1245 795 1402 882 exquibus

340 917 519 1004 argumenti
552 916 653 1004 gratia
680 936 786 1003 pauca
807 915 949 983 subieci:
980 917 1103 983 «Sume
1123 916 1181 983 tibi
1203 915 1324 1006 aliquid
1342 916 1404 982 iun's

340 1037 428 1127 apnd
454 1058 523 1116 me,
553 1046 706 1124 tanquam
736 1038 763 1102 si
797 1037 962 1105 convictor
982 1037 1058 1103 mibi
1084 1037 1199 1104 lucris:
1230 1047 1318 1106 recte
1337 1037 1406 1104 enin

340 1169 373 1227 et
393 1179 458 1226 non
479 1169 602 1225 temere
625 1159 756 1238 leceris3
791 1159 946 1248 quoniam
967 1157 1001 1225 id
1022 1179 1102 1226 usus
1124 1159 1201 1226 mibi
1223 1170 1330 1228 tecum
1348 1177 1407 1224 csse

339 1281 442 1360 volui,
472 1282 500 1348 si
531 1301 591 1369 per
617 1279 834 1348 valetudinem
855 1290 944 1346 tuam
964 1279 1036 1348 ficri
1058 1281 1189 1369 possit»
1237 1283 1276 1348 Et
1296 1301 1407 1348 rursus:

344 1405 419 1470 «Tui
442 1403 572 1492 qualem
594 1401 731 1468 habeam
753 1377 958 1480 memoriam,
981 1403 1103 1491 poteris
1119 1423 1160 1472 ex
1175 1403 1330 1492 Septimio
1344 1421 1409 1490 quo

341 1546 406 1614 que
428 1534 538 1592 nostro
561 1523 689 1590 audire:
713 1544 788 1590 nam
810 1523 934 1600 incidit,
958 1534 994 1589 ut
1015 1522 1069 1590 illo
1090 1543 1200 1590 coram
1220 1523 1316 1591 lieret
1335 1545 1353 1590 a
1370 1543 1410 1588 ne

343 1647 387 1712 tui
421 1646 549 1712 mentio.
596 1645 725 1732 Neque,
760 1645 788 1710 si
820 1654 855 1710 tu
889 1645 1051 1732 superbus
1085 1646 1259 1714 amicitiam
1290 1655 1411 1712 nostran

342 1768 508 1856 sprevisti,
529 1766 603 1833 ideo
624 1787 683 1832 nos
704 1787 837 1856 quoque
851 1764 1225 1856 ἀνθυπερηφανοῦμεν.»
1260 1771 1412 1835 Praeterea

342 1910 442 1976 saepe
474 1889 556 1954 inter
584 1887 664 1954 alios
691 1889 781 1955 iocos
806 1888 1029 1982 rputissimum
1052 1909 1193 1976 penem»
1219 1898 1254 1956 et
1280 1887 1414 1954 ubomun-

344 2012 470 2078 cionem
500 2009 761 2097 lepidissimum»
793 2007 933 2098 appellat
963 2031 1094 2099 unaque
1123 2021 1156 2078 et
1183 2009 1286 2077 altera
1316 2007 1415 2076 libera-

342 2133 431 2198 litate
460 2131 673 2219 locupletavit.
720 2131 845 2220 Scripta
870 2131 1003 2220 quidem
1029 2132 1100 2198 eius
1121 2153 1228 2221 usque
1251 2131 1336 2198 adeo
1355 2149 1416 2218 pro

344 2255 432 2320 bavit
469 2275 688 2341 mansuraque
716 2263 875 2340 perpetuo
905 2231 1054 2340 opinatus
1084 2264 1148 2331 cst,
1182 2263 1217 2320 ut
1243 2275 1311 2322 non
1336 2249 1417 2319 modo

348 2373 528 2441 «Seculare
552 2375 710 2441 Carmen»
735 2375 995 2463 componendum
1017 2375 1203 2470 inunxerit,
1227 2375 1290 2444 sed
1312 2386 1344 2444 et
1359 2375 1418 2440 lin

347 2495 484 2562 delicam
506 2495 672 2561 victoriam
695 2495 811 2563 Tiberii
834 2497 997 2586 Drusique
1019 2496 1257 2585 privignorum,
1294 2513 1419 2584 eumque

346 2617 490 2705 coegerit
527 2628 661 2705 propter
690 2616 753 2685 hoc
789 2617 893 2684 tribus
927 2617 1111 2685 Carminum
1136 2617 1227 2685 libris
1262 2641 1304 2686 ex
1337 2617 1419 2703 longo

348 2739 515 2807 intervallo
537 2749 688 2828 quartum
718 2739 856 2813 addere.
883 2749 958 2827 post
981 2741 1154 2810 Sermones
1176 2761 1313 2830 quoquc
1334 2739 1421 2807 lectos

348 2861 468 2928 nullam
490 2862 541 2928 sui
563 2862 759 2928 mentionem
780 2860 922 2930 habitam
943 2861 987 2928 ita
1009 2841 1050 2928 sit
1064 2870 1216 2950 questus:
1243 2861 1367 2964 «Irasci
1380 2877 1421 2924 rue

348 2983 406 3050 tibi
428 2983 524 3061 scito,
549 2983 638 3071 quod
659 3004 723 3066 non
747 2983 777 3048 in
798 2983 966 3071 plerisque
981 2983 1141 3051 eiusmodi
1163 2983 1295 3072 scriptis
1309 3001 1421 3050 meonn

348 3104 552 3192 potissimum
581 3103 735 3194 loquaris.
782 3107 830 3171 An
858 3105 996 3182 vereris,
1026 3126 1068 3172 ne
1098 3104 1186 3193 apud
1206 3117 1358 3194 posteros
1377 3099 1421 3170 tibi

350 3226 467 3293 infame
489 3227 546 3305 sit,
570 3226 658 3316 quod
680 3225 821 3294 videaris
844 3225 1008 3294 familiaris
1029 3227 1123 3294 nobis
1145 3229 1266 3296 esset»
1292 3201 1422 3314 ‘Expres-

350 3349 457 3438 sitque
479 3347 639 3436 eclogam,
666 3349 758 3416 cuius
781 3349 905 3416 initium
927 3359 988 3427 est,

422 3507 424 3517 '
515 3511 600 3562 «Cum
617 3511 657 3560 tot
672 3511 805 3562 susflneas
823 3513 851 3562 at
867 3511 939 3564 tanta
955 3511 1062 3574 negotia
1078 3509 1163 3572 solus,

515 3607 567 3656 Res
584 3602 661 3656 Italas
678 3606 762 3672 armis
776 3606 883 3672 tuteris,
901 3604 1024 3659 moribus
1042 3617 1137 3668 ornes,

517 3697 631 3762 Legibus
649 3699 791 3759 emendes,
811 3699 836 3748 in
853 3697 961 3763 publica
979 3698 1122 3750 commoda
1139 3710 1268 3762 peccem,

517 3792 544 3842 Sl
560 3790 639 3856 longo
655 3804 782 3843 sermone
799 3804 890 3844 morer
906 3793 950 3842 tua
968 3793 1102 3857 tempora,
1121 3785 1252 3854 Caesarb.

408 3931 558 3998 Horatius
580 3929 690 3998 babitu
705 3929 853 4018 corporis
866 3929 976 3998 brevis
990 3887 1076 4009 fuit„
1086 3938 1184 4017 atque
1198 3929 1336 3998 obesus:
1357 3947 1423 4016 qua

355 4049 432 4118 lisa
454 4073 490 4119 se
514 4056 584 4140 ipso
607 4062 639 4119 et
660 4052 693 4118 in
708 4051 833 4142 Satyris
854 4051 1078 4138 describitur’)
1101 4061 1134 4119 et
1154 4049 1196 4118 ab
1214 4053 1356 4141 Augusto
1375 4047 1423 4113 bac

425 4277 439 4338 ¹)
460 4276 523 4342 app.
542 4278 567 4340 a,
582 4245 611 4342 i,
630 4281 640 4330 t
662 4293 721 4344 sqq.
753 4305 781 4317 -
808 4277 897 4344 usn.
916 4279 940 4338 a,
959 4279 984 4340 a,
1002 4278 1060 4331 aco.
1084 4279 1123 4332 cr.
1142 4278 1210 4344 app.
1230 4280 1255 4342 t,
1272 4280 1314 4342 ao,
1332 4275 1370 4330 rt.
