3192 4974
638 425 698 474 ΗΒ.
718 426 736 474 Ι.
772 424 869 476 EPisT.
888 426 919 474 ii.

603 993 868 1058 ΕΕΜῙΔ
888 993 946 1056 u.

276 1155 401 1222 Troiani
423 1151 499 1221 belli
522 1155 729 1241 scriptorem,
753 1155 891 1220 maxime
912 1151 1006 1230 Lolli,

265 1394 296 1442 ii.
324 1390 434 1452 Lollius,
457 1390 490 1441 ad
513 1403 594 1454 quem
612 1391 680 1442 haee
696 1391 758 1454 Epi·
796 1389 945 1454 quemlihet
955 1387 1169 1451 adolescentem,
1185 1390 1231 1453 qui
1241 1389 1320 1454 plane

233 1465 299 1518 stola
316 1467 378 1516 deis
396 1468 450 1526 esi,
469 1464 538 1516 illius
550 1467 614 1516 netu
626 1467 758 1517 maximus
795 1463 901 1515 abieoto
917 1465 1008 1516 animo
1025 1477 1078 1514 non
1095 1465 1140 1526 sit,
1160 1465 1276 1516 excitare
1294 1469 1322 1516 et

233 1542 267 1592 ll.
281 1539 353 1592 Lollii
366 1553 421 1591 eos.
435 1553 458 1590 s.
473 1553 499 1589 u.
514 1553 537 1590 e.
549 1540 606 1590 433.
622 1540 665 1602 (sd
676 1553 757 1604 quem
795 1539 830 1589 ad
846 1539 945 1603 optime
964 1551 1088 1603 quaeque
1105 1539 1255 1590 ascendere
1271 1539 1321 1590 de-

233 1615 356 1666 lloratius
379 1615 486 1679 scripsit
504 1615 552 1666 0d.
572 1613 602 1676 4,
626 1615 661 1678 9.)
681 1615 759 1666 vide-
795 1613 885 1666 beant.
915 1615 990 1664 Ζιιιι.
1020 1615 1147 1664 Ceterum
1169 1616 1211 1666 est
1229 1612 1320 1667 echols

233 1689 383 1740 inrisisse.
418 1689 488 1750 (Sine
511 1691 584 1740 eerts
601 1689 758 1740 auctoritate
794 1691 882 1740 Stolos
908 1703 940 1739 ex
966 1690 1183 1754 interpretatione
1211 1690 1320 1740 Homeri

232 1768 260 1814 et
274 1764 342 1828 petri
360 1762 457 1814 stillio
474 1762 591 1814 Pelilisni
608 1777 757 1827 cognomen
794 1762 901 1824 morali,
914 1776 997 1827 quem
1008 1765 1178 1827 proeiversnt
1188 1764 1321 1814 Antisthe-

232 1837 350 1890 tribuere
368 1836 466 1890 solent:
496 1839 544 1890 sed
563 1851 625 1889 eum
642 1838 758 1891 consulis
794 1851 857 1900 nes,
883 1839 968 1900 Zeno,
995 1839 1135 1889 Persaeus.
1169 1838 1236 1888 Vide
1257 1839 1322 1888 Dio·

233 1914 318 1977 neptis
330 1925 428 1964 nomen
444 1913 569 1965 hebuerit
583 1913 680 1964 Lolliae
692 1916 759 1964 Psu-
794 1924 857 1962 nem
875 1912 1013 1975 chrysost.
1033 1912 1104 1962 Orat.
1117 1911 1158 1962 es.
1177 1913 1205 1962 si
1220 1912 1261 1962 hii.
1282 1913 1321 1962 Ae

232 1985 314 2049 iisse,
338 1990 366 2038 et
387 1986 536 2039 insolitus
556 1987 679 2039 Paulinus
700 2001 755 2038 eos.
793 1999 925 2050 perquam
943 1984 1035 2037 similis
1052 1987 1095 2037 est
1118 1986 1223 2036 llsxlml
1249 1986 1321 2048 Tyrii

232 2061 351 2112 luerita.
372 2075 397 2111 u.
416 2075 440 2112 s.
459 2060 529 2124 sis,
553 2061 622 2113 illius
644 2063 756 2114 lortssse
794 2061 862 2111 Diss
876 2059 917 2110 32.
930 2057 1055 2146 veluiip.
1070 2059 1127 2110 444.
1141 2060 1186 2111 44.;
1211 2051 1321 2110 Atisim

232 2148 383 2202 pronepos.
417 2135 548 2188 Obbsrius
576 2138 629 2187 hoe
658 2136 757 2188 Poulini
794 2135 946 2199 πεποίηται
974 2129 1053 2200 αὐτῷ
1080 2132 1111 2185 ἑν
1135 2137 1197 2197 τοῖς
1222 2130 1321 2200 λόγοις

233 2223 383 2274 cognomen
394 2210 602 2274 prseierendum
613 2214 688 2262 ratus
696 2213 755 2273 est)
792 2204 943 2279 μειράκιον
971 2203 1145 2260 Θετταλικὸν
1169 2209 1219 2260 καὶ
1244 2203 1319 2279 ἀνὴρ

233 2283 327 2336 lollius
352 2283 433 2336 nobili
459 2284 517 2336 loco
543 2288 638 2348 natus,
666 2286 754 2346 dives,
791 2280 959 2347 βασιλικός,
975 2278 1116 2346 Αχιλλειις
1133 2284 1184 2336 καὶ
1198 2277 1318 2371 Ἀγριμέ-

232 2361 334 2410 iuvenis
357 2373 504 2424 generosae
527 2358 623 2411 indolis
648 2363 674 2410 et
700 2358 756 2410 ele·
792 2375 882 2425 μνων·
901 2354 918 2410 ὁ
935 2356 1022 2424 μιν*
1007 2359 1052 2410 υτ
1069 2353 1159 2429 ὀργῆς
1176 2360 1217 2422 sig
1234 2350 1320 2446 ὕβριν

231 2435 339 2499 gantis
333 2435 429 2498 ingenii
451 2437 520 2496 ersi,
548 2437 678 2498 quantum
696 2436 756 2498 qui-
790 2425 1245 2522 προφιρόμτνοςὸἱιγαμέμνων,
1259 2429 1320 2486 dds

231 2510 295 2560 dem
312 2523 344 2560 ex
362 2511 412 2560 hso
429 2507 544 2574 Epistola
562 2511 589 2560 et
604 2511 683 2560 huius
695 2509 755 2560 libri
790 2501 931 2571 Αχιλλευς
940 2507 1185 2596 προπηλακισθεὶς
1195 2505 1318 2575 μηνιῶν·
1367 2553 1372 2560 .

230 2586 313 2650 Epist.
333 2586 373 2635 48.
393 2586 526 2636 conlisere
548 2583 671 2635 liceto
650 2586 755 2649 (quui-
793 2579 1016 2644 ο4ιιόνεςττοιι9ῶν
1018 2579 1320 2648 ,υεότητοςιιοιιὲξου-

230 2660 293 2710 dem
305 2663 446 2722 utramque
458 2657 601 2723 Epistolsm
614 2661 648 2723 (4
662 2662 690 2710 et
704 2659 754 2722 48.)
793 2659 868 2720 σιας.
879 2651 1001 2720 Αντιθες
1011 2672 1057 2708 τοι
1067 2657 1193 2728 ειιατέρῳ
1205 2673 1257 2708 τον
1268 2659 1320 2710 Νέ-

230 2735 317 2785 setste
343 2747 396 2785 non
423 2733 537 2784 multum
565 2733 663 2785 distare
690 2747 756 2784 cen·
792 2747 896 2820 oropo,
915 2727 1039 2782 παλαιὸν
1056 2730 1095 2798 τῷ
1112 2731 1225 2802 χρόνῳ,
1246 2727 1320 2799 ἀγυι-

230 2823 304 2861 seo.»
291 2809 440 2859 ›MFmrss
460 2807 538 2868 Quod
555 2809 577 2859 si
593 2821 689 2859 verum
702 2811 753 2871 esi,
792 2801 848 2856 dds
864 2809 998 2892 φρονεῖν,
1016 2803 1110 2856 δεινὸν
1128 2807 1226 2857 elusis.
1250 2807 1317 2858 ibid.

230 2888 304 2935 certe
330 2887 391 2934 ente
419 2897 444 2933 a.
469 2882 526 2933 434
547 2884 646 2948 scripta
672 2885 752 2935 esset.
791 2894 819 2946 p
834 2881 893 2932 435:
918 2876 1013 2932 Αὐτόν
1030 2895 1061 2946 ys
1077 2875 1138 2946 μὴν
1155 2876 1206 2931 τὸν
1221 2874 1319 2934 Odoo-

230 2958 430 3010 llirohneruset
446 2957 579 3009 Obherius
595 2956 755 3009 rettulerunt
792 2955 847 3006 σέοι
857 2969 913 3014 ουκ
919 2949 1012 3040 ὁρᾷς,
1031 2971 1071 3016 ως
1082 2956 1234 3018 παντοίαις
1245 2971 1318 3020 συμ-

230 3033 370 3095 sdell'l.)
399 3033 429 3084 Ei
445 3033 524 3095 igilur
534 3035 614 3097 poeta
630 3034 681 3082 lise
692 3033 755 3098 Epi
791 3035 898 3099 φοραῖς
909 3043 1155 3094 αντιτυχνωμυνον
1163 3025 1252 3100 apert]
1263 3045 1319 3081 σω

230 3106 298 3160 stols
324 3105 507 3158 saluberrimis
533 3104 649 3157 consiliis
666 3107 753 3168 vlam,
792 3107 833 3167 ζει
855 3104 906 3154 sol
929 3100 964 3153 τὸ
989 3101 1024 3154 δι’
1051 3101 1164 3169 ἐκεινην
1188 3102 1318 3176 θάρσος,·

230 3195 282 3246 qua
302 3182 474 3246 pervenietur
490 3181 525 3231 ad
542 3181 711 3232 honestatem
728 3183 756 3232 et
793 3174 887 3228 Τοῦτο
903 3193 981 3244 serp
968 3172 1065 3227 ''rd
1050 3193 1081 3228 εν
1101 3177 1209 3249 Κιρκης
1225 3177 1317 3244 μῶλυ,

230 3257 396 3317 felicitatem,
429 3258 561 3308 monstret
585 3269 700 3320 eamque
727 3258 756 3306 ut
792 3248 879 3304 τοῦτο
895 3248 930 3304 τὸ
947 3251 978 3304 ἐν
994 3247 1124 3323 θαλάττῃ
1141 3250 1317 3339 κρήδεμνον,

230 3331 311 3383 siserl
328 3332 417 3382 animo
428 3330 592 3394 ingrediatur
602 3329 757 3382 adolescen-
791 3326 880 3380 τοῦτο
890 3305 1141 3394 τῶνΠολυφήμου
1145 3325 1318 3416 χυιρῶντὸυ

230 3409 284 3458 lem
310 3407 410 3456 monet.
444 3407 531 3469 Atque
554 3418 616 3456 oum
639 3419 671 3456 eo
697 3407 755 3470 ipso
792 3397 883 3474 ανόρα
893 3399 997 3471 ἐξαγει
1008 3417 1097 3455 τουτο
1108 3400 1140 3468 ἐξ
1145 3395 1268 3456 Auloo
1250 3401 1319 3456 ανά-

230 3484 352 3546 tempore
364 3481 487 3531 llorstius
498 3483 641 3532 Praeneste
654 3481 755 3545 degens
792 3495 851 3546 γει,
868 3475 955 3530 τοῦτο
967 3474 1093 3546 πήγνυσι
1105 3477 1236 3542 σχεδίαν,
1249 3478 1318 3532 τοῦ-

230 3556 338 3607 llomeri
370 3556 488 3606 carmine
518 3553 669 3619 relegisset,
704 3557 755 3606 hae
792 3569 826 3605 το
838 3553 931 3606 nst-iss
940 3547 1102 3616 Ἀλκίνουν
1118 3552 1207 3606 τοῦτο
1218 3551 1318 3616 ἀνέχο-

229 3631 364 3682 scribendi
382 3631 523 3682 suessione
540 3633 619 3682 utens
638 3631 755 3695 primum
792 3645 840 3680 ται
855 3621 1022 3690 βαλλόντων
1037 3627 1228 3716 μνηστήρων,
1238 3623 1317 3702 Ἴρου

229 3705 346 3756 ostendit
361 3704 424 3755 inde
438 3707 576 3767 temqusm
589 3705 755 3769 ervitsipsa
793 3703 979 3766 παλαίοντος,
1002 3704 1167 3756 Μελανθίου
1186 3700 1225 3766 sid
1225 3707 1318 3776 pigav-

229 3792 310 3845 posse
328 3779 509 3843 aptissimam
527 3781 668 3842 utramque
691 3790 755 3842 par·
791 3792 857 3842 τος,
873 3794 962 3831 τουτο
979 3778 1130 3866 ἐλευθεροῖ
1144 3775 1197 3844 τὴν
1208 3777 1316 3842 ἑστίαν,

216 3857 285 3920 ¹tem
310 3851 431 3940 example
453 3867 467 3903 a
492 3853 570 3904 nohis
594 3853 657 3916 peti.
693 3855 756 3904 Post
792 3869 880 3905 τουτο
897 3860 1017 3924 τιμωρεῖ
1030 3848 1069 3920 τῷ
1086 3849 1179 3940 γάμῳ

228 3929 297 3979 hane
314 3928 449 3992 egregiam
466 3928 500 3979 de
518 3928 634 3978 Homero
649 3929 756 3978 senten·
826 3929 880 3980 4-.3
903 3929 1054 3994 maetam«
1043 3929 1174 3980 «maxime
1193 3931 1281 3980 nstu'
1275 3945 1317 3982 in-

229 4004 293 4054 tism
316 4000 436 4067 pluribus
459 4016 502 4054 vv.
526 4000 684 4067 expliesism
702 4003 752 4064 (vv.
792 4004 834 4052 ter
850 4003 975 4064 tratrem»
993 4016 1082 4066 neque
1098 4015 1177 4065 vero,
1196 4007 1225 4054 ut
1242 4004 1317 4056 vole-

229 4076 312 4139 4-34.)
332 4077 412 4128 tradit
434 4078 572 4141 potissima
594 4079 755 4142 praesepto·
792 4076 839 4127 hai
856 4076 1002 4139 llerderus¹
1023 4077 1104 4126 «toln
1121 4077 1316 4140 susporsirebsn-

228 4164 289 4202 rum
306 4153 407 4216 eapite,
427 4151 524 4216 quihus
536 4152 589 4202 viis
607 4152 696 4202 iuveni
713 4166 755 4202 rs·
792 4153 848 4214 der,
866 4165 978 4216 magnos
991 4152 1098 4216 spiritus
1115 4151 1162 4202 tibi
1179 4165 1315 4214 sumens»;

229 4226 314 4288 gendo
327 4227 373 4287 sit,
393 4228 447 4277 ism
465 4241 542 4286 vere,
562 4229 616 4278 ism
630 4240 752 4287 nervose,
792 4241 842 4278 nec
860 4230 901 4278 est
917 4234 1016 4278 nomen
1033 4240 1073 4290 pr.
1087 4228 1214 4290 lissima,
1233 4232 1262 4279 ui
1276 4233 1317 4280 est

229 4304 283 4352 ism
309 4301 344 4352 sd
369 4301 588 4366 persuadendum
613 4305 695 4366 apte,
726 4304 755 4354 ut
791 4301 869 4365 longe
887 4301 1019 4364 posterior
1033 4304 1060 4352 P.
1078 4303 1171 4354 Lollius
1187 4305 1317 4355 Μοοιυιιιτ
