3178 4972
622 458 681 508 urn.
700 459 720 507 1.
757 459 854 508 srrsr.
873 459 926 508 vn.
1258 461 1321 524 l63

272 616 348 680 Post
370 634 486 680 nonam
509 615 639 692 venies;
664 635 748 682 nune
775 617 800 692 i,
824 635 893 681 rem
917 625 1067 682 strenuus
1090 637 1182 704 auge.

271 737 310 804 Ut
331 746 462 802 ventum
485 736 526 802 ad
548 755 684 803 coenam
707 744 772 812 est,
796 736 934 806 dicenda
957 737 1094 804 tacenda
1117 739 1242 806 locutus

272 856 413 923 Tandem
436 855 608 924 dormitum
633 857 808 925 dimittitur.
852 859 911 925 ilie
933 857 987 926 ubi
1011 880 1110 947 saepe

272 978 442 1045 Occultum
465 980 554 1045 visus
576 979 753 1046 decurrere
777 979 877 1067 piscis
899 981 941 1047 ad
963 981 1094 1048 hamum

271 1100 363 1165 blane
390 1099 490 1166 cliens
513 1110 546 1166 et
567 1101 630 1167 iam
652 1111 760 1168 certus
783 1100 934 1178 conviva,
959 1103 1088 1170 iubetur
1277 1107 1317 1170 75

271 1225 357 1288 liure
380 1221 567 1288 suburbana
590 1222 717 1290 indietis
740 1243 849 1290 comes
873 1223 919 1290 ire
941 1226 1070 1292 Latinis.

271 1343 444 1430 impositus
467 1344 591 1410 mannis
614 1365 726 1410 arvum
748 1345 940 1434 caelumque
963 1347 1117 1414 Sabinum

293 1553 332 1601 tt.
352 1557 387 1600 ast
403 1552 437 1600 od
454 1565 542 1601 cenam
559 1552 585 1601 d.
607 1577 634 1587 —
655 1552 695 1602 7³.
713 1553 753 1602 lrtc
770 1555 803 1616 C,
822 1555 875 1604 beic
892 1556 915 1612 t,
934 1555 982 1604 buc
998 1570 1035 1616 φ,
1054 1555 1098 1605 Ast
1114 1556 1160 1620 dp,
1170 1573 1196 1623 y,
1214 1558 1283 1621 Erpo

258 1629 286 1689 ζ,
305 1639 358 1676 om.
373 1627 401 1686 E,
412 1623 441 1686 β.
458 1650 485 1662 -
500 1627 540 1676 75.
554 1629 630 1677 eliam
641 1626 725 1678 bch.
746 1627 833 1691 (etiem
849 1641 919 1678 seros
934 1628 1043 1679 Bentleii
1055 1629 1134 1680 dubia
1146 1631 1282 1695 suspicio.)

226 1790 291 1846 οὐκ
308 1791 413 1865 ἐχρῆν
424 1789 751 1860 ἀπολαλήσαντες--τό
788 1795 907 1847 triduum
916 1797 1044 1848 iustitium
1053 1801 1134 1859 esset,
1142 1799 1245 1863 patroni
1255 1812 1316 1850 cau·

225 1868 437 1921 estsexam·-
449 1865 578 1920 ἀπίασιν.
599 1871 751 1919 -dimitti-
788 1885 879 1922 sarum
903 1875 930 1921 et
952 1873 1104 1936 quicunque
1128 1872 1248 1924 civilibus
1265 1887 1315 1924 ne-

224 1945 273 2010 tur]
300 1943 443 1996 «politioris
470 1947 552 1995 moris
577 1947 683 2008 ignarus
703 1944 751 1995 be·
787 1947 863 2009 gotiis
878 1945 1003 2011 implicati
1015 1951 1099 2006 erant,
1113 1948 1211 1998 otiandi
1224 1961 1313 2009 causa,

223 2021 302 2083 aigne
314 2021 447 2080 monetur,
461 2022 491 2069 ut
504 2020 614 2070 tandem
630 2019 749 2070 cubitum
787 2020 929 2072 comitibus
955 2020 1054 2085 aliquot
1081 2035 1175 2072 secum
1201 2023 1313 2084 eductis,

222 2098 340 2149 redeatur
367 2098 526 2160 Neutiquam
544 2098 584 2148 bis
601 2109 644 2146 rv.
664 2095 751 2146 ebrie-
786 2096 991 2146 rusticabantur.
1027 2097 1069 2146 Sic
1094 2098 1256 2148 acieerone
1278 2097 1315 2148 le-

223 2175 282 2224 tatis
307 2173 400 2222 vilium
426 2173 452 2222 iu
479 2186 511 2222 eo
529 2170 748 2234 reprehenditur,
786 2173 831 2221 riis
849 2171 946 2222 Latinis
964 2171 1097 2234 linguntur
1112 2172 1196 2222 babiti
1214 2173 1240 2223 in
1257 2174 1314 2222 Sci-

222 2248 271 2300 sed
287 2249 339 2298 hoc
357 2246 494 2296 dumtaxat
510 2247 620 2304 dicitur,
639 2248 750 2310 propter
786 2247 871 2310 pionis
888 2247 998 2296 minoris
1020 2247 1104 2298 bortis
1120 2260 1260 2299 sermones
1279 2247 1314 2298 illi

221 2323 300 2376 totins
329 2333 430 2371 coenae
459 2320 617 2370 hilaritatem
647 2319 748 2370 bouum
786 2321 820 2371 de
838 2333 867 2370 re
885 2319 1001 2384 publica.

221 2393 292 2446 illum
311 2397 415 2447 lienam
432 2396 533 2446 sensim
550 2391 661 2445 oblitum
676 2407 746 2456 esse,
818 2396 905 2445 77-85.
933 2396 1066 2457 impositus
1087 2397 1196 2461 maante]
1224 2399 1314 2448 ablan-

221 2483 273 2533 qua
290 2472 356 2521 bora
373 2483 438 2521 suae
457 2471 620 2520 condicionis
637 2470 749 2520 homini·
784 2483 849 2520 num
861 2470 1009 2520 ascendere
1021 2472 1142 2532 iussus‚»
1161 2485 1223 2523 cum
1232 2473 1314 2522 Acro-

220 2547 271 2597 bus
288 2547 321 2597 de
340 2545 468 2597 nobilium
480 2547 571 2596 coenis
583 2545 747 2608 surgendum
784 2558 831 2605 ne,
860 2544 1001 2606 lambino,
1026 2547 1124 2595 Ceruto
1142 2545 1252 2609 aliisque
1270 2561 1314 2596 ex·

221 2624 300 2670 esset.
321 2647 350 2657 -
368 2622 422 2686 llic]
442 2623 510 2670 Cum
527 2621 578 2670 hoc
597 2632 746 2683 pronomen
785 2620 858 2684 ponit
886 2619 1034 2680 Obbarius;
1070 2633 1123 2682 qua
1156 2623 1183 2672 in
1210 2623 1312 2672 ratione

221 2696 283 2759 (non
300 2695 372 2758 adv.)
396 2696 539 2746 excidisset
560 2697 585 2746 in
604 2694 747 2745 Codicibus
785 2708 857 2744 num.
877 2693 985 2758 pluralis
1006 2696 1107 2744 manis
1123 2696 1246 2759 explicari
1263 2696 1313 2747 de-

219 2768 329 2834 aliquot,
348 2771 421 2820 varie
440 2770 560 2834 expletus
577 2771 619 2820 est
632 2781 745 2820 versus:
784 2768 831 2818 bet
853 2767 895 2816 vel
916 2781 970 2817 una
993 2781 1055 2818 cum
1076 2767 1186 2833 reliquie
1202 2770 1313 2834 Philippi

218 2846 295 2907 Hinc,
314 2847 382 2906 Huc,
399 2847 455 2904 Ast,
468 2847 546 2909 Erpo.
566 2843 619 2894 Sed
630 2843 663 2894 cl.
677 2844 744 2908 Epp.
784 2841 926 2892 comitibus
948 2841 991 2892 vel
1017 2842 1051 2892 de
1075 2844 1179 2894 mannis
1196 2842 1311 2906 singulas

219 2921 247 2980 B,
265 2922 296 2982 B,
311 2921 368 2971 436,
383 2947 411 2956 -
431 2919 567 2984 Occultum]
586 2921 652 2983 lipp.
667 2921 691 2979 l,
705 2921 744 2980 46,
783 2931 834 2982 per
845 2917 997 2968 mansiones
1009 2917 1126 2968 mutatis.
1151 2918 1252 2968 llannis
1262 2931 1312 2968 au·

219 2996 259 3045 bl.
272 2997 383 3046 hamum
396 2996 476 3045 vocat
490 3001 611 3056 opertom
627 3021 654 3030 ·-
662 2994 746 3057 piscis]
783 2996 839 3043 tem
855 2993 988 3043 liomanos
1001 2991 1134 3042 interdum
1147 2995 1240 3044 vectus
1251 3006 1312 3045 esse

220 3072 264 3119 out
280 3071 394 3135 piscis»
412 3070 510 3120 omissa
527 3072 558 3119 ut
574 3081 655 3134 saepe
674 3081 747 3119 com·
783 3068 915 3117 monstrat
936 3079 968 3116 ex
990 3067 1107 3116 Senecae
1125 3068 1206 3131 Epist.
1225 3069 1265 3118 87.
1285 3071 1313 3118 et

219 3146 362 3206 potationis
390 3142 527 3208 particula.
558 3144 597 3194 Cf.
617 3141 700 3207 Epod.
720 3144 744 3203 l,
784 3143 883 3192 Auson.
914 3141 995 3206 Epist.
1024 3142 1052 3202 8,
1080 3143 1113 3192 i:
1146 3143 1187 3192 Vel
1209 3145 1312 3194 celerem

218 3217 258 3268 at.
278 3245 302 3255 -
316 3220 428 3281 bommn]
446 3219 559 3283 opipare
571 3218 746 3282 paratiscon-
781 3229 904 3266 amonim
928 3215 967 3266 uel
987 3220 1091 3278 raptam
1107 3221 1179 3279 torpa
1194 3220 1312 3268 omum

218 3292 292 3342 viriis
319 3292 503 3344 delectabatur
525 3292 659 3357 Philippus
676 3293 745 3342 testa
783 3291 948 3351 commea,
973 3301 1081 3352 propere
1103 3291 1236 3342 dommodo
1258 3293 1312 3341 iam

218 3367 335 3418 Varrone
353 3369 382 3418 R.
401 3370 431 3418 B.
450 3369 474 3431 3,
494 3368 518 3429 3,
538 3369 562 3418 9.
593 3369 638 3420 llis
655 3371 745 3419 nutem
781 3367 875 3416 vetius.
902 3364 1070 3426 Aliicontra‚
1089 3367 1309 3431 quodpraeiero:

218 3442 387 3492 inescabatur
403 3455 488 3494 novus
507 3442 597 3494 cliens.
616 3469 643 3479 -
662 3444 744 3508 cliens]
784 3443 942 3506 cinrposilus
969 3443 1033 3494 cisio
1058 3441 1102 3493 vel
1127 3444 1241 3506 rhedae,
1268 3444 1311 3493 eui

217 3515 270 3566 Cir.
289 3519 432 3568 Buttmann
453 3520 517 3570 Krit.
537 3519 600 3569 Bibl.
618 3519 649 3581 3,
669 3520 698 3580 l,
716 3532 743 3584 p.
783 3519 865 3568 iuncti
891 3521 968 3568 erant
990 3519 1117 3578 manni‚»
1143 3521 1173 3569 ut
1189 3521 1227 3570 ire
1242 3519 1312 3579 equ&

217 3591 274 3642 390.
294 3594 432 3652 «Quotidie
447 3598 589 3658 patronum
601 3593 745 3644 salutatum
782 3605 831 3656 pro
847 3606 928 3642 cm
945 3593 1000 3642 vetti
1020 3593 1094 3642 ovid.
1108 3606 1140 3643 ex
1152 3596 1234 3644 Ponto
1246 3593 1270 3654 3,
1283 3591 1309 3652 l,

217 3669 433 3730 veniebot‚eum
445 3671 471 3718 in
484 3669 570 3720 lorum
582 3669 743 3731 deducebat,
783 3667 848 3716 400:
877 3667 971 3728 Filiam,
999 3672 1023 3716 et
1047 3668 1149 3728 torulis,
1174 3673 1202 3717 ot
1221 3669 1308 3730 prise,

217 3747 245 3792 et
266 3743 437 3806 quotidianus
455 3756 539 3808 prope
562 3743 673 3794 conviva
696 3744 745 3793 tie·
781 3741 825 3790 ibit
843 3741 924 3803 equas,
943 3740 971 3790 id
982 3743 1036 3803 eet,
1055 3755 1135 3791 curru
1148 3741 1308 3805 triumphali.

216 3816 288 3867 bat.»
314 3817 425 3868 Bentleii
444 3832 515 3868 auru
530 3819 637 3870 convivo
654 3822 742 3870 esset:
780 3818 890 3866 Moenus
914 3817 1005 3866 eutem
1031 3817 1073 3865 est
1097 3815 1193 3866 animal
1215 3815 1311 3878 hybri-

217 3893 283 3955 «qui
301 3906 376 3955 sero,
396 3907 459 3944 cum
476 3895 558 3944 ceteri
576 3893 675 3944 iamdiu
692 3893 746 3944 dis-
781 3889 847 3941 dum
864 3903 897 3941 ex
915 3902 985 3954 equo
1003 3892 1031 3940 et
1047 3890 1120 3940 asina
1138 3891 1239 3941 natum.
1270 3891 1308 3942 Cl.

216 3965 370 4030 cubuerlnt,
388 3968 697 4033 venitm-suburbano]
715 3968 741 4018 h.
781 3965 829 4016 Od.
848 3965 874 4026 3,
893 3965 978 4026 Bm.
1008 3963 1091 4029 Epod.
1109 3963 1138 4026 l,
1159 3964 1198 4015 ll.
1221 3991 1248 4001 -
1267 3979 1312 4015 ar-

216 4039 233 4090 l.
252 4041 277 4090 in
294 4054 358 4105 agro
375 4041 482 4093 Sabino.
498 4043 746 4093 -inoictts--lc-
780 4053 840 4091 mort
860 4041 1006 4100 caeteroque
1028 4039 1229 4104 Submemmi]
1256 4041 1310 4091 Etsi

216 4114 286 4181 dats]
322 4118 412 4168 Feriae
443 4118 550 4168 Latinae
581 4131 634 4168 non
659 4120 743 4170 sutae
781 4127 907 4180 asperum
935 4115 993 4164 erat
1024 4112 1111 4164 solum
1138 4113 1309 4179 trigidiusque

217 4193 308 4251 erant,
332 4191 381 4242 sed
399 4193 571 4256 conceptivae
589 4193 617 4241 el
634 4195 745 4256 quotan-
781 4190 885 4242 eaelum
914 4187 1058 4250 Sabinum,
1089 4191 1178 4240 temen
1209 4191 1310 4241 bomini

216 4266 605 4318 nisindicebanturaconsule.
625 4267 740 4319 Macrob.
780 4268 823 4316 vix
857 4275 976 4327 unquam
1010 4267 1084 4314 extra
1113 4266 1189 4317 Urbis
1217 4278 1309 4316 muros

216 4342 320 4390 saturn.
340 4343 367 4400 l,
387 4342 427 4391 lii.
458 4344 513 4392 lam
530 4355 592 4391 cum
609 4355 658 4405 per
675 4354 743 4406 qna-
781 4339 887 4404 evagari
908 4335 985 4388 solite
1009 4341 1214 4392 amoenissimus
1237 4339 1310 4390 vida-
