3090 4974
331 435 393 502 72AE
723 437 726 444 '
815 439 943 492 nostrii

373 597 440 664 Nec
462 597 590 684 gemino
612 595 732 664 bellum
754 597 924 664 Troianum
946 595 1072 664 orditur
1092 597 1134 667 ab
1156 620 1234 680 ov03

373 719 510 807 Semper
531 718 572 785 ad
595 729 745 786 eventum
767 717 947 786 4444444444
968 719 1000 784 in
1022 720 1146 788 medias
1172 741 1226 790 res

371 841 442 906 Non
464 859 561 908 secus
584 859 622 906 ac
643 849 735 906 notas
758 839 938 907 auditorem
960 840 1045 928 rapit
1066 850 1113 919 et,
1137 863 1222 929 quae

369 963 529 1050 Desperat
551 971 683 1028 tractata
704 961 865 1028 nitescere
886 981 999 1049 posse,
1024 960 1190 1049 relinquit,
1353 966 1418 1032 450

369 1087 473 1173 Atque
496 1085 538 1150 ita
559 1084 722 1160 mentitur,
746 1083 794 1149 sic
814 1083 901 1149 veris
923 1079 1001 1149 ialsa
1022 1083 1187 1159 remiscet,
1270 1169 1273 1176 .

326 1323 472 1387 scripserat
488 1319 559 1371 iulus
575 1320 711 1370 Antonius.
730 1317 796 1368 Vide
814 1317 849 1367 44
888 1317 928 1378 40,
942 1319 966 1368 4.
985 1318 1094 1370 Tzstzes
1106 1318 1140 1369 ad
1152 1319 1284 1385 Lyccpbr.
1297 1322 1339 1374 88.
1361 1323 1416 1374 Bn-

290 1433 292 1438 ,
327 1397 417 1447 Carm.
430 1395 455 1456 4,
467 1397 491 1445 4.
507 1395 553 1446 04.
567 1394 718 1444 -minime
729 1393 849 1456 eogimn-
885 1390 921 1440 dli
937 1391 1067 1456 ilytbogr.
1092 1393 1113 1444 l.
1130 1393 1171 1444 78.
1201 1394 1258 1457 (Alii
1273 1408 1298 1445 4.
1315 1399 1416 1461 partim

325 1469 391 1522 dum
419 1469 485 1532 est),
509 1481 543 1519 au
565 1465 687 1532 exempla
714 1468 766 1518 sint
788 1465 849 1516 ficta
885 1462 1098 1529 explicaverunt:
1118 1479 1167 1517 «ex
1184 1467 1350 1532 quoplures,
1371 1485 1414 1536 pr.

325 1544 478 1604 dumtaxat,
522 1545 552 1593 nt
584 1541 715 1592 eiusmodi
754 1541 848 1591 vitium
885 1537 928 1588 hic
953 1539 1099 1601 trigemini,
1126 1553 1179 1590 nna
1202 1540 1302 1593 exclusi
1325 1549 1415 1595 sunt.

290 1667 295 1676 ,
324 1631 498 1683 summopere
521 1614 697 1680 vituperabile
718 1615 775 1666 inre
798 1614 848 1665 4ο-
884 1611 938 1662 844
962 1613 1001 1664 444
1023 1613 1102 1664 nimis
1118 1615 1244 1679 ambigue
1260 1615 1314 1667 hcc
1331 1631 1416 1670 voce-

324 1697 396 1754 ceat,
415 1693 502 1743 nosin
514 1689 604 1741 medio
616 1689 815 1754 relinquimus.»
884 1684 947 1737 bulo
972 1699 1038 1738 usus
1058 1688 1149 1750 esset.)
1175 1688 1293 1740 Helenae
1312 1695 1414 1754 44444444,

357 1767 414 1818 tit.
432 1767 483 1816 Nec
493 1766 591 1830 patrino
602 1765 664 1829 cet]
684 1767 791 1828 «Neque
802 1775 849 1812 ve·
883 1763 913 1811 ut
933 1760 1072 1826 probabile
1095 1765 1150 1824 444,
1176 1764 1248 1814 baud
1266 1766 1360 1829 procul
1378 1769 1415 1818 ab

322 1854 352 1892 ro
370 1841 472 1891 orditur
483 1838 583 1890 bellum
595 1840 737 1890 Tmianum
748 1837 782 1888 ab
795 1839 848 1887 lie-
884 1837 993 1888 exordio
1010 1838 1198 1890 memorabant
1218 1842 1337 1892 carmina
1355 1845 1415 1908 Cy-

321 1915 398 1966 lenee
417 1917 476 1966 ortn
495 1913 672 1979 prodigioso.»
661 1913 731 1961 n.V
749 1913 847 1976 pomino
883 1914 953 1977 pria,
969 1913 1351 1980 quaestesinovelilegesino
1364 1921 1415 1970 tri—

320 1989 427 2040 4444444
452 1987 637 2054 explicandum
667 2000 730 2037 curn
758 1983 845 2036 schol
883 1986 1011 2048 buuntur,
1025 1987 1200 2052 epudAtben.
1207 1989 1232 2051 8,
1237 1991 1276 2040 40.
1283 2004 1310 2054 p.
1318 1991 1412 2044 ettae

321 2065 457 2150 Rhenaug.
479 2063 594 2114 inedito:
624 2061 765 2125 «iuppiter
784 2074 846 2111 cum
884 2062 951 2124 Τοῖς
967 2059 999 2112 64
1009 2077 1083 2126 μετα
1094 2077 1229 2134 spatam
1237 2057 1355 2130 Ελενην
1367 2083 1415 2119 τε

319 2139 424 2190 Lede
417 2152 444 2188 m
469 2139 560 2202 specie
585 2137 663 2200 cygni
692 2134 844 2186 concubuit.
882 2151 928 2197 44,
955 2133 1057 2202 θαῦμα
1081 2135 1228 2206 βροτοῖσι·
1255 2136 1315 2205 Τήν
1339 2156 1415 2194 ποτε

319 2208 845 2274 4444414444οο444444444ς44444444
882 2208 1058 2277 καλλίκομος
1071 2211 1196 2278 Νέμεσις
1212 2210 1348 2280 φιλότητι
1365 2234 1416 2281 μι-

319 2287 411 2340 Pollux
428 2288 455 2336 et
472 2287 580 2345 Castor,
600 2297 632 2334 ex
649 2282 732 2333 altero
745 2281 844 2334 Helena
881 2293 965 2354 ysico
981 2290 1066 2354 Ζηνὶ,
1090 2288 1167 2338 θεῶν
1183 2285 1318 2356 βασιλῆι,
1344 2293 1415 2344 τέκε

319 2363 425 2412 exivit.»
413 2361 522 2424 etipse
544 2360 625 2408 etiam
648 2359 770 2410 Horatius
792 2360 845 2409 Ca·
882 2359 1021 2433 κρατερῆς
1039 2356 1085 2414 ὖπ
1102 2355 1242 2430 ἀνάγκης.

319 2438 419 2488 storem
446 2437 473 2485 et
494 2432 627 2484 Pollucem
649 2447 683 2482 ec
698 2434 783 2483 ecdem
799 2447 845 2484 oco
916 2436 977 2488 448-
980 2439 1036 2488 tea.
1049 2439 1172 2501 meeum]
1185 2438 1415 2511 «καταστροφὴν

314 2515 454 2575 propinatos
471 2509 534 2560 dicit
551 2511 605 2560 Sat.
617 2509 642 2569 2,
657 2509 667 2557 4
675 2508 745 2570 ,46)
763 2507 845 2558 Aliter
881 2513 962 2574 atque
980 2512 1079 2562 exitum
1097 2511 1217 2574 tabulae,
1244 2527 1327 2578 quam
1344 2530 1415 2568 nar-

319 2586 519 2637 Commentatcr
540 2584 706 2648 cruquii2«
694 2584 771 2633 «Duo
794 2596 844 2633 ova
881 2586 990 2634 4444-
962 2585 1117 2650 -Ῑ4444440
1142 2587 1196 2638 «ita
1219 2589 1357 2652 procedit,
1383 2597 1414 2642 ut

317 2661 457 2726 peperisse
475 2659 666 2720 4440444444,
686 2656 843 2708 4444444444
880 2671 1018 2723 nunquam
1051 2660 1257 2724 rhapsodiarum
1290 2665 1414 2718 exordiis

317 2738 380 2786 love
403 2735 453 2787 sub
471 2734 561 2800 specie
579 2737 657 2798 cygni
679 2732 735 2796 (cir.
752 2733 841 2796 Eurip.
881 2731 1044 2798 epilogisque
1058 2737 1085 2785 et
1097 2734 1305 2798 digressionibus
1314 2751 1415 2802 super·

318 2809 410 2861 ilelen.
424 2810 464 2861 48.
480 2813 562 2861 Ιιο44,
576 2809 632 2860 liei.
647 2811 711 2859 Eric.
724 2809 790 2872 46),
810 2821 843 2857 ex
880 2808 1004 2858 vacaneis
1020 2821 1049 2859 se
1061 2810 1119 2873 ipse
1132 2808 1249 2874 implicet
1260 2813 1340 2875 atque
1354 2813 1414 2866 im·

317 2897 372 2949 quc
388 2885 443 2935 nati
460 2887 523 2934 sunt
533 2883 623 2935 Pollux
641 2885 669 2933 et
680 2881 794 2940 Helene,
807 2879 843 2931 al·
879 2881 995 2945 pedint.»
1011 2909 1038 2920 -
1057 2883 1084 2933 in
1098 2885 1196 2935 44444444
1210 2885 1259 2949 ms]
1284 2887 1358 2947 «its,
1382 2893 1415 2940 nt

316 2962 405 3010 terum
422 2971 455 3008 ex
472 2958 608 3023 Tyndaro,
627 2969 660 3008 44
677 2970 731 3021 quo
749 2958 843 3007 Castor
879 2955 963 3008 lector
979 2969 1073 3008 eorum
1090 2960 1250 3024 principium
1266 2959 1338 3010 baud
1358 2963 1414 3016 de-

317 3037 345 3086 44
355 3033 593 3098 Clytaemnestra»
612 3033 715 3096 Hygino
727 3030 788 3082 Feb
800 3032 840 3081 74.
878 3031 1012 3088 rideret,
1026 3031 1107 3083 veluti
1115 3035 1204 3084 stetim
1214 3034 1311 3098 odyss.
1317 3051 1349 3095 n,
1362 3040 1411 3089 tt:

317 3110 521 3162 convenierunt
538 3108 755 3160 Commentators
773 3107 842 3157 Cru-
871 3099 951 3156 Eud*
969 3099 1053 3157 ἄλλοι
1068 3106 1124 3172 μὲν
1135 3105 1253 3172 πάντες,
1271 3103 1414 3174 ὅσοιφό-

316 3185 381 3248 qnii,
396 3181 752 3248 nisiquodortreiovomm
763 3193 842 3232 men·
877 3176 1027 3247 γοναὶπὺν
1038 3173 1163 3255 ὄλεθρον
1172 3177 1334 3236 04444ιέ4444
1342 3186 1411 3239 κτλ.

315 3259 417 3310 tionem
432 3271 485 3309 non
497 3258 568 3310 44444
588 3258 685 3308 Contra
696 3255 771 3306 Bodu
782 3256 841 3318 ily
878 3257 933 3306 Cic
955 3256 991 3306 sd
1009 3258 1061 3307 Ait.
1080 3259 1108 3320 4,
1130 3259 1175 3320 46,
1194 3260 1223 3308 t:
1247 3261 1414 3323 Respondebo

316 3333 402 3397 thogr.
415 3334 435 3384 I.
448 3331 506 3384 404.
519 3346 547 3397 p.
561 3331 607 3382 ot:
625 3331 738 3394 lttpptter
752 3343 842 3382 contat·
877 3322 1053 3400 tibidetepov
1065 3327 1220 3404 πρότερον,
1232 3326 1333 3406 ‘propp
1335 3333 1410 3400 κῦς

316 3407 550 3458 bratettmbedu
540 3421 568 3456 ιιι
584 3405 756 3470 spectecupm
782 3406 841 3456 inda
878 3404 1026 3468 Quintili
1040 3407 1086 3466 40,
1099 3407 1142 3458 tt:
1160 3407 1412 3463 4444444444ἰεί·-

315 3485 596 3543 4ιιοονοιιοιοιιιοι,
623 3479 840 3542 sequonmut-
876 3480 1032 3543 ciptmdum,
1049 3481 1413 3539 odtmorelicmen'cem·

315 3563 368 3609 tere
386 3557 474 3608 044444
489 3561 513 3606 et
523 3555 627 3617 miter
645 3555 769 3606 44444444
781 3554 841 3616 044-
877 3555 1092 3606 duodecimis?
1108 3556 1197 3610 Sebol.
1207 3559 1273 3610 ven.
1283 3559 1410 3614 edilred

316 3631 603 3684 teenmmtrudiielmte
612 3634 690 3680 notes
699 3635 765 3679 4444.
783 3631 840 3680 lam
876 3629 946 3691 οι,8.
964 3625 1413 3717 Δέγονσιδὲκαὶάρετήνποιη-

314 3707 429 3772 Eriphus
441 3704 513 3794 apud
524 3705 619 3755 Athen.
632 3705 657 3765 4,
671 3704 715 3754 4οι
734 3697 778 3769 ᾠὰ
789 3700 841 3792 xp'-
875 3699 959 3768 νικῆν
971 3701 1044 3756 eluat
1055 3701 1089 3756 τὸ
1101 3703 1158 3758 τῶν
1167 3705 1338 3759 reiterato
1346 3709 1413 3763 dxe-

316 3795 420 3833 veeoe-
428 3769 547 3842 Ουτος
557 3776 589 3828 dd
599 3792 675 3844 φησι
684 3792 776 3829 ταντα
786 3793 840 3844 την
876 3775 1412 3864 iapdeivecdatmlaesplre'tvlctaeuv

315 3853 415 3922 Λήδαν
437 3859 536 3905 τεκεῖν.
563 3853 645 3905 Aliter
668 3865 761 3904 rursus
778 3855 841 3904 Ser-
876 3846 1018 3906 ἅνέκαθεν
1034 3852 1250 3922 etqyrmemae
1265 3858 1413 3913 Neam

315 3933 374 3983 vius
391 3930 426 3981 44
442 3933 507 3981 Aen.
521 3929 545 3991 3,
559 3929 622 3979 348.
642 3927 762 3978 «Ledam
778 3929 841 3992 lup·
876 3941 907 3978 nc
922 3929 1043 3994 nome]-
1031 3932 1129 3995 «qnesi
1145 3931 1278 3984 deberent
1294 3933 1413 3988 iamiam

315 4007 385 4072 piter
401 4007 427 4056 in
445 4017 562 4069 cygnum
575 4004 692 4054 mutatus
703 4003 840 4067 grauidam
876 4005 955 4053 notae
972 4016 1033 4056 esse
1051 4002 1233 4067 lectoribus3»
1257 4019 1328 4072 quae
1345 4011 1412 4075 ipsa

316 4081 390 4141 iecit,
409 4093 478 4144 qnae
490 4090 571 4130 ovum
585 4077 723 4142 peperisse
734 4077 839 4138 dicitur,
876 4079 991 4130 maxima
1008 4081 1050 4131 est
1065 4080 1148 4132 virtus
1169 4082 1328 4134 narmtionir
1345 4087 1413 4136 444-

315 4152 388 4204 unde
411 4153 465 4204 neti
482 4155 545 4204 sunt
561 4149 675 4213 tielena,
700 4152 795 4204 Castor
813 4154 841 4202 et
876 4152 963 4204 dentis
975 4165 1007 4203 ac
1020 4151 1160 4206 dilucidae.
1171 4183 1199 4192 -
1213 4157 1338 4220 4444444444
1348 4165 1413 4212 ιω-

315 4225 441 4288 Pelium
458 4229 486 4277 et
502 4228 542 4279 sic
557 4226 632 4278 Bodii
647 4227 778 4290 ilytbogr.
796 4227 838 4278 iii.
876 4231 946 4278 44444
957 4226 1018 4292 cst]
1037 4229 1153 4280 «omittit
1164 4231 1267 4292 omnia,
1286 4245 1362 4296 quae
1376 4249 1413 4287 44

315 4315 342 4368 p.
357 4301 414 4353 463.
441 4299 522 4352 Aliter
544 4301 660 4365 denique
677 4301 796 4367 spelled.
813 4301 839 4365 3,
876 4301 959 4367 ipsius
978 4315 1060 4356 sensu
1077 4315 1141 4354 vere
1163 4306 1270 4368 poetico
1292 4309 1413 4360 44444444
