<?xml version="1.0" encoding="UTF-8"?>
<!DOCTYPE html PUBLIC "-//W3C//DTD XHTML 1.0 Transitional//EN"
    "http://www.w3.org/TR/xhtml1/DTD/xhtml1-transitional.dtd">
<html xmlns="http://www.w3.org/1999/xhtml" xml:lang="en" lang="en">
 <head>
  <title>
</title>
<meta http-equiv="Content-Type" content="text/html;charset=utf-8" />
  <meta name='ocr-system' content='tesseract 3.04.00' />
  <meta name='ocr-capabilities' content='ocr_page ocr_carea ocr_par ocr_line ocrx_word'/>
</head>
<body>
  <div class='ocr_page' id='page_1' title='image "./qhoratiusflaccu01baitgoog_0716.png"; bbox 0 0 3090 4974; ppageno 0'>
   <div class='ocr_carea' id='block_1_1' title="bbox 614 423 839 474">
    <p class='ocr_par' dir='ltr' id='par_1_1' title="bbox 614 423 839 474">
     <span class='ocr_line' id='line_1_1' title="bbox 614 423 839 474; baseline -0.004 -1"><span class='ocrx_word' id='word_1_1' title='bbox 614 423 674 473; x_wconf 79' lang='lat' dir='ltr'>Ans</span> <span class='ocrx_word' id='word_1_2' title='bbox 695 423 839 474; x_wconf 84' lang='lat' dir='ltr'>POETlCA.</span> 
     </span>
    </p>
   </div>
   <div class='ocr_carea' id='block_1_2' title="bbox 227 579 1274 1145">
    <p class='ocr_par' dir='ltr' id='par_1_2' title="bbox 229 579 1062 666">
     <span class='ocr_line' id='line_1_2' title="bbox 229 579 1062 666; baseline 0 -20"><span class='ocrx_word' id='word_1_3' title='bbox 229 583 294 646; x_wconf 89' lang='lat' dir='ltr'>Seu</span> <span class='ocrx_word' id='word_1_4' title='bbox 316 601 447 648; x_wconf 88' lang='lat' dir='ltr'>cursum</span> <span class='ocrx_word' id='word_1_5' title='bbox 470 579 602 645; x_wconf 89' lang='lat' dir='ltr'>mutavit</span> <span class='ocrx_word' id='word_1_6' title='bbox 624 579 770 666; x_wconf 89' lang='lat' dir='ltr'>iniquum</span> <span class='ocrx_word' id='word_1_7' title='bbox 793 579 1062 666; x_wconf 79' lang='lat' dir='ltr'>frugibus&#39;amnis</span> 
     </span>
    </p>

    <p class='ocr_par' dir='ltr' id='par_1_3' title="bbox 229 699 1052 789">
     <span class='ocr_line' id='line_1_3' title="bbox 229 699 1052 789; baseline 0 -23"><span class='ocrx_word' id='word_1_8' title='bbox 229 703 349 768; x_wconf 85' lang='lat' dir='ltr'><strong>Doctus</strong></span> <span class='ocrx_word' id='word_1_9' title='bbox 372 702 431 768; x_wconf 90' lang='lat' dir='ltr'>iter</span> <span class='ocrx_word' id='word_1_10' title='bbox 453 699 585 776; x_wconf 89' lang='lat' dir='ltr'>melius,</span> <span class='ocrx_word' id='word_1_11' title='bbox 610 700 756 768; x_wconf 89' lang='lat' dir='ltr'>mortalia</span> <span class='ocrx_word' id='word_1_12' title='bbox 781 701 863 768; x_wconf 85' lang='lat' dir='ltr'>iacta</span> <span class='ocrx_word' id='word_1_13' title='bbox 884 701 1052 789; x_wconf 87' lang='lat' dir='ltr'>peribunt,</span> 
     </span>
    </p>

    <p class='ocr_par' dir='ltr' id='par_1_4' title="bbox 227 822 1073 910">
     <span class='ocr_line' id='line_1_4' title="bbox 227 822 1073 910; baseline 0 -22"><span class='ocrx_word' id='word_1_14' title='bbox 227 823 352 888; x_wconf 86' lang='lat' dir='ltr'>Nedum</span> <span class='ocrx_word' id='word_1_15' title='bbox 374 843 560 889; x_wconf 85' lang='lat' dir='ltr'><strong>sermonum</strong></span> <span class='ocrx_word' id='word_1_16' title='bbox 582 831 644 888; x_wconf 88' lang='lat' dir='ltr'>stet</span> <span class='ocrx_word' id='word_1_17' title='bbox 665 822 768 889; x_wconf 88' lang='lat' dir='ltr'><strong>honos</strong></span> <span class='ocrx_word' id='word_1_18' title='bbox 792 831 825 890; x_wconf 91' lang='lat' dir='ltr'>et</span> <span class='ocrx_word' id='word_1_19' title='bbox 846 824 947 910; x_wconf 84' lang='lat' dir='ltr'>gratia</span> <span class='ocrx_word' id='word_1_20' title='bbox 971 825 1073 890; x_wconf 83' lang='lat' dir='ltr'><strong>vivax.</strong></span> 
     </span>
    </p>

    <p class='ocr_par' dir='ltr' id='par_1_5' title="bbox 227 942 1274 1145">
     <span class='ocr_line' id='line_1_5' title="bbox 228 942 1274 1032; baseline 0.001 -23"><span class='ocrx_word' id='word_1_21' title='bbox 228 944 323 1010; x_wconf 85' lang='lat' dir='ltr'>Multa</span> <span class='ocrx_word' id='word_1_22' title='bbox 345 953 571 1018; x_wconf 77' lang='lat' dir='ltr'>renascentur,</span> <span class='ocrx_word' id='word_1_23' title='bbox 596 964 681 1030; x_wconf 88' lang='lat' dir='ltr'>quae</span> <span class='ocrx_word' id='word_1_24' title='bbox 705 942 767 1010; x_wconf 91' lang='lat' dir='ltr'>iam</span> <span class='ocrx_word' id='word_1_25' title='bbox 789 943 956 1018; x_wconf 88' lang='lat' dir='ltr'>cecidere,</span> <span class='ocrx_word' id='word_1_26' title='bbox 980 943 1162 1032; x_wconf 79' lang='lat' dir='ltr'>cadentque</span> <span class='ocrx_word' id='word_1_27' title='bbox 1234 947 1274 1010; x_wconf 89' lang='lat'>70</span> 
     </span>
     <span class='ocr_line' id='line_1_6' title="bbox 227 1065 1196 1145; baseline 0.001 -14"><span class='ocrx_word' id='word_1_28' title='bbox 227 1068 317 1145; x_wconf 84' lang='lat' dir='ltr'>Quae</span> <span class='ocrx_word' id='word_1_29' title='bbox 341 1085 426 1132; x_wconf 90' lang='lat' dir='ltr'>nunc</span> <span class='ocrx_word' id='word_1_30' title='bbox 448 1075 522 1130; x_wconf 91' lang='lat' dir='ltr'>sunt</span> <span class='ocrx_word' id='word_1_31' title='bbox 544 1066 575 1130; x_wconf 91' lang='lat' dir='ltr'>in</span> <span class='ocrx_word' id='word_1_32' title='bbox 600 1065 722 1131; x_wconf 88' lang='lat' dir='ltr'>honore</span> <span class='ocrx_word' id='word_1_33' title='bbox 745 1065 918 1138; x_wconf 87' lang='lat' dir='ltr'>vocabula,</span> <span class='ocrx_word' id='word_1_34' title='bbox 944 1067 970 1130; x_wconf 88' lang='lat' dir='ltr'>si</span> <span class='ocrx_word' id='word_1_35' title='bbox 993 1065 1080 1132; x_wconf 92' lang='lat' dir='ltr'>volet</span> <span class='ocrx_word' id='word_1_36' title='bbox 1101 1089 1196 1139; x_wconf 82' lang='lat' dir='ltr'>usus,</span> 
     </span>
    </p>
   </div>
   <div class='ocr_carea' id='block_1_3' title="bbox 214 1234 1241 1510">
    <p class='ocr_par' dir='ltr' id='par_1_6' title="bbox 214 1234 1241 1510">
     <span class='ocr_line' id='line_1_7' title="bbox 214 1234 1241 1298; baseline 0.002 -14"><span class='ocrx_word' id='word_1_37' title='bbox 214 1235 373 1297; x_wconf 78' lang='lat' dir='ltr'>lisquspotos</span> <span class='ocrx_word' id='word_1_38' title='bbox 381 1240 518 1297; x_wconf 78' lang='lat' dir='ltr'>optatoque</span> <span class='ocrx_word' id='word_1_39' title='bbox 530 1234 577 1285; x_wconf 92' lang='lat' dir='ltr'>Alii</span> <span class='ocrx_word' id='word_1_40' title='bbox 589 1234 660 1298; x_wconf 89' lang='lat' dir='ltr'>apud</span> <span class='ocrx_word' id='word_1_41' title='bbox 670 1234 825 1294; x_wconf 78' lang='lat' dir='ltr'>Marcilium,</span> <span class='ocrx_word' id='word_1_42' title='bbox 837 1235 1057 1298; x_wconf 71' lang='lat' dir='ltr'>amrilbqoepolos</span> <span class='ocrx_word' id='word_1_43' title='bbox 1065 1237 1159 1286; x_wconf 81' lang='lat' dir='ltr'>dodum</span> <span class='ocrx_word' id='word_1_44' title='bbox 1168 1243 1241 1298; x_wconf 85' lang='lat' dir='ltr'>apto-</span> 
     </span>
     <span class='ocr_line' id='line_1_8' title="bbox 216 1309 1238 1373; baseline 0.001 -13"><span class='ocrx_word' id='word_1_45' title='bbox 216 1325 263 1372; x_wconf 69' lang='grc' dir='ltr'>(μω</span> <span class='ocrx_word' id='word_1_46' title='bbox 288 1311 508 1373; x_wconf 88' lang='lat' dir='ltr'>Cunioghamius,</span> <span class='ocrx_word' id='word_1_47' title='bbox 536 1310 675 1371; x_wconf 63' lang='lat' dir='ltr'>omilim</span> <span class='ocrx_word' id='word_1_48' title='bbox 692 1310 770 1371; x_wconf 83' lang='lat' dir='ltr'>polus</span> <span class='ocrx_word' id='word_1_49' title='bbox 791 1310 943 1372; x_wconf 68' lang='lat' dir='ltr'>pleramque</span> <span class='ocrx_word' id='word_1_50' title='bbox 969 1309 1112 1361; x_wconf 85' lang='lat' dir='ltr'>blarlrland.</span> <span class='ocrx_word' id='word_1_51' title='bbox 1143 1341 1169 1350; x_wconf 85' lang='lat'><em>-</em></span> <span class='ocrx_word' id='word_1_52' title='bbox 1197 1314 1238 1362; x_wconf 75' lang='lat' dir='ltr'>aa.</span> 
     </span>
     <span class='ocr_line' id='line_1_9' title="bbox 215 1383 1240 1450; baseline 0.002 -16"><span class='ocrx_word' id='word_1_53' title='bbox 215 1385 305 1449; x_wconf 72' lang='lat' dir='ltr'>moab]</span> <span class='ocrx_word' id='word_1_54' title='bbox 322 1385 406 1434; x_wconf 79' lang='lat' dir='ltr'>Amor</span> <span class='ocrx_word' id='word_1_55' title='bbox 423 1383 490 1434; x_wconf 88' lang='lat' dir='ltr'>Cod.</span> <span class='ocrx_word' id='word_1_56' title='bbox 508 1383 632 1435; x_wconf 86' lang='lat' dir='ltr'>Dorvillii.</span> <span class='ocrx_word' id='word_1_57' title='bbox 654 1407 681 1420; x_wconf 83' lang='lat'><em>-</em></span> <span class='ocrx_word' id='word_1_58' title='bbox 700 1384 741 1434; x_wconf 88' lang='grc'>68.</span> <span class='ocrx_word' id='word_1_59' title='bbox 759 1383 837 1450; x_wconf 73' lang='lat' dir='ltr'>[mto]</span> <span class='ocrx_word' id='word_1_60' title='bbox 854 1391 945 1436; x_wconf 82' lang='lat' dir='ltr'>cuncto</span> <span class='ocrx_word' id='word_1_61' title='bbox 962 1385 1095 1438; x_wconf 85' lang='lat' dir='ltr'>Bentleius</span> <span class='ocrx_word' id='word_1_62' title='bbox 1111 1389 1179 1437; x_wconf 88' lang='lat' dir='ltr'>coni.</span> <span class='ocrx_word' id='word_1_63' title='bbox 1194 1388 1240 1436; x_wconf 85' lang='lat' dir='ltr'>ilr-</span> 
     </span>
     <span class='ocr_line' id='line_1_10' title="bbox 216 1458 548 1510; baseline -0.003 -1"><span class='ocrx_word' id='word_1_64' title='bbox 216 1462 285 1509; x_wconf 87' lang='lat' dir='ltr'>mata</span> <span class='ocrx_word' id='word_1_65' title='bbox 304 1473 319 1508; x_wconf 91' lang='lat' dir='ltr'>a</span> <span class='ocrx_word' id='word_1_66' title='bbox 338 1459 403 1509; x_wconf 86' lang='lat' dir='ltr'>Cod.</span> <span class='ocrx_word' id='word_1_67' title='bbox 423 1458 548 1510; x_wconf 85' lang='lat' dir='ltr'>Galeano.</span> 
     </span>
    </p>
   </div>
   <div class='ocr_carea' id='block_1_4' title="bbox 175 1597 1272 4349">
    <p class='ocr_par' dir='ltr' id='par_1_7' title="bbox 175 1597 1272 3828">
     <span class='ocr_line' id='line_1_11' title="bbox 182 1597 1270 1664; baseline 0 -14"><span class='ocrx_word' id='word_1_68' title='bbox 182 1601 256 1650; x_wconf 81' lang='lat' dir='ltr'>cisen</span> <span class='ocrx_word' id='word_1_69' title='bbox 273 1601 304 1650; x_wconf 89' lang='lat' dir='ltr'>N.</span> <span class='ocrx_word' id='word_1_70' title='bbox 323 1599 409 1649; x_wconf 75' lang='lat' dir='ltr'>Jolrrb.</span> <span class='ocrx_word' id='word_1_71' title='bbox 423 1597 442 1656; x_wconf 71' lang='lat' dir='ltr'>i.</span> <span class='ocrx_word' id='word_1_72' title='bbox 453 1599 538 1650; x_wconf 83' lang='lat' dir='ltr'>Pbitol.</span> <span class='ocrx_word' id='word_1_73' title='bbox 554 1598 609 1649; x_wconf 87' lang='lat' dir='ltr'>Vol.</span> <span class='ocrx_word' id='word_1_74' title='bbox 623 1599 663 1650; x_wconf 80' lang='grc'>64.</span> <span class='ocrx_word' id='word_1_75' title='bbox 679 1613 706 1664; x_wconf 91' lang='lat' dir='ltr'>p.</span> <span class='ocrx_word' id='word_1_76' title='bbox 747 1601 800 1650; x_wconf 88' lang='lat' dir='ltr'>tam</span> <span class='ocrx_word' id='word_1_77' title='bbox 818 1612 878 1650; x_wconf 86' lang='lat' dir='ltr'>esse</span> <span class='ocrx_word' id='word_1_78' title='bbox 896 1611 1027 1663; x_wconf 87' lang='lat' dir='ltr'>perquam</span> <span class='ocrx_word' id='word_1_79' title='bbox 1045 1601 1100 1651; x_wconf 86' lang='lat' dir='ltr'>veri</span> <span class='ocrx_word' id='word_1_80' title='bbox 1118 1600 1203 1652; x_wconf 87' lang='lat' dir='ltr'>simile</span> <span class='ocrx_word' id='word_1_81' title='bbox 1221 1606 1270 1653; x_wconf 87' lang='lat' dir='ltr'>est.</span> 
     </span>
     <span class='ocr_line' id='line_1_12' title="bbox 182 1673 1269 1740; baseline 0.001 -17"><span class='ocrx_word' id='word_1_82' title='bbox 182 1673 286 1736; x_wconf 74' lang='lat' dir='ltr'>itaqu.</span> <span class='ocrx_word' id='word_1_83' title='bbox 303 1701 330 1710; x_wconf 74' lang='lat'><em>-</em></span> <span class='ocrx_word' id='word_1_84' title='bbox 350 1679 461 1736; x_wconf 78' lang='lat' dir='ltr'>optoque</span> <span class='ocrx_word' id='word_1_85' title='bbox 476 1675 560 1736; x_wconf 80' lang='lat' dir='ltr'>remis]</span> <span class='ocrx_word' id='word_1_86' title='bbox 583 1673 708 1736; x_wconf 77' lang='lat' dir='ltr'>«navigs-</span> <span class='ocrx_word' id='word_1_87' title='bbox 748 1699 775 1708; x_wconf 91' lang='lat'>—</span> <span class='ocrx_word' id='word_1_88' title='bbox 788 1675 941 1724; x_wconf 78' lang='lat' dir='ltr'>Doctmiter</span> <span class='ocrx_word' id='word_1_89' title='bbox 950 1674 1047 1739; x_wconf 78' lang='lat' dir='ltr'>meliro]</span> <span class='ocrx_word' id='word_1_90' title='bbox 1065 1677 1129 1740; x_wconf 85' lang='lat' dir='ltr'>Epp.</span> <span class='ocrx_word' id='word_1_91' title='bbox 1141 1678 1164 1734; x_wconf 86' lang='lat' dir='ltr'>l,</span> <span class='ocrx_word' id='word_1_92' title='bbox 1177 1676 1269 1736; x_wconf 66' lang='lat' dir='ltr'>imit:</span> 
     </span>
     <span class='ocr_line' id='line_1_13' title="bbox 182 1746 1272 1812; baseline 0.003 -14"><span class='ocrx_word' id='word_1_93' title='bbox 182 1746 267 1798; x_wconf 75' lang='lat' dir='ltr'>biliso</span> <span class='ocrx_word' id='word_1_94' title='bbox 286 1775 313 1784; x_wconf 94' lang='lat'>-</span> <span class='ocrx_word' id='word_1_95' title='bbox 333 1749 422 1812; x_wconf 68' lang='lat' dir='ltr'>mooe]</span> <span class='ocrx_word' id='word_1_96' title='bbox 447 1749 494 1798; x_wconf 71' lang='lat' dir='ltr'>nin</span> <span class='ocrx_word' id='word_1_97' title='bbox 512 1749 638 1811; x_wconf 80' lang='lat' dir='ltr'>pinguem</span> <span class='ocrx_word' id='word_1_98' title='bbox 655 1746 707 1796; x_wconf 96' lang='lat' dir='ltr'>hu-</span> <span class='ocrx_word' id='word_1_99' title='bbox 744 1748 828 1808; x_wconf 81' lang='lat' dir='ltr'>rivos,</span> <span class='ocrx_word' id='word_1_100' title='bbox 846 1750 868 1796; x_wconf 82' lang='lat' dir='ltr'>ri</span> <span class='ocrx_word' id='word_1_101' title='bbox 884 1749 974 1798; x_wconf 67' lang='lat' dir='ltr'>meida</span> <span class='ocrx_word' id='word_1_102' title='bbox 989 1749 1082 1811; x_wconf 80' lang='lat' dir='ltr'>imber,</span> <span class='ocrx_word' id='word_1_103' title='bbox 1109 1751 1191 1800; x_wconf 75' lang='lat' dir='ltr'>Marito</span> <span class='ocrx_word' id='word_1_104' title='bbox 1207 1752 1272 1802; x_wconf 85' lang='lat' dir='ltr'>mole</span> 
     </span>
     <span class='ocr_line' id='line_1_14' title="bbox 182 1820 1267 1886; baseline 0.002 -14"><span class='ocrx_word' id='word_1_105' title='bbox 182 1834 256 1872; x_wconf 83' lang='lat' dir='ltr'>mum</span> <span class='ocrx_word' id='word_1_106' title='bbox 273 1820 325 1872; x_wconf 88' lang='lat' dir='ltr'>alte</span> <span class='ocrx_word' id='word_1_107' title='bbox 343 1822 575 1886; x_wconf 78' lang='lat' dir='ltr'>deprimendum.»</span> <span class='ocrx_word' id='word_1_108' title='bbox 591 1849 617 1857; x_wconf 94' lang='lat'>—</span> <span class='ocrx_word' id='word_1_109' title='bbox 632 1823 708 1872; x_wconf 89' lang='lat' dir='ltr'>Cete-</span> <span class='ocrx_word' id='word_1_110' title='bbox 745 1823 867 1872; x_wconf 76' lang='lat' dir='ltr'>bocardus</span> <span class='ocrx_word' id='word_1_111' title='bbox 891 1825 980 1884; x_wconf 83' lang='lat' dir='ltr'>aprico</span> <span class='ocrx_word' id='word_1_112' title='bbox 1001 1837 1112 1886; x_wconf 78' lang='lat' dir='ltr'>porcam</span> <span class='ocrx_word' id='word_1_113' title='bbox 1131 1831 1217 1886; x_wconf 78' lang='lat' dir='ltr'>pratu</span> <span class='ocrx_word' id='word_1_114' title='bbox 1238 1851 1267 1862; x_wconf 98' lang='lat'>-</span> 
     </span>
     <span class='ocr_line' id='line_1_15' title="bbox 181 1896 1270 1962; baseline 0.005 -16"><span class='ocrx_word' id='word_1_115' title='bbox 181 1907 241 1946; x_wconf 90' lang='lat' dir='ltr'>rum</span> <span class='ocrx_word' id='word_1_116' title='bbox 259 1909 354 1948; x_wconf 87' lang='lat' dir='ltr'>omues</span> <span class='ocrx_word' id='word_1_117' title='bbox 372 1897 504 1961; x_wconf 83' lang='lat' dir='ltr'>explicant</span> <span class='ocrx_word' id='word_1_118' title='bbox 524 1909 585 1948; x_wconf 92' lang='lat' dir='ltr'>cum</span> <span class='ocrx_word' id='word_1_119' title='bbox 603 1899 707 1946; x_wconf 80' lang='lat' dir='ltr'>Acrone</span> <span class='ocrx_word' id='word_1_120' title='bbox 744 1896 864 1946; x_wconf 81' lang='lat' dir='ltr'>mortalia</span> <span class='ocrx_word' id='word_1_121' title='bbox 878 1897 949 1959; x_wconf 77' lang='lat' dir='ltr'>[octo</span> <span class='ocrx_word' id='word_1_122' title='bbox 963 1897 1088 1962; x_wconf 77' lang='lat' dir='ltr'>peribunt]</span> <span class='ocrx_word' id='word_1_123' title='bbox 1116 1899 1270 1951; x_wconf 77' lang='lat' dir='ltr'>«homiuum</span> 
     </span>
     <span class='ocr_line' id='line_1_16' title="bbox 181 1969 1271 2035; baseline 0.006 -15"><span class='ocrx_word' id='word_1_124' title='bbox 181 1973 209 2020; x_wconf 88' lang='lat' dir='ltr'>et</span> <span class='ocrx_word' id='word_1_125' title='bbox 226 1973 445 2022; x_wconf 74' lang='lat' dir='ltr'>commentatore</span> <span class='ocrx_word' id='word_1_126' title='bbox 463 1971 590 2034; x_wconf 85' lang='lat' dir='ltr'>Cruquii:</span> <span class='ocrx_word' id='word_1_127' title='bbox 613 1972 707 2020; x_wconf 76' lang='lat' dir='ltr'>«Pom-</span> <span class='ocrx_word' id='word_1_128' title='bbox 745 1983 826 2034; x_wconf 89' lang='lat' dir='ltr'>opera</span> <span class='ocrx_word' id='word_1_129' title='bbox 849 1969 891 2021; x_wconf 91' lang='lat' dir='ltr'>vel</span> <span class='ocrx_word' id='word_1_130' title='bbox 915 1973 1195 2035; x_wconf 82' lang='lat' dir='ltr'>magnificentissima,</span> <span class='ocrx_word' id='word_1_131' title='bbox 1222 1988 1271 2026; x_wconf 84' lang='lat' dir='ltr'>uo-</span> 
     </span>
     <span class='ocr_line' id='line_1_17' title="bbox 180 2043 1269 2111; baseline 0.003 -15"><span class='ocrx_word' id='word_1_132' title='bbox 180 2046 267 2110; x_wconf 88' lang='lat' dir='ltr'>ptiuas</span> <span class='ocrx_word' id='word_1_133' title='bbox 284 2043 397 2109; x_wconf 89' lang='lat' dir='ltr'>paludes</span> <span class='ocrx_word' id='word_1_134' title='bbox 414 2049 549 2108; x_wconf 87' lang='lat' dir='ltr'>Augustus</span> <span class='ocrx_word' id='word_1_135' title='bbox 566 2045 708 2096; x_wconf 82' lang='lat' dir='ltr'>exsiccavit</span> <span class='ocrx_word' id='word_1_136' title='bbox 745 2045 809 2096; x_wconf 93' lang='lat' dir='ltr'>dum</span> <span class='ocrx_word' id='word_1_137' title='bbox 821 2045 985 2105; x_wconf 73' lang='lat' dir='ltr'>vocabula3n</span> <span class='ocrx_word' id='word_1_138' title='bbox 998 2059 1051 2110; x_wconf 89' lang='lat' dir='ltr'>quo</span> <span class='ocrx_word' id='word_1_139' title='bbox 1064 2047 1269 2111; x_wconf 81' lang='lat' dir='ltr'>epiphonemate</span> 
     </span>
     <span class='ocr_line' id='line_1_18' title="bbox 181 2118 1267 2186; baseline 0.003 -15"><span class='ocrx_word' id='word_1_140' title='bbox 181 2123 209 2171; x_wconf 89' lang='lat' dir='ltr'>et</span> <span class='ocrx_word' id='word_1_141' title='bbox 224 2120 383 2172; x_wconf 77' lang='lat' dir='ltr'>habitabiles</span> <span class='ocrx_word' id='word_1_142' title='bbox 401 2121 530 2180; x_wconf 81' lang='lat' dir='ltr'>reddidit,</span> <span class='ocrx_word' id='word_1_143' title='bbox 551 2120 646 2170; x_wconf 90' lang='lat' dir='ltr'>iniecto</span> <span class='ocrx_word' id='word_1_144' title='bbox 663 2131 708 2181; x_wconf 88' lang='lat' dir='ltr'>ag·</span> <span class='ocrx_word' id='word_1_145' title='bbox 744 2118 866 2170; x_wconf 86' lang='lat' dir='ltr'>firmatur</span> <span class='ocrx_word' id='word_1_146' title='bbox 882 2121 1012 2171; x_wconf 85' lang='lat' dir='ltr'>sententia</span> <span class='ocrx_word' id='word_1_147' title='bbox 1030 2135 1055 2170; x_wconf 90' lang='lat' dir='ltr'>v.</span> <span class='ocrx_word' id='word_1_148' title='bbox 1069 2121 1110 2171; x_wconf 84' lang='lat'>63.</span> <span class='ocrx_word' id='word_1_149' title='bbox 1123 2124 1267 2186; x_wconf 89' lang='lat' dir='ltr'>proposita.</span> 
     </span>
     <span class='ocr_line' id='line_1_19' title="bbox 181 2193 1267 2261; baseline 0.002 -15"><span class='ocrx_word' id='word_1_150' title='bbox 181 2209 244 2259; x_wconf 85' lang='lat' dir='ltr'>gere</span> <span class='ocrx_word' id='word_1_151' title='bbox 262 2195 379 2260; x_wconf 90' lang='lat' dir='ltr'>lapidum</span> <span class='ocrx_word' id='word_1_152' title='bbox 392 2198 557 2254; x_wconf 58' lang='lat' dir='ltr'>atter-raon</span> <span class='ocrx_word' id='word_1_153' title='bbox 576 2193 706 2245; x_wconf 81' lang='lat' dir='ltr'>addentes</span> <span class='ocrx_word' id='word_1_154' title='bbox 744 2195 868 2246; x_wconf 89' lang='lat' dir='ltr'>Lectione</span> <span class='ocrx_word' id='word_1_155' title='bbox 894 2201 984 2246; x_wconf 71' lang='lat' dir='ltr'>mencio</span> <span class='ocrx_word' id='word_1_156' title='bbox 1010 2193 1107 2246; x_wconf 90' lang='lat' dir='ltr'>tollitur</span> <span class='ocrx_word' id='word_1_157' title='bbox 1127 2198 1267 2261; x_wconf 89' lang='lat' dir='ltr'>oppositio,</span> 
     </span>
     <span class='ocr_line' id='line_1_20' title="bbox 180 2269 1269 2335; baseline 0.004 -17"><span class='ocrx_word' id='word_1_158' title='bbox 180 2271 339 2320; x_wconf 83' lang='lat' dir='ltr'>ex&#39;Sueton.</span> <span class='ocrx_word' id='word_1_159' title='bbox 359 2271 436 2322; x_wconf 88' lang='lat' dir='ltr'>Caes.</span> <span class='ocrx_word' id='word_1_160' title='bbox 454 2270 502 2322; x_wconf 83' lang='lat' dir='ltr'>ll:</span> <span class='ocrx_word' id='word_1_161' title='bbox 523 2271 617 2320; x_wconf 70' lang='lat' dir='ltr'>occure</span> <span class='ocrx_word' id='word_1_162' title='bbox 633 2270 706 2320; x_wconf 83' lang='lat' dir='ltr'>Pom-</span> <span class='ocrx_word' id='word_1_163' title='bbox 743 2281 825 2332; x_wconf 85' lang='lat' dir='ltr'>quom</span> <span class='ocrx_word' id='word_1_164' title='bbox 845 2269 929 2320; x_wconf 90' lang='lat' dir='ltr'>Bentl.</span> <span class='ocrx_word' id='word_1_165' title='bbox 947 2269 1012 2321; x_wconf 85' lang='lat' dir='ltr'>laiso</span> <span class='ocrx_word' id='word_1_166' title='bbox 1029 2271 1174 2335; x_wconf 87' lang='lat' dir='ltr'>vituperat,</span> <span class='ocrx_word' id='word_1_167' title='bbox 1200 2273 1269 2324; x_wconf 90' lang='lat' dir='ltr'>iuter</span> 
     </span>
     <span class='ocr_line' id='line_1_21' title="bbox 178 2344 1268 2410; baseline 0.005 -16"><span class='ocrx_word' id='word_1_168' title='bbox 178 2345 263 2406; x_wconf 82' lang='lat' dir='ltr'>ptinos</span> <span class='ocrx_word' id='word_1_169' title='bbox 272 2345 377 2406; x_wconf 67' lang='lat' dir='ltr'>pontes</span> <span class='ocrx_word' id='word_1_170' title='bbox 385 2345 544 2406; x_wconf 85' lang='lat' dir='ltr'>(destinabat</span> <span class='ocrx_word' id='word_1_171' title='bbox 552 2344 632 2396; x_wconf 85' lang='lat' dir='ltr'>lulius</span> <span class='ocrx_word' id='word_1_172' title='bbox 641 2345 707 2394; x_wconf 86' lang='lat' dir='ltr'>Cae·</span> <span class='ocrx_word' id='word_1_173' title='bbox 741 2347 813 2410; x_wconf 75' lang='lat' dir='ltr'>sacto</span> <span class='ocrx_word' id='word_1_174' title='bbox 830 2347 857 2396; x_wconf 91' lang='lat' dir='ltr'>et</span> <span class='ocrx_word' id='word_1_175' title='bbox 872 2358 1003 2396; x_wconf 70' lang='lat' dir='ltr'>cannones.</span> <span class='ocrx_word' id='word_1_176' title='bbox 1038 2347 1117 2396; x_wconf 85' lang='lat' dir='ltr'>Facto</span> <span class='ocrx_word' id='word_1_177' title='bbox 1133 2350 1224 2398; x_wconf 86' lang='lat' dir='ltr'>autem</span> <span class='ocrx_word' id='word_1_178' title='bbox 1241 2349 1268 2398; x_wconf 88' lang='lat' dir='ltr'>et</span> 
     </span>
     <span class='ocr_line' id='line_1_22' title="bbox 179 2418 1268 2486; baseline 0.003 -16"><span class='ocrx_word' id='word_1_179' title='bbox 179 2419 241 2482; x_wconf 84' lang='lat' dir='ltr'>sar).</span> <span class='ocrx_word' id='word_1_180' title='bbox 271 2418 332 2470; x_wconf 82' lang='lat' dir='ltr'>Tale</span> <span class='ocrx_word' id='word_1_181' title='bbox 356 2422 446 2470; x_wconf 73' lang='lat' dir='ltr'>mmen</span> <span class='ocrx_word' id='word_1_182' title='bbox 468 2421 578 2484; x_wconf 80' lang='lat' dir='ltr'>Augusti</span> <span class='ocrx_word' id='word_1_183' title='bbox 599 2431 667 2484; x_wconf 87' lang='lat' dir='ltr'>opos</span> <span class='ocrx_word' id='word_1_184' title='bbox 689 2433 704 2470; x_wconf 90' lang='lat' dir='ltr'>a</span> <span class='ocrx_word' id='word_1_185' title='bbox 742 2435 821 2484; x_wconf 85' lang='lat' dir='ltr'>opero</span> <span class='ocrx_word' id='word_1_186' title='bbox 837 2422 886 2472; x_wconf 82' lang='lat' dir='ltr'>etsi</span> <span class='ocrx_word' id='word_1_187' title='bbox 910 2433 1018 2486; x_wconf 89' lang='lat' dir='ltr'>sempor</span> <span class='ocrx_word' id='word_1_188' title='bbox 1035 2421 1159 2484; x_wconf 87' lang='lat' dir='ltr'>quidem,</span> <span class='ocrx_word' id='word_1_189' title='bbox 1184 2425 1212 2472; x_wconf 91' lang='lat' dir='ltr'>ut</span> <span class='ocrx_word' id='word_1_190' title='bbox 1228 2424 1268 2474; x_wconf 88' lang='lat' dir='ltr'>vi-</span> 
     </span>
     <span class='ocr_line' id='line_1_23' title="bbox 179 2491 1268 2560; baseline 0.003 -16"><span class='ocrx_word' id='word_1_191' title='bbox 179 2491 250 2544; x_wconf 89' lang='lat' dir='ltr'>oullo</span> <span class='ocrx_word' id='word_1_192' title='bbox 270 2495 409 2558; x_wconf 83' lang='lat' dir='ltr'>praetcrea</span> <span class='ocrx_word' id='word_1_193' title='bbox 436 2497 614 2553; x_wconf 67' lang='lat' dir='ltr'>memoratum</span> <span class='ocrx_word' id='word_1_194' title='bbox 643 2505 705 2544; x_wconf 87' lang='lat' dir='ltr'>nam</span> <span class='ocrx_word' id='word_1_195' title='bbox 743 2497 831 2558; x_wconf 85' lang='lat' dir='ltr'>detur,</span> <span class='ocrx_word' id='word_1_196' title='bbox 845 2496 1268 2560; x_wconf 83' lang='lat' dir='ltr'>inprosuoratiooedistrnguun-</span> 
     </span>
     <span class='ocr_line' id='line_1_24' title="bbox 179 2567 1267 2634; baseline 0.005 -18"><span class='ocrx_word' id='word_1_197' title='bbox 179 2567 250 2631; x_wconf 89' lang='lat' dir='ltr'>quod</span> <span class='ocrx_word' id='word_1_198' title='bbox 278 2567 381 2619; x_wconf 84' lang='lat' dir='ltr'>Schelle</span> <span class='ocrx_word' id='word_1_199' title='bbox 405 2569 582 2622; x_wconf 87' lang='lat' dir='ltr'>confidentius</span> <span class='ocrx_word' id='word_1_200' title='bbox 600 2571 702 2619; x_wconf 80' lang='lat' dir='ltr'>namet:</span> <span class='ocrx_word' id='word_1_201' title='bbox 743 2573 798 2630; x_wconf 88' lang='lat' dir='ltr'>tur,</span> <span class='ocrx_word' id='word_1_202' title='bbox 813 2572 918 2634; x_wconf 82' lang='lat' dir='ltr'>apo&#39;cta</span> <span class='ocrx_word' id='word_1_203' title='bbox 929 2571 979 2620; x_wconf 92' lang='lat' dir='ltr'>boc</span> <span class='ocrx_word' id='word_1_204' title='bbox 989 2569 1133 2620; x_wconf 87' lang='lat' dir='ltr'>discrimen</span> <span class='ocrx_word' id='word_1_205' title='bbox 1143 2585 1195 2620; x_wconf 93' lang='lat' dir='ltr'>non</span> <span class='ocrx_word' id='word_1_206' title='bbox 1208 2585 1267 2621; x_wconf 86' lang='lat' dir='ltr'>ser-</span> 
     </span>
     <span class='ocr_line' id='line_1_25' title="bbox 180 2641 1265 2707; baseline 0.006 -20"><span class='ocrx_word' id='word_1_207' title='bbox 180 2641 270 2702; x_wconf 79' lang='lat' dir='ltr'>·Qood</span> <span class='ocrx_word' id='word_1_208' title='bbox 284 2646 383 2694; x_wconf 71' lang='lat' dir='ltr'>(laesor</span> <span class='ocrx_word' id='word_1_209' title='bbox 399 2645 542 2696; x_wconf 88' lang='lat' dir='ltr'>meditatus</span> <span class='ocrx_word' id='word_1_210' title='bbox 555 2647 625 2703; x_wconf 89' lang='lat' dir='ltr'>erat,</span> <span class='ocrx_word' id='word_1_211' title='bbox 643 2656 704 2707; x_wconf 91' lang='lat' dir='ltr'>per·</span> <span class='ocrx_word' id='word_1_212' title='bbox 742 2645 797 2694; x_wconf 84' lang='lat' dir='ltr'>vari</span> <span class='ocrx_word' id='word_1_213' title='bbox 816 2643 1024 2707; x_wconf 87' lang='lat' dir='ltr'>reprehensione</span> <span class='ocrx_word' id='word_1_214' title='bbox 1037 2645 1119 2694; x_wconf 87' lang='lat' dir='ltr'>curet.</span> <span class='ocrx_word' id='word_1_215' title='bbox 1138 2645 1177 2696; x_wconf 85' lang='lat' dir='ltr'>Gi.</span> <span class='ocrx_word' id='word_1_216' title='bbox 1190 2645 1265 2695; x_wconf 87' lang='lat' dir='ltr'>Ovid.</span> 
     </span>
     <span class='ocr_line' id='line_1_26' title="bbox 178 2717 1267 2781; baseline 0.004 -15"><span class='ocrx_word' id='word_1_217' title='bbox 178 2717 239 2766; x_wconf 85' lang='lat' dir='ltr'>iecit</span> <span class='ocrx_word' id='word_1_218' title='bbox 258 2720 402 2781; x_wconf 85' lang='lat' dir='ltr'>Augustus,</span> <span class='ocrx_word' id='word_1_219' title='bbox 428 2719 473 2780; x_wconf 79' lang='lat' dir='ltr'>cui</span> <span class='ocrx_word' id='word_1_220' title='bbox 491 2717 703 2781; x_wconf 76' lang='lat' dir='ltr'>aquaeductibus</span> <span class='ocrx_word' id='word_1_221' title='bbox 743 2719 854 2777; x_wconf 88' lang='lat' dir='ltr'>ller.l0‚</span> <span class='ocrx_word' id='word_1_222' title='bbox 867 2718 911 2768; x_wconf 83' lang='lat' dir='ltr'>ob:</span> <span class='ocrx_word' id='word_1_223' title='bbox 926 2718 983 2766; x_wconf 79' lang='lat' dir='ltr'>Non</span> <span class='ocrx_word' id='word_1_224' title='bbox 992 2718 1267 2777; x_wconf 65' lang='lat' dir='ltr'>hominembonum</span> 
     </span>
     <span class='ocr_line' id='line_1_27' title="bbox 178 2785 1265 2862; baseline 0.006 -23"><span class='ocrx_word' id='word_1_225' title='bbox 178 2791 231 2840; x_wconf 81' lang='lat' dir='ltr'>AV.</span> <span class='ocrx_word' id='word_1_226' title='bbox 249 2793 282 2844; x_wconf 84' lang='lat' dir='ltr'>hl.</span> <span class='ocrx_word' id='word_1_227' title='bbox 297 2795 324 2842; x_wconf 91' lang='grc' dir='ltr'>Ρ.</span> <span class='ocrx_word' id='word_1_228' title='bbox 342 2793 466 2842; x_wconf 89' lang='lat' dir='ltr'>institutis</span> <span class='ocrx_word' id='word_1_229' title='bbox 485 2794 637 2856; x_wconf 86' lang='lat' dir='ltr'>Pomptinas</span> <span class='ocrx_word' id='word_1_230' title='bbox 655 2805 704 2854; x_wconf 85' lang='lat' dir='ltr'>pa·</span> <span class='ocrx_word' id='word_1_231' title='bbox 741 2807 786 2856; x_wconf 78' lang='lat' dir='ltr'>epo</span> <span class='ocrx_word' id='word_1_232' title='bbox 801 2793 872 2855; x_wconf 78' lang='lat' dir='ltr'>sucta</span> <span class='ocrx_word' id='word_1_233' title='bbox 889 2791 975 2852; x_wconf 83' lang='lat' dir='ltr'>boum,</span> <span class='ocrx_word' id='word_1_234' title='bbox 993 2788 1072 2850; x_wconf 78' lang='grc' dir='ltr'><em>βοῶν</em></span> <span class='ocrx_word' id='word_1_235' title='bbox 1088 2785 1158 2862; x_wconf 69' lang='grc' dir='ltr'>ἔργα</span> <span class='ocrx_word' id='word_1_236' title='bbox 1170 2793 1265 2856; x_wconf 75' lang='lat' dir='ltr'>odyss.</span> 
     </span>
     <span class='ocr_line' id='line_1_28' title="bbox 179 2865 1266 2931; baseline 0.003 -17"><span class='ocrx_word' id='word_1_237' title='bbox 179 2865 414 2926; x_wconf 69' lang='lat' dir='ltr'>ludesstccavim»</span> <span class='ocrx_word' id='word_1_238' title='bbox 434 2867 702 2931; x_wconf 82' lang='lat' dir='ltr'>desumptumestex</span> <span class='ocrx_word' id='word_1_239' title='bbox 741 2884 773 2926; x_wconf 86' lang='grc' dir='ltr'>κ,</span> <span class='ocrx_word' id='word_1_240' title='bbox 793 2866 833 2916; x_wconf 85' lang='grc'>98.</span> <span class='ocrx_word' id='word_1_241' title='bbox 861 2867 888 2914; x_wconf 94' lang='lat' dir='ltr'>ln</span> <span class='ocrx_word' id='word_1_242' title='bbox 905 2865 1073 2916; x_wconf 83' lang='lat' dir='ltr'>Codautam</span> <span class='ocrx_word' id='word_1_243' title='bbox 1086 2865 1266 2918; x_wconf 87' lang='lat' dir='ltr'>Galcanonon</span> 
     </span>
     <span class='ocr_line' id='line_1_29' title="bbox 178 2938 1267 3005; baseline 0.004 -17"><span class='ocrx_word' id='word_1_244' title='bbox 178 2941 231 2988; x_wconf 86' lang='lat' dir='ltr'>Sat.</span> <span class='ocrx_word' id='word_1_245' title='bbox 247 2942 270 2998; x_wconf 80' lang='lat' dir='ltr'>l,</span> <span class='ocrx_word' id='word_1_246' title='bbox 283 2943 308 3000; x_wconf 85' lang='lat'>5,</span> <span class='ocrx_word' id='word_1_247' title='bbox 322 2943 349 2991; x_wconf 87' lang='lat' dir='ltr'>tl</span> <span class='ocrx_word' id='word_1_248' title='bbox 365 2955 453 3004; x_wconf 63' lang='lat' dir='ltr'>seqq„</span> <span class='ocrx_word' id='word_1_249' title='bbox 474 2940 518 2991; x_wconf 92' lang='lat' dir='ltr'>ubi</span> <span class='ocrx_word' id='word_1_250' title='bbox 530 2944 607 3005; x_wconf 81' lang='lat' dir='ltr'>poeto</span> <span class='ocrx_word' id='word_1_251' title='bbox 621 2939 705 3002; x_wconf 86' lang='lat' dir='ltr'>loqui·</span> <span class='ocrx_word' id='word_1_252' title='bbox 740 2939 824 2993; x_wconf 88' lang='lat' dir='ltr'>semel</span> <span class='ocrx_word' id='word_1_253' title='bbox 849 2938 1006 3002; x_wconf 87' lang='lat' dir='ltr'>interpolato</span> <span class='ocrx_word' id='word_1_254' title='bbox 1023 2939 1066 2990; x_wconf 88' lang='lat' dir='ltr'>vel</span> <span class='ocrx_word' id='word_1_255' title='bbox 1086 2953 1191 2992; x_wconf 90' lang='lat' dir='ltr'>merum</span> <span class='ocrx_word' id='word_1_256' title='bbox 1208 2946 1267 2992; x_wconf 89' lang='lat' dir='ltr'>crat</span> 
     </span>
     <span class='ocr_line' id='line_1_30' title="bbox 179 3014 1262 3080; baseline 0.002 -16"><span class='ocrx_word' id='word_1_257' title='bbox 179 3015 222 3065; x_wconf 89' lang='lat' dir='ltr'>tur</span> <span class='ocrx_word' id='word_1_258' title='bbox 238 3014 272 3066; x_wconf 90' lang='lat' dir='ltr'>de</span> <span class='ocrx_word' id='word_1_259' title='bbox 285 3014 355 3066; x_wconf 78' lang='lat' dir='ltr'>[ossa</span> <span class='ocrx_word' id='word_1_260' title='bbox 368 3015 535 3080; x_wconf 88' lang='lat' dir='ltr'>navigabilia</span> <span class='ocrx_word' id='word_1_261' title='bbox 548 3017 613 3064; x_wconf 83' lang='lat' dir='ltr'>Foro</span> <span class='ocrx_word' id='word_1_262' title='bbox 627 3015 702 3078; x_wconf 83' lang='lat' dir='ltr'>Appii</span> <span class='ocrx_word' id='word_1_263' title='bbox 740 3015 872 3079; x_wconf 79' lang='lat' dir='ltr'>glossema</span> <span class='ocrx_word' id='word_1_264' title='bbox 891 3015 932 3066; x_wconf 90' lang='lat' dir='ltr'>vel</span> <span class='ocrx_word' id='word_1_265' title='bbox 945 3015 1054 3064; x_wconf 86' lang='lat' dir='ltr'>variatio</span> <span class='ocrx_word' id='word_1_266' title='bbox 1072 3017 1222 3066; x_wconf 88' lang='lat' dir='ltr'>temeraria.</span> <span class='ocrx_word' id='word_1_267' title='bbox 1236 3042 1262 3053; x_wconf 98' lang='lat'>-</span> 
     </span>
     <span class='ocr_line' id='line_1_31' title="bbox 177 3088 1265 3154; baseline 0.006 -17"><span class='ocrx_word' id='word_1_268' title='bbox 177 3089 324 3151; x_wconf 85' lang='lat' dir='ltr'>usquead</span> <span class='ocrx_word' id='word_1_269' title='bbox 347 3091 446 3140; x_wconf 84' lang='lat' dir='ltr'>Fanum</span> <span class='ocrx_word' id='word_1_270' title='bbox 466 3091 605 3149; x_wconf 81' lang='lat' dir='ltr'>Feroniae,</span> <span class='ocrx_word' id='word_1_271' title='bbox 632 3103 702 3152; x_wconf 88' lang='lat' dir='ltr'>quoe</span> <span class='ocrx_word' id='word_1_272' title='bbox 739 3089 889 3153; x_wconf 69' lang='lat' dir='ltr'>amomum]</span> <span class='ocrx_word' id='word_1_273' title='bbox 914 3089 1131 3140; x_wconf 68' lang='lat' dir='ltr'>«consuetudinis</span> <span class='ocrx_word' id='word_1_274' title='bbox 1152 3088 1265 3154; x_wconf 83' lang='lat' dir='ltr'>loqueu-</span> 
     </span>
     <span class='ocr_line' id='line_1_32' title="bbox 178 3161 1266 3226; baseline 0.004 -15"><span class='ocrx_word' id='word_1_275' title='bbox 178 3175 202 3211; x_wconf 92' lang='lat' dir='ltr'>o.</span> <span class='ocrx_word' id='word_1_276' title='bbox 216 3176 242 3212; x_wconf 94' lang='lat' dir='ltr'>u.</span> <span class='ocrx_word' id='word_1_277' title='bbox 256 3177 280 3214; x_wconf 91' lang='lat' dir='ltr'>c.</span> <span class='ocrx_word' id='word_1_278' title='bbox 293 3166 350 3214; x_wconf 83' lang='lat' dir='ltr'>ili.</span> <span class='ocrx_word' id='word_1_279' title='bbox 365 3166 417 3214; x_wconf 90' lang='lat' dir='ltr'>iam</span> <span class='ocrx_word' id='word_1_280' title='bbox 429 3164 509 3215; x_wconf 91' lang='lat' dir='ltr'>ducta</span> <span class='ocrx_word' id='word_1_281' title='bbox 522 3165 593 3225; x_wconf 89' lang='lat' dir='ltr'>erat,</span> <span class='ocrx_word' id='word_1_282' title='bbox 613 3177 646 3213; x_wconf 88' lang='lat' dir='ltr'>eo</span> <span class='ocrx_word' id='word_1_283' title='bbox 658 3165 703 3226; x_wconf 87' lang='lat' dir='ltr'>igi·</span> <span class='ocrx_word' id='word_1_284' title='bbox 741 3166 793 3215; x_wconf 74' lang='lat' dir='ltr'>dt...</span> <span class='ocrx_word' id='word_1_285' title='bbox 812 3163 918 3224; x_wconf 86' lang='lat' dir='ltr'>Quintil.</span> <span class='ocrx_word' id='word_1_286' title='bbox 932 3165 942 3212; x_wconf 88' lang='lat' dir='ltr'>l</span> <span class='ocrx_word' id='word_1_287' title='bbox 954 3201 960 3222; x_wconf 84' lang='lat'>,</span> <span class='ocrx_word' id='word_1_288' title='bbox 973 3164 1002 3224; x_wconf 85' lang='lat'>6,</span> <span class='ocrx_word' id='word_1_289' title='bbox 1015 3161 1062 3214; x_wconf 80' lang='lat' dir='ltr'>ta:</span> <span class='ocrx_word' id='word_1_290' title='bbox 1080 3164 1113 3212; x_wconf 83' lang='lat' dir='ltr'>El</span> <span class='ocrx_word' id='word_1_291' title='bbox 1129 3176 1190 3214; x_wconf 83' lang='lat' dir='ltr'>sona</span> <span class='ocrx_word' id='word_1_292' title='bbox 1206 3165 1266 3226; x_wconf 79' lang='lat' dir='ltr'>qaid</span> 
     </span>
     <span class='ocr_line' id='line_1_33' title="bbox 179 3237 1267 3302; baseline 0.003 -15"><span class='ocrx_word' id='word_1_293' title='bbox 179 3241 221 3286; x_wconf 89' lang='lat' dir='ltr'>tur</span> <span class='ocrx_word' id='word_1_294' title='bbox 238 3241 373 3302; x_wconf 86' lang='lat' dir='ltr'>tempore,</span> <span class='ocrx_word' id='word_1_295' title='bbox 393 3252 447 3301; x_wconf 79' lang='lat' dir='ltr'>quo</span> <span class='ocrx_word' id='word_1_296' title='bbox 459 3241 511 3288; x_wconf 91' lang='lat' dir='ltr'>boc</span> <span class='ocrx_word' id='word_1_297' title='bbox 528 3237 639 3301; x_wconf 88' lang='lat' dir='ltr'>paludes</span> <span class='ocrx_word' id='word_1_298' title='bbox 654 3239 702 3288; x_wconf 90' lang='lat' dir='ltr'>sic-</span> <span class='ocrx_word' id='word_1_299' title='bbox 740 3245 773 3290; x_wconf 65' lang='grc' dir='ltr'>σε(</span> <span class='ocrx_word' id='word_1_300' title='bbox 799 3241 870 3288; x_wconf 85' lang='lat' dir='ltr'>aliud</span> <span class='ocrx_word' id='word_1_301' title='bbox 893 3243 970 3288; x_wconf 87' lang='lat' dir='ltr'>velus</span> <span class='ocrx_word' id='word_1_302' title='bbox 991 3251 1081 3288; x_wconf 87' lang='lat' dir='ltr'>sermo</span> <span class='ocrx_word' id='word_1_303' title='bbox 1104 3251 1182 3300; x_wconf 77' lang='lat' dir='ltr'>parom</span> <span class='ocrx_word' id='word_1_304' title='bbox 1196 3244 1267 3290; x_wconf 80' lang='lat' dir='ltr'>octos</span> 
     </span>
     <span class='ocr_line' id='line_1_34' title="bbox 177 3312 1264 3377; baseline 0.002 -15"><span class='ocrx_word' id='word_1_305' title='bbox 177 3313 254 3362; x_wconf 90' lang='lat' dir='ltr'>candi</span> <span class='ocrx_word' id='word_1_306' title='bbox 272 3313 412 3364; x_wconf 90' lang='lat' dir='ltr'>consilium</span> <span class='ocrx_word' id='word_1_307' title='bbox 429 3317 561 3377; x_wconf 87' lang='lat' dir='ltr'>Augustos</span> <span class='ocrx_word' id='word_1_308' title='bbox 583 3313 701 3364; x_wconf 87' lang='lat' dir='ltr'>nondum</span> <span class='ocrx_word' id='word_1_309' title='bbox 739 3316 855 3376; x_wconf 76' lang='lat' dir='ltr'>mouendi</span> <span class='ocrx_word' id='word_1_310' title='bbox 869 3312 1036 3364; x_wconf 76' lang='lat' dir='ltr'>consuetodo?</span> <span class='ocrx_word' id='word_1_311' title='bbox 1054 3341 1077 3349; x_wconf 88' lang='lat'>-</span> <span class='ocrx_word' id='word_1_312' title='bbox 1092 3314 1146 3375; x_wconf 81' lang='lat' dir='ltr'>atat]</span> <span class='ocrx_word' id='word_1_313' title='bbox 1163 3313 1264 3364; x_wconf 76' lang='lat' dir='ltr'>«firmi-</span> 
     </span>
     <span class='ocr_line' id='line_1_35' title="bbox 177 3387 1263 3453; baseline -0.004 -15"><span class='ocrx_word' id='word_1_314' title='bbox 177 3389 276 3450; x_wconf 85' lang='lat' dir='ltr'>agituro</span> <span class='ocrx_word' id='word_1_315' title='bbox 293 3392 405 3452; x_wconf 90' lang='lat' dir='ltr'>poterat.</span> <span class='ocrx_word' id='word_1_316' title='bbox 425 3390 483 3438; x_wconf 88' lang='lat' dir='ltr'>ilid.</span> <span class='ocrx_word' id='word_1_317' title='bbox 497 3391 645 3439; x_wconf 61' lang='lat' dir='ltr'>incursum</span> <span class='ocrx_word' id='word_1_318' title='bbox 657 3387 699 3436; x_wconf 89' lang='lat' dir='ltr'>lV.</span> <span class='ocrx_word' id='word_1_319' title='bbox 740 3393 781 3442; x_wconf 90' lang='lat' dir='ltr'>ter</span> <span class='ocrx_word' id='word_1_320' title='bbox 801 3389 880 3440; x_wconf 88' lang='lat' dir='ltr'>duret</span> <span class='ocrx_word' id='word_1_321' title='bbox 902 3387 1056 3450; x_wconf 85' lang='lat' dir='ltr'>stabilisque</span> <span class='ocrx_word' id='word_1_322' title='bbox 1079 3391 1263 3453; x_wconf 80' lang='lat' dir='ltr'>permoneat.»</span> 
     </span>
     <span class='ocr_line' id='line_1_36' title="bbox 179 3461 1264 3529; baseline 0.002 -17"><span class='ocrx_word' id='word_1_323' title='bbox 179 3489 207 3500; x_wconf 88' lang='lat'><em>-</em></span> <span class='ocrx_word' id='word_1_324' title='bbox 219 3477 343 3512; x_wconf 79' lang='lat' dir='ltr'>coram-</span> <span class='ocrx_word' id='word_1_325' title='bbox 355 3465 470 3526; x_wconf 76' lang='lat' dir='ltr'>iniquom</span> <span class='ocrx_word' id='word_1_326' title='bbox 485 3461 608 3527; x_wconf 70' lang='lat' dir='ltr'>[rogitus]</span> <span class='ocrx_word' id='word_1_327' title='bbox 630 3474 702 3512; x_wconf 76' lang='lat' dir='ltr'>aore-</span> <span class='ocrx_word' id='word_1_328' title='bbox 742 3489 769 3502; x_wconf 88' lang='lat'><em>-</em></span> <span class='ocrx_word' id='word_1_329' title='bbox 789 3465 865 3514; x_wconf 76' lang='lat' dir='ltr'>bonor</span> <span class='ocrx_word' id='word_1_330' title='bbox 881 3469 904 3514; x_wconf 86' lang='lat' dir='ltr'>et</span> <span class='ocrx_word' id='word_1_331' title='bbox 919 3464 1019 3529; x_wconf 78' lang='lat' dir='ltr'>pratia]</span> <span class='ocrx_word' id='word_1_332' title='bbox 1041 3465 1126 3527; x_wconf 88' lang='lat' dir='ltr'>Saepe</span> <span class='ocrx_word' id='word_1_333' title='bbox 1148 3463 1187 3513; x_wconf 91' lang='lat' dir='ltr'>sic</span> <span class='ocrx_word' id='word_1_334' title='bbox 1203 3464 1264 3514; x_wconf 85' lang='lat' dir='ltr'>iun-</span> 
     </span>
     <span class='ocr_line' id='line_1_37' title="bbox 176 3536 1264 3603; baseline 0.001 -17"><span class='ocrx_word' id='word_1_335' title='bbox 176 3536 234 3588; x_wconf 89' lang='lat' dir='ltr'>bris</span> <span class='ocrx_word' id='word_1_336' title='bbox 255 3537 421 3590; x_wconf 85' lang='lat' dir='ltr'>eluvionibus</span> <span class='ocrx_word' id='word_1_337' title='bbox 444 3541 500 3590; x_wconf 87' lang='lat' dir='ltr'>sato</span> <span class='ocrx_word' id='word_1_338' title='bbox 524 3538 587 3589; x_wconf 92' lang='lat' dir='ltr'>limo</span> <span class='ocrx_word' id='word_1_339' title='bbox 613 3538 701 3588; x_wconf 91' lang='lat' dir='ltr'>obdu·</span> <span class='ocrx_word' id='word_1_340' title='bbox 740 3543 838 3603; x_wconf 86' lang='lat' dir='ltr'>guntur</span> <span class='ocrx_word' id='word_1_341' title='bbox 853 3539 966 3588; x_wconf 82' lang='lat' dir='ltr'>honorat</span> <span class='ocrx_word' id='word_1_342' title='bbox 981 3539 1082 3602; x_wconf 81' lang='lat' dir='ltr'>gratio,</span> <span class='ocrx_word' id='word_1_343' title='bbox 1100 3538 1264 3587; x_wconf 82' lang='lat' dir='ltr'>booorctde·</span> 
     </span>
     <span class='ocr_line' id='line_1_38' title="bbox 176 3611 1264 3678; baseline 0.002 -18"><span class='ocrx_word' id='word_1_344' title='bbox 176 3614 310 3662; x_wconf 71' lang='lat' dir='ltr'>centem.»</span> <span class='ocrx_word' id='word_1_345' title='bbox 329 3641 355 3650; x_wconf 80' lang='grc'>-</span> <span class='ocrx_word' id='word_1_346' title='bbox 375 3614 471 3678; x_wconf 79' lang='lat' dir='ltr'>omnir]</span> <span class='ocrx_word' id='word_1_347' title='bbox 494 3614 601 3666; x_wconf 75' lang='lat' dir='ltr'>Minime</span> <span class='ocrx_word' id='word_1_348' title='bbox 618 3614 702 3664; x_wconf 86' lang='lat' dir='ltr'>inter-</span> <span class='ocrx_word' id='word_1_349' title='bbox 739 3628 797 3674; x_wconf 87' lang='lat' dir='ltr'>cor,</span> <span class='ocrx_word' id='word_1_350' title='bbox 819 3611 1150 3662; x_wconf 83' lang='lat' dir='ltr'>WiirdcoodAnmotb.</span> <span class='ocrx_word' id='word_1_351' title='bbox 1170 3611 1264 3662; x_wconf 77' lang='lat' dir='ltr'>Eretri-</span> 
     </span>
     <span class='ocr_line' id='line_1_39' title="bbox 175 3685 1218 3752; baseline -0.002 -17"><span class='ocrx_word' id='word_1_352' title='bbox 175 3687 336 3748; x_wconf 88' lang='lat' dir='ltr'>pretandum</span> <span class='ocrx_word' id='word_1_353' title='bbox 354 3701 415 3740; x_wconf 87' lang='lat' dir='ltr'>esso</span> <span class='ocrx_word' id='word_1_354' title='bbox 427 3703 488 3740; x_wconf 89' lang='lat' dir='ltr'>cum</span> <span class='ocrx_word' id='word_1_355' title='bbox 504 3688 656 3740; x_wconf 88' lang='lat' dir='ltr'>Scholiastis</span> <span class='ocrx_word' id='word_1_356' title='bbox 667 3688 700 3738; x_wconf 91' lang='lat' dir='ltr'>de</span> <span class='ocrx_word' id='word_1_357' title='bbox 739 3687 781 3752; x_wconf 84' lang='lat' dir='ltr'>pla</span> <span class='ocrx_word' id='word_1_358' title='bbox 798 3690 862 3738; x_wconf 90' lang='lat' dir='ltr'>sunt</span> <span class='ocrx_word' id='word_1_359' title='bbox 878 3687 904 3736; x_wconf 92' lang='lat' dir='ltr'>in</span> <span class='ocrx_word' id='word_1_360' title='bbox 923 3685 1016 3736; x_wconf 85' lang='lat' dir='ltr'>ilandii</span> <span class='ocrx_word' id='word_1_361' title='bbox 1034 3685 1115 3734; x_wconf 90' lang='lat' dir='ltr'>Statio</span> <span class='ocrx_word' id='word_1_362' title='bbox 1132 3697 1158 3748; x_wconf 90' lang='lat' dir='ltr'>p.</span> <span class='ocrx_word' id='word_1_363' title='bbox 1176 3685 1218 3734; x_wconf 82' lang='lat' dir='ltr'>bo.</span> 
     </span>
     <span class='ocr_line' id='line_1_40' title="bbox 177 3759 701 3828; baseline 0.008 -20"><span class='ocrx_word' id='word_1_364' title='bbox 177 3759 290 3811; x_wconf 85' lang='lat' dir='ltr'>Velabro</span> <span class='ocrx_word' id='word_1_365' title='bbox 311 3762 346 3812; x_wconf 91' lang='lat' dir='ltr'>ab</span> <span class='ocrx_word' id='word_1_366' title='bbox 364 3765 477 3828; x_wconf 88' lang='lat' dir='ltr'>Agrippa</span> <span class='ocrx_word' id='word_1_367' title='bbox 495 3765 604 3826; x_wconf 86' lang='lat' dir='ltr'>Augusti</span> <span class='ocrx_word' id='word_1_368' title='bbox 628 3764 701 3812; x_wconf 86' lang='lat' dir='ltr'>iussu</span> 
     </span>
    </p>

    <p class='ocr_par' dir='ltr' id='par_1_8' title="bbox 175 3831 1263 4349">
     <span class='ocr_line' id='line_1_41' title="bbox 176 3831 1262 3898; baseline -0.001 -14"><span class='ocrx_word' id='word_1_369' title='bbox 176 3836 325 3897; x_wconf 82' lang='lat' dir='ltr'>exsiccato,</span> <span class='ocrx_word' id='word_1_370' title='bbox 344 3839 393 3886; x_wconf 89' lang='lat' dir='ltr'>sed</span> <span class='ocrx_word' id='word_1_371' title='bbox 410 3837 444 3887; x_wconf 90' lang='lat' dir='ltr'>de</span> <span class='ocrx_word' id='word_1_372' title='bbox 459 3850 540 3887; x_wconf 88' lang='lat' dir='ltr'>cursu</span> <span class='ocrx_word' id='word_1_373' title='bbox 552 3837 654 3886; x_wconf 85' lang='lat' dir='ltr'>Tiberis</span> <span class='ocrx_word' id='word_1_374' title='bbox 666 3835 700 3884; x_wconf 87' lang='lat' dir='ltr'>ab</span> <span class='ocrx_word' id='word_1_375' title='bbox 772 3837 861 3888; x_wconf 78' lang='lat' dir='ltr'>to-ta.</span> <span class='ocrx_word' id='word_1_376' title='bbox 881 3831 1208 3898; x_wconf 76' lang='lat' dir='ltr'>Mouormoaocotorcet.]</span> <span class='ocrx_word' id='word_1_377' title='bbox 1220 3834 1262 3884; x_wconf 90' lang='lat' dir='ltr'>Sic</span> 
     </span>
     <span class='ocr_line' id='line_1_42' title="bbox 175 3911 1263 3975; baseline 0 -17"><span class='ocrx_word' id='word_1_378' title='bbox 175 3913 293 3972; x_wconf 88' lang='lat' dir='ltr'>Augusto</span> <span class='ocrx_word' id='word_1_379' title='bbox 311 3911 453 3974; x_wconf 86' lang='lat' dir='ltr'>aggeribus</span> <span class='ocrx_word' id='word_1_380' title='bbox 470 3915 592 3960; x_wconf 88' lang='lat' dir='ltr'>correcto</span> <span class='ocrx_word' id='word_1_381' title='bbox 619 3911 700 3970; x_wconf 80' lang='lat' dir='ltr'>(torn-</span> <span class='ocrx_word' id='word_1_382' title='bbox 740 3912 876 3964; x_wconf 82' lang='lat' dir='ltr'>Frontonis</span> <span class='ocrx_word' id='word_1_383' title='bbox 902 3911 1072 3975; x_wconf 85' lang='lat' dir='ltr'>potissimum</span> <span class='ocrx_word' id='word_1_384' title='bbox 1095 3911 1181 3960; x_wconf 87' lang='lat' dir='ltr'>aetate</span> <span class='ocrx_word' id='word_1_385' title='bbox 1202 3923 1263 3974; x_wconf 91' lang='lat' dir='ltr'>per-</span> 
     </span>
     <span class='ocr_line' id='line_1_43' title="bbox 175 3982 1262 4050; baseline -0.001 -15"><span class='ocrx_word' id='word_1_386' title='bbox 175 3997 241 4048; x_wconf 85' lang='lat' dir='ltr'>poro</span> <span class='ocrx_word' id='word_1_387' title='bbox 259 3987 369 4050; x_wconf 82' lang='lat' dir='ltr'>quidem</span> <span class='ocrx_word' id='word_1_388' title='bbox 381 3990 408 4036; x_wconf 92' lang='lat' dir='ltr'>et</span> <span class='ocrx_word' id='word_1_389' title='bbox 420 3987 501 4038; x_wconf 88' lang='lat' dir='ltr'>modo</span> <span class='ocrx_word' id='word_1_390' title='bbox 513 3985 590 4036; x_wconf 89' lang='lat' dir='ltr'>nohis</span> <span class='ocrx_word' id='word_1_391' title='bbox 602 3985 698 4048; x_wconf 77' lang='lat' dir='ltr'>ignoto)</span> <span class='ocrx_word' id='word_1_392' title='bbox 739 3985 821 4036; x_wconf 90' lang='lat' dir='ltr'>multa</span> <span class='ocrx_word' id='word_1_393' title='bbox 838 3985 921 4036; x_wconf 88' lang='lat' dir='ltr'>verba</span> <span class='ocrx_word' id='word_1_394' title='bbox 939 3983 1058 4034; x_wconf 88' lang='lat' dir='ltr'>obsoleto</span> <span class='ocrx_word' id='word_1_395' title='bbox 1077 3984 1151 4047; x_wconf 86' lang='lat' dir='ltr'>quasi</span> <span class='ocrx_word' id='word_1_396' title='bbox 1169 3982 1262 4048; x_wconf 83' lang='lat' dir='ltr'>postli-</span> 
     </span>
     <span class='ocr_line' id='line_1_44' title="bbox 175 4057 1262 4124; baseline 0.002 -16"><span class='ocrx_word' id='word_1_397' title='bbox 175 4059 368 4112; x_wconf 89' lang='lat' dir='ltr'>demonstravit</span> <span class='ocrx_word' id='word_1_398' title='bbox 393 4063 452 4111; x_wconf 75' lang='lat' dir='ltr'>lea.</span> <span class='ocrx_word' id='word_1_399' title='bbox 492 4060 622 4124; x_wconf 88' lang='lat' dir='ltr'>Equidem</span> <span class='ocrx_word' id='word_1_400' title='bbox 647 4061 700 4110; x_wconf 89' lang='lat' dir='ltr'>huc</span> <span class='ocrx_word' id='word_1_401' title='bbox 739 4061 819 4112; x_wconf 90' lang='lat' dir='ltr'>minio</span> <span class='ocrx_word' id='word_1_402' title='bbox 836 4061 862 4110; x_wconf 93' lang='lat' dir='ltr'>iu</span> <span class='ocrx_word' id='word_1_403' title='bbox 877 4072 1031 4110; x_wconf 89' lang='lat' dir='ltr'>sermonem</span> <span class='ocrx_word' id='word_1_404' title='bbox 1044 4060 1164 4110; x_wconf 87' lang='lat' dir='ltr'>Latinum</span> <span class='ocrx_word' id='word_1_405' title='bbox 1176 4057 1262 4110; x_wconf 88' lang='lat' dir='ltr'>redie-</span> 
     </span>
     <span class='ocr_line' id='line_1_45' title="bbox 175 4133 1261 4197; baseline 0.001 -14"><span class='ocrx_word' id='word_1_406' title='bbox 175 4134 322 4186; x_wconf 88' lang='lat' dir='ltr'>rettulerim</span> <span class='ocrx_word' id='word_1_407' title='bbox 348 4135 498 4187; x_wconf 87' lang='lat' dir='ltr'>eluvionem</span> <span class='ocrx_word' id='word_1_408' title='bbox 523 4138 700 4186; x_wconf 89' lang='lat' dir='ltr'>memoratam</span> <span class='ocrx_word' id='word_1_409' title='bbox 738 4139 807 4185; x_wconf 89' lang='lat' dir='ltr'>runt.</span> <span class='ocrx_word' id='word_1_410' title='bbox 824 4162 850 4170; x_wconf 99' lang='lat'>-</span> <span class='ocrx_word' id='word_1_411' title='bbox 869 4147 940 4194; x_wconf 80' lang='lat' dir='ltr'>oros,</span> <span class='ocrx_word' id='word_1_412' title='bbox 960 4135 1038 4196; x_wconf 79' lang='lat' dir='ltr'>Quom</span> <span class='ocrx_word' id='word_1_413' title='bbox 1051 4133 1134 4197; x_wconf 81' lang='lat' dir='ltr'>penes]</span> <span class='ocrx_word' id='word_1_414' title='bbox 1159 4135 1261 4184; x_wconf 74' lang='lat' dir='ltr'>uPobtis</span> 
     </span>
     <span class='ocr_line' id='line_1_46' title="bbox 175 4207 1261 4274; baseline 0 -17"><span class='ocrx_word' id='word_1_415' title='bbox 175 4208 223 4259; x_wconf 89' lang='lat' dir='ltr'>0d.</span> <span class='ocrx_word' id='word_1_416' title='bbox 237 4211 260 4268; x_wconf 86' lang='lat' dir='ltr'>t,</span> <span class='ocrx_word' id='word_1_417' title='bbox 275 4213 299 4270; x_wconf 72' lang='lat' dir='ltr'>b,</span> <span class='ocrx_word' id='word_1_418' title='bbox 313 4211 345 4260; x_wconf 74' lang='grc'>43</span> <span class='ocrx_word' id='word_1_419' title='bbox 356 4223 427 4274; x_wconf 70' lang='lat' dir='ltr'>eqo,</span> <span class='ocrx_word' id='word_1_420' title='bbox 447 4223 471 4260; x_wconf 70' lang='lat' dir='ltr'>th</span> <span class='ocrx_word' id='word_1_421' title='bbox 486 4223 511 4259; x_wconf 95' lang='lat' dir='ltr'>u.</span> <span class='ocrx_word' id='word_1_422' title='bbox 523 4223 548 4260; x_wconf 92' lang='lat' dir='ltr'>o.</span> <span class='ocrx_word' id='word_1_423' title='bbox 558 4211 626 4270; x_wconf 73' lang='lat' dir='ltr'>aab,</span> <span class='ocrx_word' id='word_1_424' title='bbox 639 4212 700 4274; x_wconf 90' lang='lat' dir='ltr'>post</span> <span class='ocrx_word' id='word_1_425' title='bbox 738 4209 810 4261; x_wconf 91' lang='lat' dir='ltr'>licuit</span> <span class='ocrx_word' id='word_1_426' title='bbox 826 4207 1000 4268; x_wconf 87' lang='lat' dir='ltr'>vocabulum,</span> <span class='ocrx_word' id='word_1_427' title='bbox 1028 4207 1099 4271; x_wconf 90' lang='lat' dir='ltr'>quod</span> <span class='ocrx_word' id='word_1_428' title='bbox 1121 4208 1155 4258; x_wconf 89' lang='lat' dir='ltr'>de</span> <span class='ocrx_word' id='word_1_429' title='bbox 1172 4208 1261 4259; x_wconf 90' lang='lat' dir='ltr'>homi-</span> 
     </span>
     <span class='ocr_line' id='line_1_47' title="bbox 175 4281 1259 4349; baseline 0 -15"><span class='ocrx_word' id='word_1_430' title='bbox 175 4297 256 4348; x_wconf 85' lang='lat' dir='ltr'>quam</span> <span class='ocrx_word' id='word_1_431' title='bbox 274 4285 376 4336; x_wconf 86' lang='lat' dir='ltr'>Tiberis</span> <span class='ocrx_word' id='word_1_432' title='bbox 393 4287 478 4349; x_wconf 90' lang='lat' dir='ltr'>ripam</span> <span class='ocrx_word' id='word_1_433' title='bbox 498 4299 594 4348; x_wconf 85' lang='lat' dir='ltr'>aggero</span> <span class='ocrx_word' id='word_1_434' title='bbox 612 4287 700 4336; x_wconf 85' lang='lat' dir='ltr'>muni·</span> <span class='ocrx_word' id='word_1_435' title='bbox 738 4283 817 4334; x_wconf 90' lang='lat' dir='ltr'>nibus</span> <span class='ocrx_word' id='word_1_436' title='bbox 833 4281 985 4340; x_wconf 84' lang='lat' dir='ltr'>dicebatur,</span> <span class='ocrx_word' id='word_1_437' title='bbox 1004 4283 1038 4332; x_wconf 90' lang='lat' dir='ltr'>ad</span> <span class='ocrx_word' id='word_1_438' title='bbox 1057 4295 1100 4334; x_wconf 89' lang='lat' dir='ltr'>res</span> <span class='ocrx_word' id='word_1_439' title='bbox 1113 4282 1212 4334; x_wconf 88' lang='lat' dir='ltr'>roicrrc</span> <span class='ocrx_word' id='word_1_440' title='bbox 1224 4281 1259 4334; x_wconf 91' lang='lat' dir='ltr'>ab</span> 
     </span>
    </p>
   </div>
   <div class='ocr_carea' id='block_1_5' title="bbox 0 0 1550 4974">
    <p class='ocr_par' dir='ltr' id='par_1_9' title="bbox 0 0 1550 4974">
     <span class='ocr_line' id='line_1_48' title="bbox 0 0 1550 4974; baseline 0 4"><span class='ocrx_word' id='word_1_441' title='bbox 0 0 1550 4974; x_wconf 95' lang='lat' dir='ltr'> </span> 
     </span>
    </p>
   </div>
  </div>
 </body>
</html>
