3116 4968
267 401 330 466 242
657 397 787 458 llORd‘l'll
803 397 986 450 sarmitum

312 558 392 626 Cum
416 557 523 644 rapies
545 555 577 620 in
603 555 653 620 ius
675 551 767 620 malis
789 551 947 620 ridentem
971 553 1096 630 alienis,

311 681 380 747 Fiet
390 699 478 767 aper.
495 676 592 744 modo
607 677 684 753 avis,
701 674 799 740 modo
813 696 925 742 saxum
941 687 981 754 et,
998 697 1072 744 oum
1083 675 1176 754 volet,
1192 677 1297 744 arbor.

311 801 345 869 Si
367 801 450 867 male
473 820 541 868 rem
564 819 678 887 gerere
700 798 803 864 insani
829 807 893 874 est,
917 808 1029 865 contra
1053 797 1153 875 bene,
1177 799 1263 876 sani,

312 921 457 990 Putidius
479 919 579 988 multo
601 919 773 988 cerebrum
796 928 858 995 est,
883 918 1094 998 mihicrede,
1119 919 1238 998 Perilli,
1318 923 1358 986 75

310 1044 477 1121 Diotantis,
501 1041 590 1130 quod
613 1052 644 1108 tu
667 1061 832 1128 nunquam
858 1040 1040 1108 rescribere
1065 1043 1181 1129 possis.
1398 1027 1402 1032 ’

335 1253 375 1302 44.
395 1253 455 1302 turo
471 1250 506 1300 bo
523 1252 550 1300 ot
567 1249 682 1300 Pettierii
701 1251 808 1313 praeter
823 1260 908 1298 unum
925 1260 1034 1310 omnes,
1056 1247 1174 1301 Aldinae.
1212 1252 1251 1314 4444
1264 1265 1322 1312 nos,

303 1330 338 1394 Sp
356 1329 383 1378 et
399 1339 469 1377 unus
486 1324 606 1376 Pottierii
624 1325 653 1374 N.
673 1323 708 1386 6.)
738 1349 764 1358 -
791 1321 832 1374 ’44.
859 1323 956 1386 ineant,
982 1329 1072 1375 contro
1090 1326 1149 1376 44444
1168 1328 1224 1377 soni
1241 1333 1276 1377 est
1293 1340 1326 1377 ex

270 1505 418 1573 proderunt
429 1502 565 1554 cautiones
574 1499 616 1550 vel
628 1499 796 1550 callidissime
833 1513 916 1550 aecae
929 1499 1012 1551 Clem.
1028 1503 1055 1562 4,
1070 1503 1116 1552 la:
1135 1503 1265 1553 4444444444
1280 1504 1308 1552 in
1314 1517 1359 1566 pe·

270 1581 446 1643 excogitatam
474 1575 545 1628 mille
571 1575 666 1639 effugia
689 1577 716 1625 et
737 1573 796 1624 lati·
831 1574 914 1624 riculo
935 1575 1046 1625 involet
1066 1577 1152 1627 aliato
1168 1578 1257 1628 aalma
1272 1577 1357 1640 obuli,

270 1655 334 1706 bula
353 1654 471 1704 inveniet
493 1649 548 1702 ille:
577 1653 604 1700 tu
621 1650 720 1714 perdas
738 1663 796 1700 rem
834 1649 929 1700 «vitam
962 1650 1104 1714 prodigere
1137 1654 1274 1716 tamquam
1305 1665 1359 1702 non

272 1731 361 1790 luam;
379 1727 501 1790 adeoque
519 1726 652 1784 insanisti,
671 1737 734 1775 oum
751 1723 796 1775 tali
832 1737 940 1784 suamp»
959 1726 1038 1776 Cons.
1052 1725 1087 1776 ad
1104 1725 1178 1776 llelv.
1192 1727 1221 1776 3:
1247 1728 1359 1778 veterani

271 1805 371 1856 homini
383 1815 508 1854 nummos
521 1799 720 1851 credidisti»-
735 1801 797 1850 Cum
832 1801 946 1862 quumvis
969 1801 1074 1863 confossi
1098 1802 1224 1863 patienter
1251 1816 1283 1852 ue
1307 1803 1360 1852 44444

269 1880 356 1943 rapies
366 1880 391 1928 tn
401 1876 450 1940 ius]
463 1878 565 1941 llapere
577 1877 604 1927 in
616 1876 656 1925 iue
669 1874 736 1926 eollo
745 1874 796 1924 ob·
830 1875 925 1939 penite
939 1875 1006 1924 vetut
1021 1876 1105 1926 4444444
1121 1889 1232 1938 corporo
1245 1877 1360 1926 44444444

270 1957 339 2006 torto
352 1952 450 2004 licebat
464 1952 491 2000 in
507 1950 619 2015 publicis
630 1951 679 2001 viis
691 1950 797 2001 debito·
829 1951 979 2012 potiuntur:
1005 1949 1077 2014 quod
1102 1951 1215 2014 praeivit
1236 1952 1356 2016 Thucyd.

271 2043 343 2090 rem,
362 2041 408 2092 qur
401 2026 546 2077 iudicium
558 2025 713 2087 deserebat
732 2038 797 2075 oau-
833 2027 861 2087 4,
880 2027 927 2075 aa:
958 2028 1021 2088 τοῖς
1043 2024 1099 2090 μὲν
1117 2022 1252 2090 σώμασιν
1269 2021 1359 2077 ἀλλο-

271 2107 372 2156 tlonem
384 2101 475 2152 datam
491 2100 696 2163 subterfugiens.
729 2096 795 2151 Male
831 2096 1007 2188 τριωτάτοις
1009 2095 1142 2171 ὑκὲρτῆς
1151 2097 1261 2165 πόλεως
1269 2099 1360 2173 χρῶν-

272 2177 336 2228 olim
349 2175 501 2239 legebatur.
524 2176 552 2224 444
570 2176 631 2223 iura
651 2172 701 2236 (de)
722 2174 797 2222 mulie
832 2189 878 2224 τοι
885 2172 938 2246 ,τῇ
951 2171 1094 2246 γνώμῃδὲ
1107 2173 1270 2248 οἰκειοτάτῃ
1283 2175 1356 2238 κτλ,

270 2254 392 2304 4444444444
403 2250 501 2309 44444444,
523 2246 796 2298 veralectiorestitu-
832 2231 1270 2304 ubiGoellerusconsulendusest.
1281 2253 1358 2304 Conl.

272 2329 298 2378 ta
321 2327 362 2376 444
383 2326 537 2375 excomm.
562 2323 643 2384 Cruq.
666 2319 794 2371 etCodd.
831 2327 913 2374 lsoor.
932 2325 1125 2390 Paneg.§.86:
1144 2319 1242 2396 ὥσπερ
1260 2325 1291 2378 ἐν
1307 2321 1360 2376 ἀλ-

271 2399 381 2452 44444444υ
376 2411 530 2462 nunquam
542 2395 658 2447 dicitur
649 2409 676 2445 444
686 2408 798 2445 eurora-
832 2397 957 2470 λοτρ4οις
982 2406 1096 2464 ψυχαῖς
1120 2399 1272 2466 μέλλοντες
1298 2417 1360 2452 κιν-

268 2488 343 2540 pere,
362 2487 471 2538 semper
487 2473 515 2522 444
531 2472 578 2521 tus
598 2470 637 2522 Gi.
656 2472 708 2520 Sat.
728 2471 753 2531 4,
770 2471 794 2531 9,
831 2471 968 2526 levatae.
987 2477 1022 2526 de
1047 2489 1114 2540 paee
1140 2478 1163 2542 5.
1184 2479 1231 2528 44.
1262 2467 1360 2548 ὥσπερ

272 2551 361 2600 7'1-
377 2548 473 2598 mults-
484 2545 580 2610 alietate]
598 2545 797 2610 llaniiestope·
832 2549 863 2602 ἐν
879 2544 1067 2622 ἁλλοτρίᾳτῇ
1085 2550 1167 2602 πόλει
1178 2549 1361 2605 κινδυνευον-

272 2620 618 2684 aemmorrousae,
638 2619 702 2671 3451
722 2635 796 2685 μνη·
831 2640 886 2689 τες.
921 2627 1103 2690 ltaquematis
1118 2628 1202 2678 444444
1218 2627 1361 2679 4444444444

272 2696 378 2768 στῆρσι
393 2695 424 2748 δὲ
443 2691 560 2757 Παλλὰς
573 2660 679 2761 Adrion
695 2689 796 2755 ”Are-de
833 2702 883 2750 4444
900 2700 1002 2761 ridere,
1022 2714 1053 2751 ae
1065 2715 1087 2752 sr
1099 2715 1158 2766 quis
1170 2701 1360 2753 adridendum

272 2788 344 2825 στον
360 2763 470 2840 γέλω
446 2785 535 2858 ωρσο,
555 2766 750 2842 παρέπλαγξεν
765 2769 796 2820 el
832 2775 1051 2826 utereturbuooa
1069 2790 1122 2826 non
1139 2790 1201 2838 sua,
1223 2777 1272 2828 sed
1292 2775 1360 2828 alie-

270 2845 378 2915 νόημα.
414 2845 488 2898 ote
501 2839 557 2913 ἤδη
574 2845 733 2912 γναθμοῖσι
749 2861 796 2912 ye-
833 2863 896 2912 napi
924 2850 1005 2914 idque
1022 2851 1152 2914 signifieat
1168 2866 1221 2903 nen
1238 2855 1308 2912 tam,
1330 2857 1361 2903 ut

272 2922 359 2976 λοιων
383 2919 620 3010 ἀλλοτρίοισινμ
634 2916 795 2973 -ὄοσοδ
833 2937 926 2976 rursus
944 2924 985 2975 alii
1008 2923 1155 2988 vulunt,«
1142 2939 1204 2976 «ore
1230 2941 1262 2976 ao
1286 2925 1360 2977 voltu

271 2992 330 3070 ἄρα
346 3000 445 3061 σφέων
464 2992 631 3066 Δακροοφιν
653 3011 672 3046 n
673 2995 797 3062 titulav-
833 2999 982 3050 delarmato
999 2999 1119 3062 riderem
1108 3014 1197 3052 aneo
1217 3003 1286 3051 voltu
1306 3001 1360 3064 sul-

271 3089 321 3136 w,
347 3073 419 3141 γόον
443 3070 467 3122 δ’
488 3067 572 3123 ὠΐετο
596 3069 701 3137 θυμός.
748 3073 797 3125 Ubi
832 3089 888 3124 eam
911 3075 1025 3124 renidere
1051 3037 1122 3135 (Tab.
1144 3077 1211 3126 Ann.
1233 3075 1264 3138 4,
1291 3077 1358 3138 eol,

271 3151 434 3201 Eustathiue:
467 3140 613 3200 leta'ost
596 3163 642 3198 οτι
662 3143 697 3199 τὸ
719 3163 797 3214 γνα-
833 3161 954 3214 quam«
942 3148 1041 3199 «eliuse
1067 3149 1189 3210 ridere»
1177 3152 1359 3215 »propterea

271 3223 381 3290 θμοϊς
402 3221 505 3292 γελᾳν
526 3219 728 3294 ἀλλοτρίοις
747 3223 796 3274 uod
833 3222 906 3286 quad
923 3224 1012 3273 certus
1027 3226 1068 3273 est
1083 3223 1268 3276 adversarium
1284 3223 1359 3276 litem

272 3295 637 3364 νῦνέπιπολαζειλέγεσθαι
646 3311 798 3367 παροιμια-
832 3297 1000 3362 perditurum
1023 3309 1095 3348 esse.
1130 3299 1194 3350 Mire
1218 3297 1361 3363 explicavit

271 3369 339 3436 κῶς.
386 3374 487 3423 Verum
512 3373 635 3422 lloralius
661 3372 796 3423 diversam
833 3374 913 3423 etiam
932 3372 1093 3437 Lennepius:
1113 3387 1182 3426 «nou
1200 3375 1255 3426 suis
1271 3373 1358 3438 malis,

271 3446 414 3511 proverbio
440 3447 660 3509 significationem
688 3445 795 3506 tribuit;
832 3447 882 3498 sed
899 3446 1034 3508 animalis,
1053 3447 1130 3499 ouius
1147 3447 1202 3512 ille,
1226 3449 1292 3500 dum
1309 3449 1360 3502 ahs

271 3521 344 3586 apud
365 3521 512 3572 Homerum
535 3520 606 3570 enim
624 3520 681 3570 est:
709 3515 796 3589 «πρὸς
832 3525 858 3572 te
876 3522 903 3570 in
919 3521 961 3570 ius
976 3523 1092 3585 rapitur,
1111 3523 1227 3576 formam
1245 3523 1359 3584 induit;»

270 3593 352 3658 βίον,
379 3593 452 3645 inviti
475 3595 502 3644 et
521 3607 537 3644 a
554 3593 606 3644 dea
622 3595 707 3644 coacti
723 3593 796 3644 ride·
832 3597 899 3646 mire
918 3596 999 3646 aliam
1016 3599 1113 3648 Graser
1133 3599 1218 3649 Serm,
1237 3599 1311 3650 Soor.
1330 3612 1358 3664 p.

271 3670 337 3722 bant
352 3669 440 3734 prooi,
459 3668 525 3719 dum
536 3667 631 3718 animis
642 3671 795 3718 maerent»
832 3671 876 3721 et:
896 3670 1087 3722 «crassitudine
1100 3670 1175 3724 elatis
1187 3673 1360 3734 sternendis.»

271 3749 301 3797 ut
313 3743 379 3810 (coll.
394 3742 442 3795 od.
456 3743 486 3804 3,
500 3744 543 3804 44,
562 3743 607 3793 44;
627 3743 694 3794 voltu
710 3743 795 3804 inuito)
832 3746 943 3808 propter
965 3743 1080 3796 Platonis
1104 3745 1167 3798 illud
1187 3747 1222 3798 de
1246 3749 1312 3813 llep.
1333 3748 1358 3798 44.

271 3820 394 3885 exposuit
416 3817 573 3878 Lambinus,
599 3818 691 3880 utique
708 3818 796 3870 minus
833 3833 858 3884 p.
871 3820 929 3870 446.
946 3820 984 3869 D:
1010 3816 1118 3883 πολλὰς
1134 3815 1232 3880 ἔχοντι
1249 3817 1361 3894 σάρκας

271 3897 405 3958 apposite3
431 3893 577 3943 nonenim
602 3892 654 3942 hoo
674 3892 746 3944 eadit
769 3894 796 3944 in
832 3889 996 3965 ἀλλοτρίας,
1023 3895 1125 3958 idest,
1154 3899 1279 3962 aproptar
1297 3898 1362 3961 pin-

271 3968 422 4020 debitorem
444 3969 497 4020 tam
518 3965 679 4018 malitiosum
695 3981 728 4018 aa
747 3982 797 4019 ve·
832 3969 976 4033 guedinem
993 3981 1233 4034 supervacaneas.»

271 4044 425 4094 leratorem.
460 4043 508 4094 Est
522 4043 601 4106 igitur
611 4041 638 4091 h.
651 4040 668 4092 l.
684 4043 794 4106 dietum,
865 4043 954 4094 73-444.
985 4045 1039 4095 liet
1062 4059 1125 4108 oper
1149 4045 1213 4110 eet]
1237 4044 1361 4111 Virgilius

272 4115 382 4168 utillud
399 4117 493 4181 Lysiae
510 4117 538 4167 in
554 4115 693 4182 Epitaphio
710 4116 734 4180 ἓ.
748 4116 794 4168 el:
833 4118 981 4170 Homerum
998 4120 1115 4170 imitatus
1132 4121 1228 4184 Georg.
1246 4119 1276 4182 4,
1295 4119 1359 4172 lot:

272 4187 392 4255 44444444
408 4185 575 4257 μὲνψοχάς
586 4185 738 4262 ἀλλοτρίας
749 4187 797 4244 διὰ
832 4191 968 4243 ratonem
984 4193 1064 4244 subito
1080 4207 1122 4245 4444
1146 4195 1264 4246 horridus
1283 4199 1362 4246 utru-

271 4261 324 4316 4444
341 4263 469 4318 θάνατον
485 4263 646 4332 maiouim
662 4264 733 4328 κτλ.;
751 4269 798 4318 Se-
832 4279 880 4330 4444
907 4269 981 4332 444444
1008 4269 1210 4334 saumonem
1234 4272 1312 4322 druco
1337 4279 1362 4324 44
