3178 4972
252 449 313 516 t78
612 449 741 501 nonam
758 449 978 517 urtsmclauu

295 609 376 674 Cum
398 604 499 673 semel
521 605 645 692 accepit
667 603 777 672 Solem
799 604 992 672 furibundus
1014 607 1169 673 acutum?

294 729 351 794 Est
371 726 427 794 ubi
449 726 580 794 divellat
601 746 733 793 somnos
755 727 862 793 minus
884 726 992 793 invida
1015 728 1117 794 cura?

294 849 445 916 Deterius
467 847 599 939 Libycis
621 847 687 915 olet
708 857 764 914 aut
785 849 864 915 nitet
884 847 987 916 herba
1009 847 1149 935 lapillis?

296 970 411 1037 Purior
431 971 463 1036 in
485 970 564 1037 vicis
586 991 673 1056 aqua
694 968 796 1036 tendit
817 989 969 1057 rumpere
991 969 1175 1057 plumbum,
1300 973 1341 1036 20

294 1093 398 1171 Quam
421 1111 506 1180 quae
521 1112 581 1178 per
596 1111 735 1179 pronum
749 1089 888 1178 trepidat
902 1111 976 1158 oum
990 1111 1155 1157 murmure
1170 1091 1298 1157 rivum?

317 1300 357 1351 l8.
377 1299 483 1362 depellat
499 1297 570 1349 bScd
589 1298 647 1362 (sed
663 1299 690 1348 in
707 1299 725 1348 S
743 1311 879 1362 superscr.
892 1299 1012 1362 dueum),
1032 1300 1097 1350 item
1114 1312 1162 1350 ser
1179 1300 1306 1359 Pottierii,

284 1375 354 1427 Lcr.
374 1375 484 1438 (wellet
494 1375 533 1438 Ε.)
548 1401 575 1410 -
594 1375 634 1424 49.
648 1372 748 1437 lapillis]
768 1374 858 1436 tapetis
873 1373 984 1426 Bentleii
1001 1376 1126 1438 suspicio.
1148 1401 1176 1411 -
1194 1375 1236 1425 ti.
1246 1375 1308 1437 pla-
1327 1439 1333 1448 ¹

283 1464 346 1500 omn
361 1451 416 1500 duo
432 1451 572 1500 Torrentii.

251 1634 362 1681 mattam
377 1629 459 1678 utitur
475 1627 594 1679 Manilius
611 1627 641 1688 3,
665 1627 723 1678 288.
742 1625 776 1676 de
814 1625 954 1677 Numidico
970 1628 1063 1678 emam
1079 1627 1216 1690 dramata,
1245 1631 1276 1678 ut
1300 1631 1343 1680 est

252 1705 343 1756 asnis:
369 1704 404 1753 ort
419 1703 503 1752 adero
518 1701 779 1764 stow-persta
815 1702 887 1766 apud
907 1699 1047 1766 Apuleium
1069 1703 1176 1755 lletam.
1192 1704 1217 1752 s.
1236 1715 1263 1768 p.
1282 1703 1339 1754 308.

248 1793 296 1843 per
311 1783 510 1840 tmnpmaoem
523 1777 775 1828 llorneotisredeunt.
815 1773 991 1827 Hildebrand:
1013 1779 1161 1839 pwonente
1181 1777 1239 1839 ipso
1260 1778 1343 1840 lepide

252 1855 357 1905 Politice
374 1865 434 1902 rem
446 1853 485 1903 sic
496 1853 633 1916 exprimit,
649 1853 681 1901 ut
697 1851 779 1914 lingat
810 1851 922 1913 pretioso
935 1851 1046 1902 cossim
1060 1853 1211 1903 diminuto
1227 1853 1255 1902 io
1266 1854 1342 1903 costo

251 1930 370 1980 Leonem
386 1927 422 1978 ad
442 1927 561 1977 furorem
582 1927 690 1977 excitari
712 1923 778 1976 Solis
811 1926 928 1988 picturae
938 1941 1032 1991 perure
1040 1927 1256 1980 discriminantem
1274 1927 1344 1991 {llo-
1365 1984 1372 2000 x

251 2003 331 2054 radiis
342 2003 435 2061 acutis,
454 2003 552 2052 acriter
563 2013 626 2052 cum
637 2003 779 2065 penetran-
811 1997 1071 2068 ‚soilssussbodeml
1089 2004 1192 2054 Seneca
1203 2003 1286 2068 Epist.
1298 2004 1340 2064 86,

250 2077 331 2129 tibus.
361 2077 409 2127 Od.
429 2076 459 2139 3,
483 2076 530 2136 29,
558 2077 599 2126 ta.
627 2077 724 2126 Lucan.
748 2077 776 2136 l,
815 2077 845 2126 c:
870 2078 970 2138 Pauper
992 2077 1341 2140 dotmdetwoceordidm,

251 2153 312 2203 libo:
339 2153 368 2202 Sl
389 2165 492 2202 comum
513 2152 594 2201 rodite
613 2151 776 2212 Nemeaeum,
815 2151 1343 2204 --oistlleeeaminememcrarioesi-

250 2225 350 2286 Ρλοοὸο,
363 2226 551 2276 Leononlllsmc
563 2237 705 2287 proceres,
728 2229 779 2274 tcto
815 2225 877 2274 dicte
892 2227 983 2275 mults
999 2227 1115 2277 obducto
1131 2233 1202 2290 sunt,
1225 2229 1276 2278 ciet
1294 2229 1343 2278 illis

250 2303 355 2366 fluerent
371 2301 488 2350 incensatio
502 2300 605 2349 mundo.
621 2326 648 2335 -
666 2299 777 2364 scutum]
814 2301 925 2363 midique
941 2313 1047 2363 operoso
1064 2307 1088 2352 et
1103 2304 1131 2352 ie
1149 2304 1267 2366 pictores
1287 2317 1343 2354 mc-

252 2372 402 2425 Hesiodo.
417 2375 444 2422 et
460 2373 492 2422 D.
505 2371 568 2424 lll:
586 2374 674 2439 idaci,-
694 2368 778 2437 ὀξέος
814 2375 875 2424 mers
889 2376 994 2425 voctote
1009 2377 1159 2428 mmmilttio
1172 2379 1342 2440 praemone.

252 2442 372 2512 visitato.
816 2448 855 2500 Cl.
876 2450 979 2501 Becker
1000 2451 1088 2500 Gallos
1109 2451 1160 2514 (ed.
1182 2451 1237 2516 alt.)
1258 2454 1289 2503 ll.
1313 2465 1340 2517 p.

285 2523 373 2573 lii-al.
399 2521 444 2570 Est
467 2520 510 2570 ool
535 2520 603 2585 cet]
630 2522 708 2572 «Ruri
733 2534 779 2572 so-
815 2523 873 2573 itifl.
903 2525 947 2574 De'
963 2537 1046 2589 opere
1067 2528 1158 2576 autem
1176 2527 1281 2578 musivo
1296 2539 1340 2576 vv.

252 2609 346 2648 mnam
372 2598 532 2646 nocturnum
553 2608 607 2646 non
628 2596 779 2648 disturbant
815 2596 985 2662 intelligenda
1003 2613 1063 2651 esse
1080 2601 1248 2652 demonstrat
1263 2613 1289 2651 v.
1302 2601 1343 2650 la-

252 2683 347 2730 curae;
365 2668 480 2720 interdiu
492 2683 621 2722 amoenus
633 2670 779 2723 herbarum
813 2673 888 2736 pillis.
920 2675 1006 2726 llinus
1023 2677 1097 2725 recte
1115 2677 1166 2726 Fen
1178 2674 1212 2726 de
1224 2687 1343 2726 marmo-

252 2748 410 2812 prospectus
443 2743 549 2806 oculos,
585 2759 664 2797 nares
698 2747 778 2810 odor,
816 2749 853 2798 ris
875 2748 1007 2800 Numidici
1030 2751 1176 2812 segmentis
1197 2749 1343 2801 maioribus

252 2833 321 2886 aqua
338 2819 482 2885 purissima
500 2819 620 2884 palatum
636 2820 778 2872 oblectat.»
815 2824 1015 2888 interpretetur.
1043 2825 1210 2887 ingeniosam
1222 2823 1341 2888 quidem,

251 2894 361 2959 domat]
384 2895 543 2960 Exquisitior
566 2907 630 2947 sane
654 2897 721 2946 baec
738 2896 781 2946 est
816 2899 864 2950 sed
899 2912 1128 2964 supervacaneam
1162 2901 1343 2950 coniecturam

251 2969 331 3020 lectio
348 2982 430 3032 quam
447 2969 563 3032 depellat,
598 2967 665 3019 lllnd
683 2970 781 3034 signiti-
816 2975 907 3036 tepetis
921 2973 1057 3025 Bentleius
1075 2973 1225 3038 desumpsit
1241 2972 1344 3024 excal-

252 3045 307 3094 cat:
338 3055 478 3094 «somnum
499 3043 588 3094 subito
611 3044 781 3108 interrumpit
816 3046 970 3113 purnilEcl.
983 3048 1012 3106 6,
1031 3048 1078 3099 ia:
1095 3049 1185 3098 maior
1193 3048 1344 3099 stratheren

252 3129 355 3181 nosque
379 3117 596 3178 excitans-hoc:
625 3131 690 3169 «nos
716 3118 780 3168 dor·
816 3124 920 3186 tepetis,
937 3121 986 3172 ubi
1002 3122 1045 3174 alii
1061 3122 1128 3174 ialso
1144 3124 1245 3186 lapillis.
1276 3125 1343 3174 ller-

252 3193 320 3243 mire
337 3204 390 3243 non
407 3193 494 3243 sinit.»
525 3191 705 3244 Pseudanacr.
724 3188 777 3256 λα’,
817 3199 924 3262 mippus
940 3197 1012 3262 apud
1028 3198 1123 3248 Athen.
1143 3199 1171 3258 l,
1195 3197 1239 3250 ta:
1266 3197 1344 3268 Kap-

252 3268 281 3318 9:
311 3263 387 3317 κατά
413 3281 468 3332 μευ
496 3268 609 3329 σχίσεις
638 3259 777 3338 ὀνείρους.
817 3267 914 3338 milda
930 3268 1052 3335 δάπιδας
1068 3269 1247 3323 uninomia
1257 3287 1345 3344 προσ-

252 3341 323 3405 Virg.
337 3343 383 3392 Ge.
403 3342 432 3403 3,
455 3341 512 3392 tao.
532 3343 560 3390 et
575 3340 651 3392 ovid.
670 3344 729 3392 Am.
748 3343 778 3404 2,
816 3341 963 3408 κεφάλαια
979 3345 1127 3417 (παρέχοι).
1148 3373 1176 3384 -
1195 3346 1251 3412 olet]
1275 3359 1345 3411 qua-

253 3417 297 3477 lil,
317 3417 358 3466 ia.
377 3414 777 3477 dixeruntabmmporercmeos.
816 3423 895 3471 tenus
917 3420 1028 3472 ilorlbua
1045 3421 1088 3471 vel
1111 3419 1259 3485 liquoribus
1276 3421 1345 3471 odo—

252 3491 323 3555 virg.
335 3491 440 3552 riensi,
453 3489 511 3540 tea.
529 3503 646 3553 campere
656 3503 778 3542 tomam.
816 3495 880 3544 ratis
898 3494 1093 3558 spargebantur
1110 3497 1190 3547 eiiam
1207 3496 1345 3560 pavimen-

253 3569 337 3618 Nemo
354 3579 419 3618 vero
436 3567 542 3630 depellat
561 3568 588 3618 in
605 3569 706 3619 diccdot
722 3582 781 3619 mu·
816 3571 852 3618 ta.
883 3568 921 3618 Cl.
935 3569 1046 3632 Eppi,
1065 3570 1093 3629 l,
1112 3571 1153 3622 79.
1179 3597 1207 3607 -
1228 3571 1256 3620 te
1273 3569 1342 3634 videl

253 3644 350 3704 lasset,
376 3642 428 3692 hoc
448 3655 527 3702 vero,
551 3643 581 3692 ut
604 3643 692 3694 minus
716 3642 780 3694 soli·
817 3642 906 3704 Urbis,
935 3644 962 3694 in
990 3657 1058 3707 quos
1084 3657 1154 3708 aqua
1180 3659 1213 3696 ex
1240 3647 1343 3709 maguis

253 3718 320 3778 tum,
335 3714 412 3766 facile
424 3717 451 3766 in
468 3714 532 3766 illud
548 3717 645 3767 mutari
664 3718 778 3781 poterat.
816 3729 903 3780 aquae
920 3717 1044 3770 ductibus
1066 3731 1115 3784 per
1135 3717 1237 3770 lismlas
1254 3719 1344 3785 plum-

255 3817 283 3828 -
308 3791 396 3840 mewa
416 3790 489 3856 curo]
518 3805 602 3856 cquae
627 3791 779 3843 hominibus
815 3790 883 3842 beas
905 3805 927 3843 s.
940 3791 1047 3843 tubulos
1070 3792 1228 3845 ducebatur.
1252 3821 1279 3830 -
1296 3799 1345 3844 tre·

254 3876 362 3917 omnem
375 3866 455 3917 animi
466 3863 683 3929 tranquillitatem
696 3867 723 3914 et
733 3865 781 3916 ob-
812 3868 895 3932 pidet]
912 3867 1095 3918 «continenter
1106 3871 1134 3918 et
1145 3866 1268 3919 celeriter
1280 3879 1344 3918 cur-

252 3937 432 4001 lectatlonem,
448 3951 574 3990 somnum
585 3938 701 4002 denique
712 3937 781 3988 libe·
816 3941 876 3991 rit·
906 3943 959 3993 Cir.
972 3942 1019 3992 Od.
1033 3943 1063 4004 2,
1086 3943 1115 4004 3,
1135 3943 1180 3992 ll:
1198 3943 1297 4004 obliquo
1307 3942 1345 3992 lo·

254 4025 314 4063 rum
331 4027 363 4063 nc
377 4012 494 4064 solutum
510 4013 617 4064 videtur
632 4013 778 4064 invidere.»
817 4015 891 4066 beret
906 4016 1019 4078 Lprnpllc
1034 4017 1117 4080 (ispum
1133 4017 1262 4080 trepidm
1276 4018 1341 4066 rivo.

254 4087 333 4137 uua.
360 4086 399 4137 Cl.
413 4087 462 4138 od.
475 4089 504 4149 l,
522 4089 567 4148 ll,
585 4089 614 4137 7:
632 4087 720 4138 meida
735 4101 781 4138 oe-
817 4091 933 4154 lliroque
950 4091 1040 4141 autem
1056 4088 1116 4142 loco
1132 4103 1261 4142 versuum
1277 4103 1344 4142 aona

254 4165 302 4211 tas.
326 4185 353 4198 -
374 4161 633 4225 Ltbpcla--lopillta1
653 4163 781 4227 Loquitur
817 4175 876 4214 rem
893 4161 1056 4228 descriptam
1073 4165 1140 4216 scite
1158 4165 1275 4216 imitatus
1292 4165 1341 4216 esi.

255 4233 289 4284 de
305 4235 464 4300 pavimentis
481 4233 707 4308 (λιθοστρώτοις)
724 4239 781 4288 tes-
850 4237 892 4286 ἥ.
904 4237 945 4288 23.
964 4238 1067 4301 Nmpe]
1086 4240 1293 4303 «mennam
1304 4237 1345 4289 ai-

256 4306 355 4360 sellalis
367 4312 394 4360 et
409 4308 590 4362 vermiculatis
602 4323 634 4362 ex
645 4323 779 4362 marmore
818 4310 869 4361 leri
885 4311 937 4370 rei,
956 4323 1026 4374 qnae
1042 4313 1103 4362 ante
1115 4310 1208 4364 ocules
1219 4310 1345 4364 omnibns
