3090 4974
580 450 640 500 lits
660 449 805 500 POE'l'lCA.

195 604 329 672 Difficile
352 613 402 672 est
423 605 553 692 proprie
575 605 758 671 communia
779 605 905 683 dicerc;
929 614 1027 692 tuque

195 726 323 794 Rectius
347 725 479 794 lliecurn
501 745 631 794 carmen
655 725 791 793 deducis
814 725 846 790 in
868 735 973 803 nctus,

194 849 298 928 Quam
324 849 351 914 si
377 848 539 934 proferres
562 849 670 935 ignota
692 845 877 934 indictaque
899 848 1033 934 primus.
1178 849 1240 916 t30

217 1027 273 1076 ⁴29.
291 1028 387 1077 mucia
403 1028 500 1090 liegius
519 1040 588 1078 unus
605 1030 633 1078 et
650 1040 683 1077 ex
700 1029 819 1078 liomnno
837 1039 890 1076 uno
908 1027 967 1076 l‘ea.
989 1027 1096 1090 (deducis
1112 1039 1206 1080 omnes

184 1101 251 1159 mai,
271 1102 351 1152 etiam
369 1103 403 1162 E,
422 1103 450 1152 et
467 1100 628 1160 llochedari,
647 1100 719 1164 liegii
736 1100 839 1160 ceteri.)

151 1247 324 1310 tractandum,
342 1247 546 1309 inexorabilem,
559 1259 677 1308 acram»
693 1249 697 1308 Ι
713 1248 759 1298 tica
773 1247 853 1312 ptime.
881 1248 919 1298 Cl.
938 1248 1075 1300 Ruhnken.
1088 1251 1122 1301 ad
1134 1253 1240 1306 Timae-

151 1327 317 1386 spectatorea
338 1321 407 1374 illico
428 1323 591 1376 exclament:
620 1323 677 1374 alin
714 1334 798 1372 umv.
811 1318 954 1388 κάταγμα.
983 1325 1050 1374 Fene
1067 1327 1238 1391 etlloertngii

151 1395 220 1447 elien
231 1395 357 1459 Achilles,
377 1399 456 1448 toties
468 1399 533 1460 iarn,
553 1398 601 1449 sed
612 1410 678 1448 vero
713 1394 792 1447 lectio
810 1398 919 1458 diduco,
938 1399 1014 1462 quasi
1032 1400 1131 1451 lonwm
1150 1403 1239 1465 ingen-

151 1472 201 1522 sub
224 1474 331 1523 nomine
351 1475 524 1537 spectatast»
551 1473 676 1538 quocirca
714 1471 769 1520 tem
795 1472 820 1520 in
845 1471 957 1533 rivulos,
986 1476 1076 1537 tragici
1093 1488 1177 1540 prope
1195 1493 1239 1529 re-

151 1548 232 1596 sotins
244 1547 338 1598 luisset
350 1547 384 1598 illi
397 1561 495 1598 nomen
507 1561 615 1612 quoque
630 1549 677 1597 hu·
712 1545 920 1609 prehensionem
928 1549 1053 1599 continet.
1067 1551 1240 1603 uliactiusex·

151 1621 192 1670 ins
210 1620 370 1684 relinquere.
393 1621 469 1672 llaud
486 1624 559 1672 recte
574 1635 676 1672 nonne·
713 1621 809 1671 tendes
825 1618 922 1685 μῦθον
939 1622 1055 1686 aliquem
1067 1625 1237 1678 Homericum

151 1707 196 1744 mo
223 1708 309 1759 nuper
334 1696 402 1746 haec
427 1697 535 1760 Difficile
545 1723 560 1734 -
571 1721 586 1732 -
597 1697 678 1746 dicero
712 1695 817 1745 actione
830 1697 941 1758 tragica,
955 1697 981 1746 in
993 1710 1045 1760 qua
1058 1701 1084 1748 et
1095 1711 1236 1763 personne,

151 1782 200 1832 pro
217 1784 259 1820 vv.
279 1770 424 1822 adversarii
441 1769 610 1835 obloquentis
627 1771 677 1820 ha·
713 1781 780 1832 quos
792 1769 918 1832 induces,
937 1769 1069 1836 etgaeaidog
1081 1773 1137 1836 ipse
1149 1775 1238 1839 copie-

150 1844 209 1894 buit
220 1849 397 1898 convertens:
417 1847 545 1896 Schwcr
561 1848 618 1897 ists
634 1846 677 1896 ei-
713 1843 768 1894 sius
786 1840 965 1908 explicentur,
985 1859 1067 1909 quam
1078 1847 1135 1896 lieri
1149 1851 1238 1911 potest

149 1919 356 1982 pauthitmlich
371 1934 409 1970 zu
424 1933 519 1985 sepau
535 1921 677 1971 Balneu-
712 1917 738 1966 in
756 1915 907 1984 ἐπεισοδίῳ
924 1919 1027 1982 epicos
1061 1921 1127 1970 Nam
1145 1921 1179 1971 de
1197 1922 1237 1973 his

150 1998 249 2051 teron
269 1995 311 2044 cni
328 1995 423 2044 rationi
440 1994 580 2046 manifesto
597 2006 677 2058 repn-
713 1992 880 2054 potissimum
893 1994 957 2056 agit,
976 1996 1005 2044 ut
1017 1993 1115 2044 caedes
1126 1997 1239 2058 Agame-

151 2071 213 2129 gnat
230 2081 254 2116 v.
274 2073 365 2130 toque,
384 2071 500 2128 etenim,
518 2070 540 2119 si
558 2067 621 2119 illud
638 2067 676 2118 di·
712 2067 817 2116 mnonis
834 2066 929 2129 Odyss.
943 2064 972 2128 l,
985 2066 1034 2119 tor
1045 2081 1106 2132 sqq.
1122 2069 1237 2120 deducta

151 2153 213 2190 cere
231 2141 372 2202 voluisset,
391 2157 504 2207 pergere
522 2142 673 2194 debuisset:
712 2141 755 2190 est
766 2141 792 2190 in
803 2143 1032 2203 Agamemnonem
1046 2142 1235 2206 Aeschyleum,

151 2218 195 2264 atu
204 2217 320 2275 tamem»
334 2217 519 2269 «nihilominus
528 2221 582 2268 tu.»
595 2219 675 2268 Recte
712 2213 816 2264 anesus
834 2228 866 2264 ex
878 2215 996 2266 Dolonea
1014 2215 1086 2267 iliad.
1099 2234 1131 2278 κ,
1144 2221 1196 2270 cet.
1211 2223 1237 2270 et

150 2290 677 2358 Voss:Schwerists,01·90n0W0-
712 2285 789 2352 longe
811 2286 862 2338 alio
883 2303 965 2341 sensu
986 2290 1141 2351 Aristotelea
1163 2295 1235 2344 Poet.

149 2377 201 2415 sen
211 2367 325 2416 oosAtl
332 2370 498 2431 gamainein
509 2383 548 2420 zu
559 2369 672 2420 hilder.
711 2361 753 2424 2³·
767 2363 796 2410 7²
819 2361 852 2414 ἐκ
868 2362 923 2428 μὲν
939 2359 1058 2428 Ἰλιάδος
1075 2367 1123 2416 καὶ
1139 2360 1236 2418 Ὀδυσ-

150 2440 235 2491 Etiam
246 2443 392 2494 Gesnerus:
412 2445 531 2507 «Propria
542 2445 623 2495 dicere
634 2445 675 2495 est
711 2438 793 2500 σδίας
809 2439 863 2503 μία
878 2438 1022 2511 τραγῳδία
1038 2446 1161 2493 ποιεῖται
1172 2442 1236 2494 ἑκα-

150 2515 185 2564 ita
202 2515 320 2578 undique
336 2517 491 2569 describere
504 2531 535 2568 ac
548 2519 632 2579 finire,
646 2519 676 2568 ut
711 2513 794 2584 τέρας
806 2507 828 2578 ἤ
838 2510 892 2566 δύο
902 2511 1004 2580 μόναι,
1020 2515 1052 2567 ἐκ
1062 2514 1094 2567 δὲ
1102 2517 1236 2589 Κυπρίων

150 2589 202 2640 iam
225 2603 278 2640 non
301 2603 444 2642 commune
466 2594 612 2658 quidquam
629 2594 675 2642 aut
711 2585 814 2638 nouat
831 2590 880 2639 >tol
897 2591 929 2640 ἐκ
942 2587 994 2655 τῆς
1003 2589 1108 2662 μικρᾶς
1117 2587 1236 2656 Ἰλιάδος

109 2709 115 2718 ,
149 2663 273 2726 generale
284 2665 418 2728 videatur,
438 2667 486 2718 sed
499 2667 673 2727 individuum,
711 2660 798 2712 πλέον
815 2658 908 2724 ὀκτώ,
927 2659 992 2714 οἷον
1004 2659 1114 2716 'onim
1131 2669 1234 2738 κρίσις,

150 2737 175 2788 in
194 2751 248 2802 quo
265 2741 353 2790 omnin
368 2741 627 2801 suutdeterminata,
646 2743 675 2790 ut
711 2733 900 2803 Φιλοκτήτης,
913 2737 1129 2804 Νεοπτόλεμος,
1141 2735 1236 2812 Eripui-

150 2811 295 2875 loquuntur
315 2813 472 2879 philosophi.
486 2817 620 2865 'Picturaa
645 2817 675 2864 ut
711 2811 815 2874 κυλος,
834 2811 983 2872 Πτωχεία,
1000 2811 1157 2875 Λάκαιναι,
1173 2809 1236 2867 'lit-

149 2887 257 2950 proprie
273 2886 346 2948 tulis,
372 2889 411 2939 sic
428 2891 564 2954 poetisne,
590 2889 675 2939 maior
711 2899 746 2936 ov
764 2887 863 2956 πέρσις
878 2887 929 2937 καὶ
947 2881 1105 2950 'Ascalone
1121 2890 1169 2940 καὶ
1187 2889 1237 2941 Σι-

149 2959 219 3022 laus,
247 2964 269 3012 sl
292 2977 351 3014 rem
373 2964 534 3028 singularem
557 2965 673 3029 pingues
710 2975 767 3010 νων
778 2961 828 3010 καὶ
838 2957 975 3031 Τρῳάδες.
990 2963 1115 3012 Ceterum
1125 2965 1149 3013 in
1159 2964 1236 3015 lttneo

150 3037 206 3086 Nec
221 3050 287 3087 vero
304 3037 426 3102 displicet
442 3039 586 3090 hletaetasii
602 3039 675 3103 peri·
709 3036 822 3085 camnine
843 3033 980 3086 brevitatis
1002 3048 1083 3086 causa
1102 3037 1234 3099 substitit,

150 3109 268 3172 phrasis:
287 3111 376 3162 lltror
382 3114 577 3177 primterodcgtt
587 3113 675 3164 emunt
709 3121 798 3173 neque
816 3108 887 3159 enim
899 3121 947 3172 pro
959 3111 1033 3160 certo
1045 3109 1079 3160 de
1090 3109 1236 3163 excluden·
1313 3130 1316 3135 ·

150 3185 230 3234 eventi
246 3186 297 3235 llul
312 3191 392 3236 teacuo
408 3201 498 3238 cornua
514 3189 637 3249 matario,
661 3201 675 3237 e
710 3185 745 3236 do
762 3184 866 3247 reliquo
888 3183 964 3247 cyclo
986 3180 1089 3249 pecus
1112 3187 1244 3238 holana--

150 3259 222 3308 dorla
237 3261 345 3322 Propria
359 3263 444 3324 sonna
460 3265 490 3313 ed
506 3263 639 3324 secondo,
661 3261 675 3314 i
710 3273 779 3320 rum,
796 3261 861 3310 item
872 3257 984 3310 llercule
997 3262 1024 3310 et
1031 3259 1135 3311 furente
1145 3263 1173 3311 et
1183 3262 1236 3312 Oe-

150 3333 217 3383 duro
232 3335 348 3396 impreac.
711 3337 785 3394 taeo,
804 3333 905 3399 Oedipo
916 3335 1028 3397 eiusque
1040 3333 1142 3395 liberis,
1155 3336 1235 3386 Atreo

184 3409 240 3458 tae.
263 3409 319 3460 430.
349 3412 446 3462 nectua
471 3413 577 3463 litamen
604 3413 674 3476 cet]
710 3423 742 3460 ac
759 3410 890 3472 Thyeste,
917 3421 1036 3473 unquam
1054 3410 1186 3473 cogitavit.
1205 3433 1233 3446 -

151 3485 255 3547 «Longe
273 3483 368 3536 melius
385 3485 493 3550 leceris,
516 3487 538 3538 si
555 3489 631 3536 utere
648 3488 674 3538 in
711 3485 794 3548 onaan
809 3485 830 3534 o·
843 3483 981 3549 proferres]
1001 3485 1152 3536 Haeserunt
1167 3496 1236 3535 non-

150 3559 286 3623 tragoedia
307 3557 414 3625 μύθοις
437 3565 464 3612 et
481 3562 602 3627 personis
620 3563 675 3612 llo·
711 3557 773 3609 nulli
799 3559 826 3610 in
851 3555 972 3608 facillima
997 3559 1049 3610 hnc
1069 3559 1234 3620 attractione,

151 3635 283 3694 mer-icis»
297 3637 326 3684 ut
336 3635 485 3700 aeschylus
497 3635 599 3688 tabulas
611 3650 673 3688 suaa
711 3632 779 3684 adeo
796 3634 826 3682 ut
842 3633 926 3683 Bothe
943 3633 1011 3684 mire
1028 3633 1173 3683 coniecerit
1188 3633 1235 3682 da-

150 3705 264 3775 rapam
275 3707 332 3758 τῶν
340 3703 467 3782 Ὁμήρου
477 3708 611 3778 μεγάλων
621 3709 676 3762 dst-
711 3710 804 3758 duces
826 3707 853 3756 io
869 3711 954 3767 octies,
978 3708 1059 3768 Qumis
1075 3707 1120 3755 sic
1132 3705 1235 3768 prosar-

151 3797 229 3834 κνων
240 3782 374 3848 appellere
387 3785 564 3849 ipseselebat.
577 3787 672 3836 Athen.
710 3795 762 3840 rem
780 3793 843 3832 cum
854 3782 900 3832 sit:
921 3781 1042 3832 «Rectius
1055 3781 1133 3841 lacis,
1152 3780 1174 3830 si
1186 3779 1236 3829 de·

149 3859 180 3919 8,
193 3859 218 3910 8.
245 3857 317 3909 Plato
334 3858 368 3909 de
385 3860 449 3923 liep.
467 3859 507 3908 to.
527 3873 553 3924 p.
567 3861 624 3909 eet.
638 3862 672 3911 c:
711 3856 788 3906 ducis
799 3883 836 3894 --
848 3867 930 3918 quam
948 3855 1066 3916 taceres,
1092 3855 1114 3906 si
1131 3853 1235 3918 proler-

149 3925 227 3982 'a'otm
252 3929 307 4005 γὰρ
333 3926 477 4004 (Ὅμηρος)
499 3931 556 3982 τῶν
579 3929 674 3982 καλῶν
710 3941 785 3980 res.»
815 3930 913 3980 Contra
930 3927 1084 3980 Aristoteles
1102 3929 1173 3978 Poet.
1193 3927 1233 3989 tt,

150 3999 285 4059 ἁπάντων
316 4003 425 4058 τούτων
450 4003 508 4057 τῶν
532 4003 674 4077 τραγικῶν
712 4005 751 4052 lt.
766 4005 793 4053 et
809 4005 945 4067 propriam
957 4003 1137 4055 inventionem
1149 4003 1236 4053 etsci-

151 4079 263 4152 πρῶτος
273 4078 447 4146 διδάσκαλός
458 4077 675 4148 τεκαὶὴγεμών
711 4079 767 4127 tam
788 4081 910 4128 ueterum
932 4090 964 4128 ac
987 4079 1110 4127 notorum
1132 4071 1235 4142 μύθων

149 4157 294 4223 γενέσθαι.
317 4185 342 4194 -
363 4157 469 4221 deducis]
492 4156 567 4220 quasi
585 4154 672 4206 filum:
711 4153 896 4204 tractationem
908 4167 923 4202 a
936 4152 1036 4215 tragico
1046 4153 1169 4215 requirit:
1182 4145 1236 4204 Ad-

151 4234 352 4295 accepturae.
372 4231 430 4281 Vld.
444 4231 478 4281 ad
490 4233 542 4281 Sat.
556 4231 586 4291 2,
605 4229 672 4291 t,t.
711 4224 763 4277 τὸν
779 4223 810 4276 δὲ
827 4220 969 4296 εὑρίσκειν
985 4222 1031 4274 δεῖ
1045 4227 1094 4276 stol
1111 4230 1172 4288 τοῖς
1183 4241 1235 4276 πα-

151 4306 225 4358 0vid.
240 4309 302 4358 hiet.
315 4306 344 4368 l,
358 4306 402 4356 36:
421 4306 468 4357 tent
484 4306 605 4356 desim
617 4305 675 4367 pot-
711 4299 913 4375 pudadopavotg
929 4296 1058 4372 χρῆσθαι
1077 4299 1180 4364 καλῶς.
1203 4327 1232 4339 -
