<?xml version="1.0" encoding="UTF-8"?>
<!DOCTYPE html PUBLIC "-//W3C//DTD XHTML 1.0 Transitional//EN"
    "http://www.w3.org/TR/xhtml1/DTD/xhtml1-transitional.dtd">
<html xmlns="http://www.w3.org/1999/xhtml" xml:lang="en" lang="en">
 <head>
  <title>
</title>
<meta http-equiv="Content-Type" content="text/html;charset=utf-8" />
  <meta name='ocr-system' content='tesseract 3.04.00' />
  <meta name='ocr-capabilities' content='ocr_page ocr_carea ocr_par ocr_line ocrx_word'/>
</head>
<body>
  <div class='ocr_page' id='page_1' title='image "./qhoratiusflaccu01baitgoog_0643.png"; bbox 0 0 3174 4974; ppageno 0'>
   <div class='ocr_carea' id='block_1_1' title="bbox 315 377 1051 447">
    <p class='ocr_par' dir='ltr' id='par_1_1' title="bbox 315 377 1051 447">
     <span class='ocr_line' id='line_1_1' title="bbox 315 377 1051 447; baseline -0.016 -9"><span class='ocrx_word' id='word_1_1' title='bbox 315 381 378 447; x_wconf 86' lang='grc'>630</span> <span class='ocrx_word' id='word_1_2' title='bbox 682 379 811 429; x_wconf 84' lang='lat' dir='ltr'>llOllllTll</span> <span class='ocrx_word' id='word_1_3' title='bbox 832 377 1051 430; x_wconf 80' lang='lat' dir='ltr'>EPlSTOLAlthl</span> 
     </span>
    </p>
   </div>
   <div class='ocr_carea' id='block_1_2' title="bbox 358 531 1415 1350">
    <p class='ocr_par' dir='ltr' id='par_1_2' title="bbox 358 531 1261 622">
     <span class='ocr_line' id='line_1_2' title="bbox 358 531 1261 622; baseline -0.007 -18"><span class='ocrx_word' id='word_1_4' title='bbox 358 541 516 619; x_wconf 81' lang='lat' dir='ltr'>Quattuor</span> <span class='ocrx_word' id='word_1_5' title='bbox 538 545 592 601; x_wconf 89' lang='lat' dir='ltr'>aut</span> <span class='ocrx_word' id='word_1_6' title='bbox 614 533 724 622; x_wconf 89' lang='lat' dir='ltr'>plures</span> <span class='ocrx_word' id='word_1_7' title='bbox 748 533 861 601; x_wconf 82' lang='lat' dir='ltr'>aulaea</span> <span class='ocrx_word' id='word_1_8' title='bbox 885 543 1072 620; x_wconf 88' lang='lat' dir='ltr'>premuntur</span> <span class='ocrx_word' id='word_1_9' title='bbox 1096 532 1127 598; x_wconf 88' lang='lat' dir='ltr'>in</span> <span class='ocrx_word' id='word_1_10' title='bbox 1149 531 1261 606; x_wconf 85' lang='lat' dir='ltr'>horas,</span> 
     </span>
    </p>

    <p class='ocr_par' dir='ltr' id='par_1_3' title="bbox 359 633 1415 864">
     <span class='ocr_line' id='line_1_3' title="bbox 359 633 1415 746; baseline -0.006 -22"><span class='ocrx_word' id='word_1_11' title='bbox 359 662 442 724; x_wconf 88' lang='lat' dir='ltr'>Dum</span> <span class='ocrx_word' id='word_1_12' title='bbox 464 657 587 746; x_wconf 82' lang='lat' dir='ltr'>lugiunt</span> <span class='ocrx_word' id='word_1_13' title='bbox 608 633 752 744; x_wconf 89' lang='lat' dir='ltr'>equitum</span> <span class='ocrx_word' id='word_1_14' title='bbox 776 667 899 723; x_wconf 90' lang='lat' dir='ltr'>turmae</span> <span class='ocrx_word' id='word_1_15' title='bbox 922 656 1132 742; x_wconf 81' lang='lat' dir='ltr'>peditumque</span> <span class='ocrx_word' id='word_1_16' title='bbox 1154 665 1318 732; x_wconf 87' lang='lat' dir='ltr'>catervae;</span> <span class='ocrx_word' id='word_1_17' title='bbox 1350 654 1415 720; x_wconf 82' lang='lat' dir='ltr'>l90</span> 
     </span>
     <span class='ocr_line' id='line_1_4' title="bbox 359 776 1205 864; baseline -0.004 -19"><span class='ocrx_word' id='word_1_18' title='bbox 359 782 429 847; x_wconf 87' lang='lat' dir='ltr'>Mox</span> <span class='ocrx_word' id='word_1_19' title='bbox 451 779 585 846; x_wconf 86' lang='lat' dir='ltr'>trahitur</span> <span class='ocrx_word' id='word_1_20' title='bbox 607 778 756 845; x_wconf 88' lang='lat' dir='ltr'>manibus</span> <span class='ocrx_word' id='word_1_21' title='bbox 778 797 892 864; x_wconf 85' lang='lat' dir='ltr'>regum</span> <span class='ocrx_word' id='word_1_22' title='bbox 913 776 1040 843; x_wconf 87' lang='lat' dir='ltr'>iortuna</span> <span class='ocrx_word' id='word_1_23' title='bbox 1062 776 1205 852; x_wconf 88' lang='lat' dir='ltr'>retortis,</span> 
     </span>
    </p>

    <p class='ocr_par' dir='ltr' id='par_1_4' title="bbox 361 871 1157 986">
     <span class='ocr_line' id='line_1_5' title="bbox 361 871 1157 986; baseline -0.005 -18"><span class='ocrx_word' id='word_1_24' title='bbox 361 899 482 970; x_wconf 87' lang='lat' dir='ltr'>Esseda</span> <span class='ocrx_word' id='word_1_25' title='bbox 504 900 666 976; x_wconf 79' lang='lat' dir='ltr'>festinant,</span> <span class='ocrx_word' id='word_1_26' title='bbox 690 898 822 986; x_wconf 88' lang='lat' dir='ltr'>pilenta,</span> <span class='ocrx_word' id='word_1_27' title='bbox 847 871 1014 985; x_wconf 87' lang='lat' dir='ltr'>petorrita,</span> <span class='ocrx_word' id='word_1_28' title='bbox 1038 918 1157 973; x_wconf 89' lang='lat' dir='ltr'>naves,</span> 
     </span>
    </p>

    <p class='ocr_par' dir='ltr' id='par_1_5' title="bbox 360 1018 1169 1111">
     <span class='ocr_line' id='line_1_6' title="bbox 360 1018 1169 1111; baseline -0.007 -21"><span class='ocrx_word' id='word_1_29' title='bbox 360 1022 528 1111; x_wconf 87' lang='lat' dir='ltr'>Captivum</span> <span class='ocrx_word' id='word_1_30' title='bbox 549 1031 694 1108; x_wconf 88' lang='lat' dir='ltr'>portatur</span> <span class='ocrx_word' id='word_1_31' title='bbox 716 1019 813 1096; x_wconf 91' lang='lat' dir='ltr'>ebur,</span> <span class='ocrx_word' id='word_1_32' title='bbox 838 1019 964 1106; x_wconf 86' lang='lat' dir='ltr'>captiva</span> <span class='ocrx_word' id='word_1_33' title='bbox 989 1018 1169 1086; x_wconf 81' lang='lat' dir='ltr'>Corinthus.</span> 
     </span>
    </p>

    <p class='ocr_par' dir='ltr' id='par_1_6' title="bbox 360 1140 1153 1217">
     <span class='ocr_line' id='line_1_7' title="bbox 360 1140 1153 1217; baseline -0.006 -6"><span class='ocrx_word' id='word_1_34' title='bbox 360 1145 394 1211; x_wconf 88' lang='lat' dir='ltr'>Si</span> <span class='ocrx_word' id='word_1_35' title='bbox 416 1144 498 1211; x_wconf 86' lang='lat' dir='ltr'>soret</span> <span class='ocrx_word' id='word_1_36' title='bbox 521 1144 551 1207; x_wconf 93' lang='lat' dir='ltr'>in</span> <span class='ocrx_word' id='word_1_37' title='bbox 574 1142 683 1217; x_wconf 90' lang='lat' dir='ltr'>terris,</span> <span class='ocrx_word' id='word_1_38' title='bbox 708 1140 829 1206; x_wconf 80' lang='lat' dir='ltr'>rideret</span> <span class='ocrx_word' id='word_1_39' title='bbox 850 1141 1067 1216; x_wconf 83' lang='lat' dir='ltr'>Democritus,</span> <span class='ocrx_word' id='word_1_40' title='bbox 1094 1160 1153 1206; x_wconf 94' lang='lat' dir='ltr'>seu</span> 
     </span>
    </p>

    <p class='ocr_par' dir='ltr' id='par_1_7' title="bbox 359 1261 1412 1350">
     <span class='ocr_line' id='line_1_8' title="bbox 359 1261 1412 1350; baseline -0.003 -19"><span class='ocrx_word' id='word_1_41' title='bbox 359 1266 530 1332; x_wconf 85' lang='lat' dir='ltr'>Diversum</span> <span class='ocrx_word' id='word_1_42' title='bbox 555 1263 688 1330; x_wconf 83' lang='lat' dir='ltr'>conhrsn</span> <span class='ocrx_word' id='word_1_43' title='bbox 710 1283 812 1350; x_wconf 82' lang='lat' dir='ltr'>genus</span> <span class='ocrx_word' id='word_1_44' title='bbox 835 1261 990 1350; x_wconf 88' lang='lat' dir='ltr'>panthera</span> <span class='ocrx_word' id='word_1_45' title='bbox 1012 1261 1153 1337; x_wconf 88' lang='lat' dir='ltr'>camelo,</span> <span class='ocrx_word' id='word_1_46' title='bbox 1344 1264 1412 1328; x_wconf 61' lang='grc' dir='ltr'>Ι195</span> 
     </span>
    </p>
   </div>
   <div class='ocr_carea' id='block_1_3' title="bbox 317 1488 1418 4316">
    <p class='ocr_par' dir='ltr' id='par_1_8' title="bbox 317 1488 1414 2000">
     <span class='ocr_line' id='line_1_9' title="bbox 317 1488 1409 1554; baseline 0 -12"><span class='ocrx_word' id='word_1_47' title='bbox 317 1489 521 1542; x_wconf 84' lang='lat' dir='ltr'>Incredibilibus</span> <span class='ocrx_word' id='word_1_48' title='bbox 534 1491 693 1540; x_wconf 87' lang='lat' dir='ltr'>coniecturis</span> <span class='ocrx_word' id='word_1_49' title='bbox 710 1489 844 1552; x_wconf 63' lang='lat' dir='ltr'>(inmotos,</span> <span class='ocrx_word' id='word_1_50' title='bbox 881 1488 962 1547; x_wconf 83' lang='lat' dir='ltr'>adeo¹</span> <span class='ocrx_word' id='word_1_51' title='bbox 982 1491 1011 1540; x_wconf 92' lang='lat' dir='ltr'>ut</span> <span class='ocrx_word' id='word_1_52' title='bbox 1022 1489 1085 1540; x_wconf 88' lang='lat' dir='ltr'>nihil</span> <span class='ocrx_word' id='word_1_53' title='bbox 1098 1488 1199 1552; x_wconf 84' lang='lat' dir='ltr'>obstet,</span> <span class='ocrx_word' id='word_1_54' title='bbox 1216 1503 1269 1554; x_wconf 92' lang='lat' dir='ltr'>quo</span> <span class='ocrx_word' id='word_1_55' title='bbox 1282 1491 1371 1543; x_wconf 86' lang='lat' dir='ltr'>minus</span> <span class='ocrx_word' id='word_1_56' title='bbox 1382 1507 1409 1542; x_wconf 85' lang='lat' dir='ltr'>v.</span> 
     </span>
     <span class='ocr_line' id='line_1_10' title="bbox 319 1563 1414 1628; baseline 0.001 -13"><span class='ocrx_word' id='word_1_57' title='bbox 319 1567 438 1625; x_wconf 82' lang='lat' dir='ltr'>lacertos,</span> <span class='ocrx_word' id='word_1_58' title='bbox 457 1565 491 1614; x_wconf 80' lang='lat' dir='ltr'>nd</span> <span class='ocrx_word' id='word_1_59' title='bbox 506 1565 613 1614; x_wconf 72' lang='lat' dir='ltr'>inmotos</span> <span class='ocrx_word' id='word_1_60' title='bbox 628 1564 711 1613; x_wconf 81' lang='lat' dir='ltr'>ccutm</span> <span class='ocrx_word' id='word_1_61' title='bbox 726 1563 753 1612; x_wconf 87' lang='lat' dir='ltr'>in</span> <span class='ocrx_word' id='word_1_62' title='bbox 770 1577 794 1626; x_wconf 76' lang='lat' dir='ltr'>p.</span> <span class='ocrx_word' id='word_1_63' title='bbox 806 1577 844 1623; x_wconf 85' lang='lat' dir='ltr'>o.,</span> <span class='ocrx_word' id='word_1_64' title='bbox 880 1563 980 1628; x_wconf 75' lang='lat' dir='ltr'>[aptum</span> <span class='ocrx_word' id='word_1_65' title='bbox 996 1565 1104 1628; x_wconf 88' lang='lat' dir='ltr'>proprie</span> <span class='ocrx_word' id='word_1_66' title='bbox 1117 1563 1290 1628; x_wconf 84' lang='lat' dir='ltr'>explicemus.</span> <span class='ocrx_word' id='word_1_67' title='bbox 1312 1563 1359 1614; x_wconf 70' lang='lat' dir='ltr'>iiiii</span> <span class='ocrx_word' id='word_1_68' title='bbox 1372 1567 1414 1616; x_wconf 80' lang='lat' dir='ltr'>ta-</span> 
     </span>
     <span class='ocr_line' id='line_1_11' title="bbox 320 1636 1413 1704; baseline 0.001 -15"><span class='ocrx_word' id='word_1_69' title='bbox 320 1642 354 1690; x_wconf 86' lang='lat' dir='ltr'>ud</span> <span class='ocrx_word' id='word_1_70' title='bbox 376 1639 482 1688; x_wconf 80' lang='lat' dir='ltr'>intortos</span> <span class='ocrx_word' id='word_1_71' title='bbox 498 1639 581 1688; x_wconf 72' lang='lat' dir='ltr'>certos</span> <span class='ocrx_word' id='word_1_72' title='bbox 596 1639 623 1687; x_wconf 85' lang='lat' dir='ltr'>in</span> <span class='ocrx_word' id='word_1_73' title='bbox 639 1653 665 1701; x_wconf 78' lang='lat' dir='ltr'>p.</span> <span class='ocrx_word' id='word_1_74' title='bbox 683 1637 720 1700; x_wconf 84' lang='grc' dir='ltr'>υ.)</span> <span class='ocrx_word' id='word_1_75' title='bbox 738 1636 845 1700; x_wconf 80' lang='lat' dir='ltr'>elegans</span> <span class='ocrx_word' id='word_1_76' title='bbox 883 1651 944 1690; x_wconf 87' lang='lat' dir='ltr'>men</span> <span class='ocrx_word' id='word_1_77' title='bbox 963 1640 1182 1703; x_wconf 86' lang='lat' dir='ltr'>interpretantur:</span> <span class='ocrx_word' id='word_1_78' title='bbox 1205 1637 1343 1690; x_wconf 77' lang='lat' dir='ltr'>«celer-iter</span> <span class='ocrx_word' id='word_1_79' title='bbox 1359 1653 1413 1704; x_wconf 86' lang='lat' dir='ltr'>per</span> 
     </span>
     <span class='ocr_line' id='line_1_12' title="bbox 320 1712 1413 1778; baseline 0.001 -13"><span class='ocrx_word' id='word_1_80' title='bbox 320 1718 400 1778; x_wconf 89' lang='lat' dir='ltr'>atque</span> <span class='ocrx_word' id='word_1_81' title='bbox 426 1727 490 1765; x_wconf 89' lang='lat' dir='ltr'>sane</span> <span class='ocrx_word' id='word_1_82' title='bbox 517 1714 684 1777; x_wconf 86' lang='lat' dir='ltr'>aptissimum</span> <span class='ocrx_word' id='word_1_83' title='bbox 713 1712 846 1763; x_wconf 74' lang='grc' dir='ltr'>ἐπίθετον</span> <span class='ocrx_word' id='word_1_84' title='bbox 883 1727 992 1764; x_wconf 86' lang='lat' dir='ltr'>scenam</span> <span class='ocrx_word' id='word_1_85' title='bbox 1017 1713 1286 1778; x_wconf 59' lang='lat' dir='ltr'>praetermeantem»</span> <span class='ocrx_word' id='word_1_86' title='bbox 1313 1716 1342 1764; x_wconf 91' lang='lat' dir='ltr'>ut</span> <span class='ocrx_word' id='word_1_87' title='bbox 1368 1719 1413 1766; x_wconf 83' lang='lat' dir='ltr'>est</span> 
     </span>
     <span class='ocr_line' id='line_1_13' title="bbox 319 1787 1414 1854; baseline -0.001 -13"><span class='ocrx_word' id='word_1_88' title='bbox 319 1789 455 1841; x_wconf 89' lang='lat' dir='ltr'>eliminare</span> <span class='ocrx_word' id='word_1_89' title='bbox 473 1789 561 1838; x_wconf 88' lang='lat' dir='ltr'>conati</span> <span class='ocrx_word' id='word_1_90' title='bbox 576 1790 638 1838; x_wconf 91' lang='lat' dir='ltr'>sunt</span> <span class='ocrx_word' id='word_1_91' title='bbox 649 1788 746 1838; x_wconf 89' lang='lat' dir='ltr'>Critici.</span> <span class='ocrx_word' id='word_1_92' title='bbox 767 1787 846 1850; x_wconf 81' lang='lat' dir='ltr'>(Con-</span> <span class='ocrx_word' id='word_1_93' title='bbox 883 1802 947 1840; x_wconf 86' lang='lat' dir='ltr'>sane</span> <span class='ocrx_word' id='word_1_94' title='bbox 959 1789 1030 1854; x_wconf 86' lang='lat' dir='ltr'>apud</span> <span class='ocrx_word' id='word_1_95' title='bbox 1041 1789 1112 1852; x_wconf 81' lang='lat' dir='ltr'>virg.</span> <span class='ocrx_word' id='word_1_96' title='bbox 1127 1791 1173 1839; x_wconf 90' lang='lat' dir='ltr'>Ge.</span> <span class='ocrx_word' id='word_1_97' title='bbox 1187 1789 1211 1848; x_wconf 87' lang='grc'>3,</span> <span class='ocrx_word' id='word_1_98' title='bbox 1225 1789 1287 1840; x_wconf 82' lang='lat' dir='ltr'>tot:</span> <span class='ocrx_word' id='word_1_99' title='bbox 1302 1803 1414 1852; x_wconf 78' lang='lat' dir='ltr'>acerque</span> 
     </span>
     <span class='ocr_line' id='line_1_14' title="bbox 319 1861 1411 1927; baseline -0.001 -12"><span class='ocrx_word' id='word_1_100' title='bbox 319 1868 449 1916; x_wconf 87' lang='lat' dir='ltr'>iacturam</span> <span class='ocrx_word' id='word_1_101' title='bbox 476 1877 553 1914; x_wconf 92' lang='lat' dir='ltr'>suam</span> <span class='ocrx_word' id='word_1_102' title='bbox 578 1863 693 1927; x_wconf 80' lang='lat' dir='ltr'>inprotos</span> <span class='ocrx_word' id='word_1_103' title='bbox 712 1861 846 1912; x_wconf 86' lang='lat' dir='ltr'>Bentleius</span> <span class='ocrx_word' id='word_1_104' title='bbox 884 1864 991 1914; x_wconf 74' lang='lat' dir='ltr'>Galeam</span> <span class='ocrx_word' id='word_1_105' title='bbox 1007 1864 1069 1914; x_wconf 68' lang='lat' dir='ltr'>&amp;tm</span> <span class='ocrx_word' id='word_1_106' title='bbox 1088 1863 1154 1927; x_wconf 71' lang='lat' dir='ltr'>mpii</span> <span class='ocrx_word' id='word_1_107' title='bbox 1173 1863 1201 1912; x_wconf 81' lang='lat' dir='ltr'>tn</span> <span class='ocrx_word' id='word_1_108' title='bbox 1217 1865 1350 1926; x_wconf 76' lang='lat' dir='ltr'>Rhodopes</span> <span class='ocrx_word' id='word_1_109' title='bbox 1366 1870 1411 1914; x_wconf 81' lang='lat' dir='ltr'>nt-</span> 
     </span>
     <span class='ocr_line' id='line_1_15' title="bbox 321 1934 1235 2000; baseline -0.005 -8"><span class='ocrx_word' id='word_1_110' title='bbox 321 1955 353 1992; x_wconf 82' lang='lat' dir='ltr'>ex</span> <span class='ocrx_word' id='word_1_111' title='bbox 371 1939 524 1990; x_wconf 74' lang='lat' dir='ltr'>Callimachi</span> <span class='ocrx_word' id='word_1_112' title='bbox 542 1939 583 1989; x_wconf 90' lang='lat' dir='ltr'>Fr.</span> <span class='ocrx_word' id='word_1_113' title='bbox 600 1939 657 1988; x_wconf 77' lang='lat' dir='ltr'>lilii.</span> <span class='ocrx_word' id='word_1_114' title='bbox 677 1937 781 1998; x_wconf 78' lang='lat' dir='ltr'>Blemi,</span> <span class='ocrx_word' id='word_1_115' title='bbox 800 1934 846 1985; x_wconf 92' lang='lat' dir='ltr'>ubi</span> <span class='ocrx_word' id='word_1_116' title='bbox 883 1952 932 2000; x_wconf 80' lang='lat' dir='ltr'>qua</span> <span class='ocrx_word' id='word_1_117' title='bbox 947 1938 973 1987; x_wconf 88' lang='lat' dir='ltr'>in</span> <span class='ocrx_word' id='word_1_118' title='bbox 990 1939 1088 1988; x_wconf 81' lang='lat' dir='ltr'>deserto</span> <span class='ocrx_word' id='word_1_119' title='bbox 1104 1938 1235 1988; x_wconf 75' lang='lat' dir='ltr'>Getarum</span> 
     </span>
    </p>

    <p class='ocr_par' dir='ltr' id='par_1_9' title="bbox 320 2008 1418 4316">
     <span class='ocr_line' id='line_1_16' title="bbox 320 2008 1411 2083; baseline -0.003 -18"><span class='ocrx_word' id='word_1_120' title='bbox 320 2015 448 2083; x_wconf 79' lang='grc' dir='ltr'><strong><em>νειαίρην</em></strong></span> <span class='ocrx_word' id='word_1_121' title='bbox 465 2008 626 2082; x_wconf 77' lang='grc' dir='ltr'><em>ἀχάριστον</em></span> <span class='ocrx_word' id='word_1_122' title='bbox 642 2014 720 2076; x_wconf 79' lang='lat' dir='ltr'>poeta</span> <span class='ocrx_word' id='word_1_123' title='bbox 738 2010 848 2075; x_wconf 89' lang='lat' dir='ltr'>opponit</span> <span class='ocrx_word' id='word_1_124' title='bbox 918 2011 1038 2062; x_wconf 72' lang='lat' dir='ltr'>tot-itia.</span> <span class='ocrx_word' id='word_1_125' title='bbox 1061 2013 1125 2062; x_wconf 76' lang='lat' dir='ltr'>Mon</span> <span class='ocrx_word' id='word_1_126' title='bbox 1139 2013 1202 2076; x_wconf 82' lang='lat' dir='ltr'>cet]</span> <span class='ocrx_word' id='word_1_127' title='bbox 1222 2015 1299 2063; x_wconf 70' lang='lat' dir='ltr'>«Post</span> <span class='ocrx_word' id='word_1_128' title='bbox 1316 2011 1411 2076; x_wconf 86' lang='lat' dir='ltr'>proelii</span> 
     </span>
     <span class='ocr_line' id='line_1_17' title="bbox 320 2083 1412 2151; baseline -0.001 -12"><span class='ocrx_word' id='word_1_129' title='bbox 320 2094 385 2151; x_wconf 73' lang='grc' dir='ltr'>ταῖς</span> <span class='ocrx_word' id='word_1_130' title='bbox 400 2083 537 2150; x_wconf 80' lang='grc' dir='ltr'>ἅκουαῖς,</span> <span class='ocrx_word' id='word_1_131' title='bbox 561 2088 668 2137; x_wconf 85' lang='lat' dir='ltr'>firmare</span> <span class='ocrx_word' id='word_1_132' title='bbox 686 2089 782 2138; x_wconf 79' lang='lat' dir='ltr'>frustm</span> <span class='ocrx_word' id='word_1_133' title='bbox 800 2100 847 2136; x_wconf 92' lang='lat' dir='ltr'>co·</span> <span class='ocrx_word' id='word_1_134' title='bbox 884 2086 1056 2138; x_wconf 87' lang='lat' dir='ltr'>simulacrum</span> <span class='ocrx_word' id='word_1_135' title='bbox 1066 2085 1215 2150; x_wconf 88' lang='lat' dir='ltr'>triumphus</span> <span class='ocrx_word' id='word_1_136' title='bbox 1224 2087 1342 2150; x_wconf 78' lang='lat' dir='ltr'>agliurin</span> <span class='ocrx_word' id='word_1_137' title='bbox 1352 2099 1412 2138; x_wconf 87' lang='lat' dir='ltr'>sce-</span> 
     </span>
     <span class='ocr_line' id='line_1_18' title="bbox 322 2161 1411 2226; baseline -0.003 -11"><span class='ocrx_word' id='word_1_138' title='bbox 322 2165 418 2224; x_wconf 82' lang='lat' dir='ltr'>natur.)</span> <span class='ocrx_word' id='word_1_139' title='bbox 439 2191 464 2199; x_wconf 87' lang='lat'>-</span> <span class='ocrx_word' id='word_1_140' title='bbox 491 2164 585 2212; x_wconf 77' lang='lat' dir='ltr'>nutam</span> <span class='ocrx_word' id='word_1_141' title='bbox 606 2161 764 2226; x_wconf 74' lang='lat' dir='ltr'>precantur]</span> <span class='ocrx_word' id='word_1_142' title='bbox 792 2162 847 2212; x_wconf 72' lang='lat' dir='ltr'>eEa</span> <span class='ocrx_word' id='word_1_143' title='bbox 885 2163 1028 2212; x_wconf 57' lang='lat' dir='ltr'>neminen.</span> <span class='ocrx_word' id='word_1_144' title='bbox 1043 2189 1069 2198; x_wconf 91' lang='lat'><em>-</em></span> <span class='ocrx_word' id='word_1_145' title='bbox 1083 2161 1202 2224; x_wconf 77' lang='lat' dir='ltr'>trahitur]</span> <span class='ocrx_word' id='word_1_146' title='bbox 1214 2161 1316 2212; x_wconf 84' lang='lat' dir='ltr'>Eodem</span> <span class='ocrx_word' id='word_1_147' title='bbox 1324 2162 1411 2212; x_wconf 88' lang='lat' dir='ltr'>verbo</span> 
     </span>
     <span class='ocr_line' id='line_1_19' title="bbox 321 2235 1412 2300; baseline -0.002 -12"><span class='ocrx_word' id='word_1_148' title='bbox 321 2236 414 2288; x_wconf 89' lang='lat' dir='ltr'>aulaea</span> <span class='ocrx_word' id='word_1_149' title='bbox 444 2235 639 2298; x_wconf 81' lang='lat' dir='ltr'>significantur,</span> <span class='ocrx_word' id='word_1_150' title='bbox 674 2249 743 2298; x_wconf 88' lang='lat' dir='ltr'>quae</span> <span class='ocrx_word' id='word_1_151' title='bbox 772 2238 848 2286; x_wconf 85' lang='lat' dir='ltr'>erant</span> <span class='ocrx_word' id='word_1_152' title='bbox 885 2235 918 2286; x_wconf 89' lang='lat' dir='ltr'>de</span> <span class='ocrx_word' id='word_1_153' title='bbox 937 2236 1047 2299; x_wconf 85' lang='lat' dir='ltr'>captivis</span> <span class='ocrx_word' id='word_1_154' title='bbox 1064 2247 1113 2299; x_wconf 88' lang='lat' dir='ltr'>per</span> <span class='ocrx_word' id='word_1_155' title='bbox 1129 2237 1295 2300; x_wconf 90' lang='lat' dir='ltr'>triumphum</span> <span class='ocrx_word' id='word_1_156' title='bbox 1312 2236 1412 2287; x_wconf 90' lang='lat' dir='ltr'>ducen-</span> 
     </span>
     <span class='ocr_line' id='line_1_20' title="bbox 321 2309 1409 2392; baseline -0.002 -30"><span class='ocrx_word' id='word_1_157' title='bbox 321 2315 382 2362; x_wconf 89' lang='lat' dir='ltr'>ante</span> <span class='ocrx_word' id='word_1_158' title='bbox 409 2310 579 2373; x_wconf 85' lang='lat' dir='ltr'>proscenium</span> <span class='ocrx_word' id='word_1_159' title='bbox 607 2313 634 2358; x_wconf 93' lang='lat' dir='ltr'>et</span> <span class='ocrx_word' id='word_1_160' title='bbox 658 2311 846 2392; x_wconf 61' lang='lat' dir='ltr'>pronoquntur,</span> <span class='ocrx_word' id='word_1_161' title='bbox 885 2310 926 2360; x_wconf 87' lang='lat' dir='ltr'>dis</span> <span class='ocrx_word' id='word_1_162' title='bbox 952 2321 1016 2360; x_wconf 87' lang='lat' dir='ltr'>usus</span> <span class='ocrx_word' id='word_1_163' title='bbox 1041 2312 1083 2360; x_wconf 87' lang='lat' dir='ltr'>est</span> <span class='ocrx_word' id='word_1_164' title='bbox 1104 2311 1184 2360; x_wconf 89' lang='lat' dir='ltr'>etiem</span> <span class='ocrx_word' id='word_1_165' title='bbox 1202 2310 1296 2372; x_wconf 81' lang='lat' dir='ltr'>Odi,</span> <span class='ocrx_word' id='word_1_166' title='bbox 1314 2311 1343 2370; x_wconf 61' lang='grc' dir='ltr'>ἲ,</span> <span class='ocrx_word' id='word_1_167' title='bbox 1362 2309 1409 2361; x_wconf 70' lang='lat' dir='ltr'>ai:</span> 
     </span>
     <span class='ocr_line' id='line_1_21' title="bbox 322 2380 1413 2449; baseline 0 -13"><span class='ocrx_word' id='word_1_168' title='bbox 322 2387 373 2436; x_wconf 91' lang='lat' dir='ltr'>hoc</span> <span class='ocrx_word' id='word_1_169' title='bbox 385 2385 435 2442; x_wconf 87' lang='lat' dir='ltr'>est,</span> <span class='ocrx_word' id='word_1_170' title='bbox 455 2395 487 2432; x_wconf 79' lang='lat' dir='ltr'>ea</span> <span class='ocrx_word' id='word_1_171' title='bbox 500 2380 552 2432; x_wconf 93' lang='lat' dir='ltr'>alto</span> <span class='ocrx_word' id='word_1_172' title='bbox 565 2381 783 2444; x_wconf 86' lang='lat' dir='ltr'>demittebantur,</span> <span class='ocrx_word' id='word_1_173' title='bbox 802 2383 846 2444; x_wconf 90' lang='lat' dir='ltr'>ita,</span> <span class='ocrx_word' id='word_1_174' title='bbox 885 2385 1034 2446; x_wconf 78' lang='lat' dir='ltr'>quandoque</span> <span class='ocrx_word' id='word_1_175' title='bbox 1049 2385 1130 2434; x_wconf 78' lang='lat' dir='ltr'>trabat</span> <span class='ocrx_word' id='word_1_176' title='bbox 1148 2385 1298 2449; x_wconf 76' lang='lat' dir='ltr'>(augustus)</span> <span class='ocrx_word' id='word_1_177' title='bbox 1318 2387 1413 2449; x_wconf 65' lang='lat' dir='ltr'>[noem</span> 
     </span>
     <span class='ocr_line' id='line_1_22' title="bbox 323 2457 1410 2524; baseline 0 -14"><span class='ocrx_word' id='word_1_178' title='bbox 323 2464 352 2510; x_wconf 93' lang='lat' dir='ltr'>ut</span> <span class='ocrx_word' id='word_1_179' title='bbox 369 2457 496 2522; x_wconf 82' lang='lat' dir='ltr'>quamdiu</span> <span class='ocrx_word' id='word_1_180' title='bbox 514 2457 539 2506; x_wconf 91' lang='lat' dir='ltr'>in</span> <span class='ocrx_word' id='word_1_181' title='bbox 556 2469 636 2507; x_wconf 88' lang='lat' dir='ltr'>scena</span> <span class='ocrx_word' id='word_1_182' title='bbox 648 2459 781 2520; x_wconf 79' lang='lat' dir='ltr'>ageretur,</span> <span class='ocrx_word' id='word_1_183' title='bbox 800 2458 849 2508; x_wconf 93' lang='lat' dir='ltr'>hu·</span> <span class='ocrx_word' id='word_1_184' title='bbox 884 2459 930 2507; x_wconf 86' lang='lat' dir='ltr'>Per</span> <span class='ocrx_word' id='word_1_185' title='bbox 946 2458 1149 2508; x_wconf 76' lang='lat' dir='ltr'>encrmnclioum</span> <span class='ocrx_word' id='word_1_186' title='bbox 1160 2485 1198 2497; x_wconf 85' lang='lat'>·-</span> <span class='ocrx_word' id='word_1_187' title='bbox 1209 2460 1410 2524; x_wconf 70' lang='lat' dir='ltr'>siopomenon.-</span> 
     </span>
     <span class='ocr_line' id='line_1_23' title="bbox 322 2530 1410 2597; baseline 0 -13"><span class='ocrx_word' id='word_1_188' title='bbox 322 2534 503 2590; x_wconf 67' lang='lat' dir='ltr'>mitescerent,</span> <span class='ocrx_word' id='word_1_189' title='bbox 516 2530 785 2594; x_wconf 85' lang='lat' dir='ltr'>tollebanturautem‚</span> <span class='ocrx_word' id='word_1_190' title='bbox 796 2533 848 2582; x_wconf 89' lang='lat' dir='ltr'>hoo</span> <span class='ocrx_word' id='word_1_191' title='bbox 884 2531 1000 2582; x_wconf 73' lang='lat' dir='ltr'>menthae</span> <span class='ocrx_word' id='word_1_192' title='bbox 1010 2557 1019 2570; x_wconf 93' lang='lat'><em>·</em></span> <span class='ocrx_word' id='word_1_193' title='bbox 1028 2558 1040 2568; x_wconf 98' lang='lat'>-</span> <span class='ocrx_word' id='word_1_194' title='bbox 1050 2534 1165 2597; x_wconf 73' lang='lat' dir='ltr'>roteriis]</span> <span class='ocrx_word' id='word_1_195' title='bbox 1182 2533 1220 2584; x_wconf 86' lang='lat' dir='ltr'>Ci.</span> <span class='ocrx_word' id='word_1_196' title='bbox 1232 2535 1282 2584; x_wconf 89' lang='lat' dir='ltr'>Od.</span> <span class='ocrx_word' id='word_1_197' title='bbox 1292 2535 1317 2596; x_wconf 84' lang='lat'>3,</span> <span class='ocrx_word' id='word_1_198' title='bbox 1327 2537 1352 2596; x_wconf 82' lang='lat' dir='ltr'>b,</span> <span class='ocrx_word' id='word_1_199' title='bbox 1361 2537 1410 2586; x_wconf 64' lang='grc' dir='ltr'>Ὧι</span> 
     </span>
     <span class='ocr_line' id='line_1_24' title="bbox 323 2606 1413 2670; baseline 0.003 -12"><span class='ocrx_word' id='word_1_200' title='bbox 323 2611 376 2670; x_wconf 88' lang='lat' dir='ltr'>est,</span> <span class='ocrx_word' id='word_1_201' title='bbox 396 2609 422 2658; x_wconf 91' lang='lat' dir='ltr'>ln</span> <span class='ocrx_word' id='word_1_202' title='bbox 438 2606 520 2658; x_wconf 89' lang='lat' dir='ltr'>altum</span> <span class='ocrx_word' id='word_1_203' title='bbox 539 2607 726 2669; x_wconf 83' lang='lat' dir='ltr'>trahebantur,</span> <span class='ocrx_word' id='word_1_204' title='bbox 746 2610 775 2657; x_wconf 91' lang='lat' dir='ltr'>ut</span> <span class='ocrx_word' id='word_1_205' title='bbox 791 2620 848 2658; x_wconf 87' lang='lat' dir='ltr'>ace-</span> <span class='ocrx_word' id='word_1_206' title='bbox 885 2609 987 2658; x_wconf 83' lang='lat' dir='ltr'>itetortc</span> <span class='ocrx_word' id='word_1_207' title='bbox 1008 2612 1077 2670; x_wconf 81' lang='lat' dir='ltr'>tarpo</span> <span class='ocrx_word' id='word_1_208' title='bbox 1097 2607 1200 2658; x_wconf 81' lang='lat' dir='ltr'>brachio</span> <span class='ocrx_word' id='word_1_209' title='bbox 1216 2608 1302 2659; x_wconf 81' lang='lat' dir='ltr'>libero.</span> <span class='ocrx_word' id='word_1_210' title='bbox 1321 2633 1349 2646; x_wconf 89' lang='lat'><em>-</em></span> <span class='ocrx_word' id='word_1_211' title='bbox 1367 2625 1413 2661; x_wconf 75' lang='lat' dir='ltr'>ra-</span> 
     </span>
     <span class='ocr_line' id='line_1_25' title="bbox 323 2681 1411 2748; baseline 0 -14"><span class='ocrx_word' id='word_1_212' title='bbox 323 2696 386 2734; x_wconf 88' lang='lat' dir='ltr'>nam</span> <span class='ocrx_word' id='word_1_213' title='bbox 403 2681 570 2732; x_wconf 86' lang='lat' dir='ltr'>obducerent</span> <span class='ocrx_word' id='word_1_214' title='bbox 581 2681 667 2732; x_wconf 90' lang='lat' dir='ltr'>tabula</span> <span class='ocrx_word' id='word_1_215' title='bbox 680 2683 761 2732; x_wconf 87' lang='lat' dir='ltr'>linita.</span> <span class='ocrx_word' id='word_1_216' title='bbox 781 2683 848 2732; x_wconf 87' lang='lat' dir='ltr'>Voss</span> <span class='ocrx_word' id='word_1_217' title='bbox 884 2697 945 2748; x_wconf 76' lang='lat' dir='ltr'>pum</span> <span class='ocrx_word' id='word_1_218' title='bbox 960 2681 1073 2746; x_wconf 72' lang='lat' dir='ltr'>[miano]</span> <span class='ocrx_word' id='word_1_219' title='bbox 1091 2693 1190 2746; x_wconf 70' lang='lat' dir='ltr'>eroges</span> <span class='ocrx_word' id='word_1_220' title='bbox 1201 2682 1264 2733; x_wconf 90' lang='lat' dir='ltr'>olim</span> <span class='ocrx_word' id='word_1_221' title='bbox 1276 2683 1411 2744; x_wconf 90' lang='lat' dir='ltr'>iortunati,</span> 
     </span>
     <span class='ocr_line' id='line_1_26' title="bbox 323 2757 1412 2822; baseline 0 -14"><span class='ocrx_word' id='word_1_222' title='bbox 323 2759 357 2808; x_wconf 90' lang='lat' dir='ltr'>ad</span> <span class='ocrx_word' id='word_1_223' title='bbox 375 2759 470 2819; x_wconf 79' lang='lat' dir='ltr'>Georg.</span> <span class='ocrx_word' id='word_1_224' title='bbox 490 2757 519 2817; x_wconf 87' lang='grc'>3,</span> <span class='ocrx_word' id='word_1_225' title='bbox 536 2758 601 2806; x_wconf 70' lang='lat' dir='ltr'>ab.»</span> <span class='ocrx_word' id='word_1_226' title='bbox 625 2757 728 2806; x_wconf 74' lang='lat' dir='ltr'>branna.</span> <span class='ocrx_word' id='word_1_227' title='bbox 757 2757 849 2820; x_wconf 77' lang='lat' dir='ltr'>«Sipa-</span> <span class='ocrx_word' id='word_1_228' title='bbox 886 2773 958 2811; x_wconf 91' lang='lat' dir='ltr'>nunc</span> <span class='ocrx_word' id='word_1_229' title='bbox 975 2757 1256 2822; x_wconf 66' lang='lat' dir='ltr'>captivis-Beseda]</span> <span class='ocrx_word' id='word_1_230' title='bbox 1275 2759 1412 2810; x_wconf 66' lang='lat' dir='ltr'>trebicula</span> 
     </span>
     <span class='ocr_line' id='line_1_27' title="bbox 323 2831 1413 2898; baseline 0.002 -16"><span class='ocrx_word' id='word_1_231' title='bbox 323 2836 393 2884; x_wconf 86' lang='lat' dir='ltr'>rium</span> <span class='ocrx_word' id='word_1_232' title='bbox 427 2834 530 2890; x_wconf 87' lang='lat' dir='ltr'>autem,</span> <span class='ocrx_word' id='word_1_233' title='bbox 572 2832 709 2881; x_wconf 89' lang='lat' dir='ltr'>mimicum</span> <span class='ocrx_word' id='word_1_234' title='bbox 744 2831 847 2892; x_wconf 87' lang='lat' dir='ltr'>velum,</span> <span class='ocrx_word' id='word_1_235' title='bbox 886 2832 1007 2896; x_wconf 77' lang='lat' dir='ltr'>eaetgia</span> <span class='ocrx_word' id='word_1_236' title='bbox 1033 2833 1149 2896; x_wconf 90' lang='lat' dir='ltr'>primum</span> <span class='ocrx_word' id='word_1_237' title='bbox 1169 2835 1287 2897; x_wconf 86' lang='lat' dir='ltr'>reperta,</span> <span class='ocrx_word' id='word_1_238' title='bbox 1315 2833 1413 2898; x_wconf 81' lang='lat' dir='ltr'>qulbus</span> 
     </span>
     <span class='ocr_line' id='line_1_28' title="bbox 323 2905 1414 2973; baseline 0.001 -17"><span class='ocrx_word' id='word_1_239' title='bbox 323 2905 485 2966; x_wconf 86' lang='lat' dir='ltr'>obsistebat,</span> <span class='ocrx_word' id='word_1_240' title='bbox 513 2906 577 2956; x_wconf 89' lang='lat' dir='ltr'>dum</span> <span class='ocrx_word' id='word_1_241' title='bbox 601 2905 751 2956; x_wconf 76' lang='lat' dir='ltr'>tabularum</span> <span class='ocrx_word' id='word_1_242' title='bbox 774 2911 849 2956; x_wconf 90' lang='lat' dir='ltr'>actus</span> <span class='ocrx_word' id='word_1_243' title='bbox 887 2909 969 2960; x_wconf 85' lang='lat' dir='ltr'>ceteri</span> <span class='ocrx_word' id='word_1_244' title='bbox 982 2905 1046 2957; x_wconf 86' lang='lat' dir='ltr'>Galli</span> <span class='ocrx_word' id='word_1_245' title='bbox 1057 2909 1138 2970; x_wconf 85' lang='lat' dir='ltr'>atque</span> <span class='ocrx_word' id='word_1_246' title='bbox 1150 2909 1267 2958; x_wconf 86' lang='lat' dir='ltr'>Britanni</span> <span class='ocrx_word' id='word_1_247' title='bbox 1279 2909 1305 2958; x_wconf 94' lang='lat' dir='ltr'>ln</span> <span class='ocrx_word' id='word_1_248' title='bbox 1318 2909 1414 2973; x_wconf 77' lang='lat' dir='ltr'>pugnis</span> 
     </span>
     <span class='ocr_line' id='line_1_29' title="bbox 323 2980 1412 3047; baseline 0.003 -16"><span class='ocrx_word' id='word_1_249' title='bbox 323 2980 583 3032; x_wconf 84' lang='lat' dir='ltr'>commutabantur.·</span> <span class='ocrx_word' id='word_1_250' title='bbox 612 2980 702 3032; x_wconf 79' lang='lat' dir='ltr'>arbeit.</span> <span class='ocrx_word' id='word_1_251' title='bbox 720 2981 754 3032; x_wconf 91' lang='lat' dir='ltr'>de</span> <span class='ocrx_word' id='word_1_252' title='bbox 771 2985 847 3046; x_wconf 79' lang='lat' dir='ltr'>Trag.</span> <span class='ocrx_word' id='word_1_253' title='bbox 886 2982 1057 3034; x_wconf 80' lang='lat' dir='ltr'>utebantur.»</span> <span class='ocrx_word' id='word_1_254' title='bbox 1090 2982 1200 3033; x_wconf 87' lang='lat' dir='ltr'>Duabus</span> <span class='ocrx_word' id='word_1_255' title='bbox 1211 2985 1277 3034; x_wconf 85' lang='lat' dir='ltr'>rotis</span> <span class='ocrx_word' id='word_1_256' title='bbox 1289 2984 1412 3047; x_wconf 88' lang='lat' dir='ltr'>imposita</span> 
     </span>
     <span class='ocr_line' id='line_1_30' title="bbox 325 3055 1415 3122; baseline 0.001 -15"><span class='ocrx_word' id='word_1_257' title='bbox 325 3058 352 3108; x_wconf 88' lang='lat' dir='ltr'>et</span> <span class='ocrx_word' id='word_1_258' title='bbox 375 3055 506 3106; x_wconf 86' lang='lat' dir='ltr'>Comoed.</span> <span class='ocrx_word' id='word_1_259' title='bbox 534 3068 560 3119; x_wconf 88' lang='lat' dir='ltr'>p.</span> <span class='ocrx_word' id='word_1_260' title='bbox 583 3055 694 3105; x_wconf 86' lang='lat' dir='ltr'>lllllllil.</span> <span class='ocrx_word' id='word_1_261' title='bbox 722 3058 769 3107; x_wconf 87' lang='lat' dir='ltr'>Ed.</span> <span class='ocrx_word' id='word_1_262' title='bbox 798 3059 850 3107; x_wconf 87' lang='lat' dir='ltr'>Te·</span> <span class='ocrx_word' id='word_1_263' title='bbox 887 3063 945 3110; x_wconf 86' lang='lat' dir='ltr'>erat</span> <span class='ocrx_word' id='word_1_264' title='bbox 962 3057 1025 3108; x_wconf 93' lang='lat' dir='ltr'>sellu</span> <span class='ocrx_word' id='word_1_265' title='bbox 1043 3060 1150 3122; x_wconf 87' lang='lat' dir='ltr'>aperta,</span> <span class='ocrx_word' id='word_1_266' title='bbox 1174 3058 1200 3109; x_wconf 90' lang='lat' dir='ltr'>in</span> <span class='ocrx_word' id='word_1_267' title='bbox 1223 3057 1367 3122; x_wconf 87' lang='lat' dir='ltr'>quamlles</span> <span class='ocrx_word' id='word_1_268' title='bbox 1385 3061 1415 3108; x_wconf 91' lang='lat' dir='ltr'>et</span> 
     </span>
     <span class='ocr_line' id='line_1_31' title="bbox 325 3129 1412 3198; baseline 0.003 -19"><span class='ocrx_word' id='word_1_269' title='bbox 325 3129 585 3180; x_wconf 74' lang='lat' dir='ltr'>rent.1.ond.lilt⁰.</span> <span class='ocrx_word' id='word_1_270' title='bbox 616 3130 689 3180; x_wconf 91' lang='lat' dir='ltr'>Coni.</span> <span class='ocrx_word' id='word_1_271' title='bbox 706 3134 736 3181; x_wconf 80' lang='grc' dir='ltr'>Α.</span> <span class='ocrx_word' id='word_1_272' title='bbox 750 3134 777 3181; x_wconf 88' lang='grc' dir='ltr'>Ρ.</span> <span class='ocrx_word' id='word_1_273' title='bbox 791 3131 847 3183; x_wconf 79' lang='lat' dir='ltr'>toi.</span> <span class='ocrx_word' id='word_1_274' title='bbox 886 3134 975 3196; x_wconf 80' lang='lat' dir='ltr'>auriga</span> <span class='ocrx_word' id='word_1_275' title='bbox 989 3131 1267 3194; x_wconf 79' lang='lat' dir='ltr'>sedebat-pilenta,</span> <span class='ocrx_word' id='word_1_276' title='bbox 1277 3131 1412 3198; x_wconf 64' lang='lat' dir='ltr'>pamelio]</span> 
     </span>
     <span class='ocr_line' id='line_1_32' title="bbox 326 3203 1412 3269; baseline 0.002 -15"><span class='ocrx_word' id='word_1_277' title='bbox 326 3205 381 3254; x_wconf 90' lang='lat' dir='ltr'>llcc</span> <span class='ocrx_word' id='word_1_278' title='bbox 403 3204 481 3267; x_wconf 80' lang='lat' dir='ltr'>igitur</span> <span class='ocrx_word' id='word_1_279' title='bbox 507 3203 586 3253; x_wconf 87' lang='lat' dir='ltr'>dicii:</span> <span class='ocrx_word' id='word_1_280' title='bbox 615 3205 661 3254; x_wconf 69' lang='lat' dir='ltr'>«ln</span> <span class='ocrx_word' id='word_1_281' title='bbox 686 3217 738 3255; x_wconf 89' lang='lat' dir='ltr'>una</span> <span class='ocrx_word' id='word_1_282' title='bbox 762 3205 850 3256; x_wconf 85' lang='lat' dir='ltr'>labala</span> <span class='ocrx_word' id='word_1_283' title='bbox 888 3207 1033 3266; x_wconf 83' lang='lat' dir='ltr'>Pilentum,</span> <span class='ocrx_word' id='word_1_284' title='bbox 1059 3205 1174 3256; x_wconf 87' lang='lat' dir='ltr'>vehiculi</span> <span class='ocrx_word' id='word_1_285' title='bbox 1199 3219 1284 3269; x_wconf 82' lang='lat' dir='ltr'>genus</span> <span class='ocrx_word' id='word_1_286' title='bbox 1301 3209 1412 3266; x_wconf 87' lang='lat' dir='ltr'>tectum,</span> 
     </span>
     <span class='ocr_line' id='line_1_33' title="bbox 325 3278 1415 3345; baseline 0.004 -18"><span class='ocrx_word' id='word_1_287' title='bbox 325 3279 428 3340; x_wconf 82' lang='lat' dir='ltr'>agenda</span> <span class='ocrx_word' id='word_1_288' title='bbox 457 3281 584 3341; x_wconf 87' lang='lat' dir='ltr'>quattuor</span> <span class='ocrx_word' id='word_1_289' title='bbox 609 3282 655 3328; x_wconf 89' lang='lat' dir='ltr'>aut</span> <span class='ocrx_word' id='word_1_290' title='bbox 682 3278 772 3343; x_wconf 89' lang='lat' dir='ltr'>plures</span> <span class='ocrx_word' id='word_1_291' title='bbox 801 3282 851 3331; x_wconf 94' lang='lat' dir='ltr'>ho·</span> <span class='ocrx_word' id='word_1_292' title='bbox 889 3295 943 3345; x_wconf 90' lang='lat' dir='ltr'>quo</span> <span class='ocrx_word' id='word_1_293' title='bbox 955 3283 1093 3332; x_wconf 86' lang='lat' dir='ltr'>matronae</span> <span class='ocrx_word' id='word_1_294' title='bbox 1106 3280 1272 3341; x_wconf 87' lang='lat' dir='ltr'>terebantur,</span> <span class='ocrx_word' id='word_1_295' title='bbox 1285 3282 1320 3331; x_wconf 87' lang='lat' dir='ltr'>ita</span> <span class='ocrx_word' id='word_1_296' title='bbox 1330 3279 1415 3331; x_wconf 87' lang='lat' dir='ltr'>libra-</span> 
     </span>
     <span class='ocr_line' id='line_1_34' title="bbox 324 3352 1415 3419; baseline 0.002 -17"><span class='ocrx_word' id='word_1_297' title='bbox 324 3365 371 3402; x_wconf 89' lang='lat' dir='ltr'>rae</span> <span class='ocrx_word' id='word_1_298' title='bbox 401 3352 533 3402; x_wconf 83' lang='lat' dir='ltr'>interdum</span> <span class='ocrx_word' id='word_1_299' title='bbox 568 3357 762 3405; x_wconf 89' lang='lat' dir='ltr'>consumuntur</span> <span class='ocrx_word' id='word_1_300' title='bbox 788 3367 852 3419; x_wconf 91' lang='lat' dir='ltr'>pro·</span> <span class='ocrx_word' id='word_1_301' title='bbox 889 3359 946 3408; x_wconf 88' lang='lat' dir='ltr'>tum</span> <span class='ocrx_word' id='word_1_302' title='bbox 963 3353 1069 3406; x_wconf 88' lang='lat' dir='ltr'>duabus</span> <span class='ocrx_word' id='word_1_303' title='bbox 1087 3355 1169 3414; x_wconf 87' lang='lat' dir='ltr'>rotie,</span> <span class='ocrx_word' id='word_1_304' title='bbox 1196 3357 1225 3404; x_wconf 88' lang='lat' dir='ltr'>ut</span> <span class='ocrx_word' id='word_1_305' title='bbox 1243 3354 1415 3406; x_wconf 81' lang='lat' dir='ltr'>considentes</span> 
     </span>
     <span class='ocr_line' id='line_1_35' title="bbox 325 3427 1416 3496; baseline 0.003 -20"><span class='ocrx_word' id='word_1_306' title='bbox 325 3430 386 3492; x_wconf 94' lang='lat' dir='ltr'>pter</span> <span class='ocrx_word' id='word_1_307' title='bbox 402 3427 488 3476; x_wconf 85' lang='lat' dir='ltr'>varias</span> <span class='ocrx_word' id='word_1_308' title='bbox 505 3441 618 3493; x_wconf 88' lang='lat' dir='ltr'>pompas</span> <span class='ocrx_word' id='word_1_309' title='bbox 630 3441 766 3492; x_wconf 78' lang='lat' dir='ltr'>pugnaeve</span> <span class='ocrx_word' id='word_1_310' title='bbox 778 3432 853 3495; x_wconf 90' lang='lat' dir='ltr'>pedi·</span> <span class='ocrx_word' id='word_1_311' title='bbox 888 3433 915 3482; x_wconf 91' lang='lat' dir='ltr'>in</span> <span class='ocrx_word' id='word_1_312' title='bbox 938 3430 1052 3496; x_wconf 86' lang='lat' dir='ltr'>pulvinis</span> <span class='ocrx_word' id='word_1_313' title='bbox 1068 3431 1095 3479; x_wconf 92' lang='lat' dir='ltr'>in</span> <span class='ocrx_word' id='word_1_314' title='bbox 1113 3435 1176 3480; x_wconf 73' lang='lat' dir='ltr'>aare</span> <span class='ocrx_word' id='word_1_315' title='bbox 1193 3441 1341 3494; x_wconf 77' lang='lat' dir='ltr'>suspensae</span> <span class='ocrx_word' id='word_1_316' title='bbox 1357 3429 1416 3492; x_wconf 77' lang='lat' dir='ltr'>agi·</span> 
     </span>
     <span class='ocr_line' id='line_1_36' title="bbox 326 3503 1415 3569; baseline -0.002 -15"><span class='ocrx_word' id='word_1_317' title='bbox 326 3507 396 3554; x_wconf 88' lang='lat' dir='ltr'>tatus</span> <span class='ocrx_word' id='word_1_318' title='bbox 415 3503 441 3551; x_wconf 89' lang='lat' dir='ltr'>et</span> <span class='ocrx_word' id='word_1_319' title='bbox 459 3504 591 3564; x_wconf 85' lang='lat' dir='ltr'>equitatus</span> <span class='ocrx_word' id='word_1_320' title='bbox 610 3505 674 3567; x_wconf 88' lang='lat' dir='ltr'>(Cic.</span> <span class='ocrx_word' id='word_1_321' title='bbox 687 3505 722 3556; x_wconf 90' lang='lat' dir='ltr'>ad</span> <span class='ocrx_word' id='word_1_322' title='bbox 739 3507 810 3558; x_wconf 86' lang='lat' dir='ltr'>Fam.</span> <span class='ocrx_word' id='word_1_323' title='bbox 825 3509 850 3566; x_wconf 80' lang='lat' dir='ltr'>t,</span> <span class='ocrx_word' id='word_1_324' title='bbox 889 3507 938 3557; x_wconf 89' lang='lat' dir='ltr'>tari</span> <span class='ocrx_word' id='word_1_325' title='bbox 955 3505 1122 3566; x_wconf 85' lang='lat' dir='ltr'>viderentur,</span> <span class='ocrx_word' id='word_1_326' title='bbox 1143 3503 1285 3555; x_wconf 85' lang='lat' dir='ltr'>dillerebat</span> <span class='ocrx_word' id='word_1_327' title='bbox 1296 3517 1312 3554; x_wconf 93' lang='lat' dir='ltr'>a</span> <span class='ocrx_word' id='word_1_328' title='bbox 1323 3505 1415 3569; x_wconf 88' lang='lat' dir='ltr'>petor-</span> 
     </span>
     <span class='ocr_line' id='line_1_37' title="bbox 326 3575 1413 3645; baseline 0.003 -15"><span class='ocrx_word' id='word_1_329' title='bbox 326 3579 360 3641; x_wconf 85' lang='lat' dir='ltr'>i.)</span> <span class='ocrx_word' id='word_1_330' title='bbox 386 3575 474 3626; x_wconf 90' lang='lat' dir='ltr'>oblata</span> <span class='ocrx_word' id='word_1_331' title='bbox 500 3579 641 3630; x_wconf 81' lang='lat' dir='ltr'>occasione</span> <span class='ocrx_word' id='word_1_332' title='bbox 671 3581 719 3645; x_wconf 89' lang='lat' dir='ltr'>ipsi</span> <span class='ocrx_word' id='word_1_333' title='bbox 746 3579 851 3632; x_wconf 87' lang='lat' dir='ltr'>tabulae</span> <span class='ocrx_word' id='word_1_334' title='bbox 889 3583 954 3642; x_wconf 88' lang='lat' dir='ltr'>rito,</span> <span class='ocrx_word' id='word_1_335' title='bbox 973 3579 1044 3643; x_wconf 91' lang='lat' dir='ltr'>qnod</span> <span class='ocrx_word' id='word_1_336' title='bbox 1057 3581 1184 3643; x_wconf 86' lang='lat' dir='ltr'>quattuor</span> <span class='ocrx_word' id='word_1_337' title='bbox 1198 3582 1271 3630; x_wconf 89' lang='lat' dir='ltr'>rotas</span> <span class='ocrx_word' id='word_1_338' title='bbox 1283 3577 1413 3633; x_wconf 83' lang='lat' dir='ltr'>habebat:</span> 
     </span>
     <span class='ocr_line' id='line_1_38' title="bbox 327 3648 1415 3720; baseline -0.002 -16"><span class='ocrx_word' id='word_1_339' title='bbox 327 3655 439 3704; x_wconf 88' lang='lat' dir='ltr'>insertas</span> <span class='ocrx_word' id='word_1_340' title='bbox 451 3667 473 3711; x_wconf 80' lang='grc' dir='ltr'>,ι</span> <span class='ocrx_word' id='word_1_341' title='bbox 500 3648 580 3700; x_wconf 86' lang='lat' dir='ltr'>veluti</span> <span class='ocrx_word' id='word_1_342' title='bbox 605 3667 667 3705; x_wconf 89' lang='lat' dir='ltr'>curn</span> <span class='ocrx_word' id='word_1_343' title='bbox 692 3657 718 3705; x_wconf 92' lang='lat' dir='ltr'>in</span> <span class='ocrx_word' id='word_1_344' title='bbox 741 3657 851 3707; x_wconf 82' lang='lat' dir='ltr'>Troasin</span> <span class='ocrx_word' id='word_1_345' title='bbox 889 3653 1018 3720; x_wconf 91' lang='lat' dir='ltr'>pilentum</span> <span class='ocrx_word' id='word_1_346' title='bbox 1035 3652 1084 3704; x_wconf 89' lang='lat' dir='ltr'>init</span> <span class='ocrx_word' id='word_1_347' title='bbox 1099 3653 1237 3704; x_wconf 85' lang='lat' dir='ltr'>inventum</span> <span class='ocrx_word' id='word_1_348' title='bbox 1254 3652 1298 3704; x_wconf 84' lang='lat' dir='ltr'>val</span> <span class='ocrx_word' id='word_1_349' title='bbox 1313 3655 1415 3704; x_wconf 83' lang='lat' dir='ltr'>Tusco-</span> 
     </span>
     <span class='ocr_line' id='line_1_39' title="bbox 327 3724 1414 3792; baseline -0.002 -14"><span class='ocrx_word' id='word_1_350' title='bbox 327 3727 420 3778; x_wconf 85' lang='lat' dir='ltr'>Graeci</span> <span class='ocrx_word' id='word_1_351' title='bbox 439 3724 567 3790; x_wconf 88' lang='lat' dir='ltr'>praedem</span> <span class='ocrx_word' id='word_1_352' title='bbox 578 3727 716 3780; x_wconf 85' lang='lat' dir='ltr'>Troianam</span> <span class='ocrx_word' id='word_1_353' title='bbox 730 3732 852 3782; x_wconf 80' lang='lat' dir='ltr'>innoves</span> <span class='ocrx_word' id='word_1_354' title='bbox 889 3743 949 3780; x_wconf 88' lang='lat' dir='ltr'>rum</span> <span class='ocrx_word' id='word_1_355' title='bbox 971 3727 1013 3778; x_wconf 84' lang='lat' dir='ltr'>vel</span> <span class='ocrx_word' id='word_1_356' title='bbox 1039 3729 1230 3792; x_wconf 77' lang='lat' dir='ltr'>hispanorum,</span> <span class='ocrx_word' id='word_1_357' title='bbox 1257 3728 1414 3791; x_wconf 87' lang='lat' dir='ltr'>petorritum</span> 
     </span>
     <span class='ocr_line' id='line_1_40' title="bbox 327 3799 1416 3866; baseline 0.001 -17"><span class='ocrx_word' id='word_1_358' title='bbox 327 3803 510 3865; x_wconf 84' lang='lat' dir='ltr'>importarent,</span> <span class='ocrx_word' id='word_1_359' title='bbox 524 3801 549 3849; x_wconf 91' lang='lat' dir='ltr'>ln</span> <span class='ocrx_word' id='word_1_360' title='bbox 560 3799 780 3864; x_wconf 83' lang='lat' dir='ltr'>Epinausimache</span> <span class='ocrx_word' id='word_1_361' title='bbox 790 3818 851 3856; x_wconf 90' lang='lat' dir='ltr'>curn</span> <span class='ocrx_word' id='word_1_362' title='bbox 889 3803 1031 3856; x_wconf 85' lang='lat' dir='ltr'>Gallorum.</span> <span class='ocrx_word' id='word_1_363' title='bbox 1046 3803 1169 3866; x_wconf 72' lang='lat' dir='ltr'>(aptante</span> <span class='ocrx_word' id='word_1_364' title='bbox 1180 3800 1301 3853; x_wconf 89' lang='lat' dir='ltr'>vehicula</span> <span class='ocrx_word' id='word_1_365' title='bbox 1315 3802 1416 3851; x_wconf 84' lang='lat' dir='ltr'>mairo-</span> 
     </span>
     <span class='ocr_line' id='line_1_41' title="bbox 327 3874 1414 3940; baseline -0.002 -14"><span class='ocrx_word' id='word_1_366' title='bbox 327 3877 446 3926; x_wconf 81' lang='lat' dir='ltr'>Trcienls</span> <span class='ocrx_word' id='word_1_367' title='bbox 462 3886 578 3940; x_wconf 82' lang='lat' dir='ltr'>pugnam</span> <span class='ocrx_word' id='word_1_368' title='bbox 591 3882 748 3938; x_wconf 79' lang='lat' dir='ltr'>pugnarent.</span> <span class='ocrx_word' id='word_1_369' title='bbox 766 3879 794 3928; x_wconf 87' lang='lat' dir='ltr'>ld</span> <span class='ocrx_word' id='word_1_370' title='bbox 807 3893 853 3929; x_wconf 89' lang='lat' dir='ltr'>an·</span> <span class='ocrx_word' id='word_1_371' title='bbox 889 3891 998 3940; x_wconf 85' lang='lat' dir='ltr'>narum,</span> <span class='ocrx_word' id='word_1_372' title='bbox 1011 3879 1081 3928; x_wconf 78' lang='lat' dir='ltr'>sicut</span> <span class='ocrx_word' id='word_1_373' title='bbox 1093 3877 1219 3940; x_wconf 83' lang='lat' dir='ltr'>petorrita</span> <span class='ocrx_word' id='word_1_374' title='bbox 1230 3874 1414 3926; x_wconf 76' lang='lat' dir='ltr'>famularum.-</span> 
     </span>
     <span class='ocr_line' id='line_1_42' title="bbox 328 3947 1413 4015; baseline 0 -15"><span class='ocrx_word' id='word_1_375' title='bbox 328 3953 382 4000; x_wconf 90' lang='lat' dir='ltr'>tem</span> <span class='ocrx_word' id='word_1_376' title='bbox 395 3951 523 4014; x_wconf 89' lang='lat' dir='ltr'>temporis</span> <span class='ocrx_word' id='word_1_377' title='bbox 534 3951 678 4013; x_wconf 89' lang='lat' dir='ltr'>punctum,</span> <span class='ocrx_word' id='word_1_378' title='bbox 696 3961 749 4011; x_wconf 86' lang='lat' dir='ltr'>quo</span> <span class='ocrx_word' id='word_1_379' title='bbox 761 3951 852 4005; x_wconf 87' lang='lat' dir='ltr'>hostes</span> <span class='ocrx_word' id='word_1_380' title='bbox 890 3956 973 4005; x_wconf 75' lang='lat' dir='ltr'>Cora.</span> <span class='ocrx_word' id='word_1_381' title='bbox 988 3955 1077 4015; x_wconf 76' lang='lat' dir='ltr'>Cave.)</span> <span class='ocrx_word' id='word_1_382' title='bbox 1096 3951 1171 4004; x_wconf 89' lang='lat' dir='ltr'>Coni.</span> <span class='ocrx_word' id='word_1_383' title='bbox 1183 3952 1236 4002; x_wconf 89' lang='lat' dir='ltr'>Sat.</span> <span class='ocrx_word' id='word_1_384' title='bbox 1249 3951 1273 4010; x_wconf 89' lang='lat' dir='ltr'>t,</span> <span class='ocrx_word' id='word_1_385' title='bbox 1282 3951 1307 4011; x_wconf 86' lang='grc'>6,</span> <span class='ocrx_word' id='word_1_386' title='bbox 1319 3947 1375 4000; x_wconf 83' lang='lat' dir='ltr'>tot.</span> <span class='ocrx_word' id='word_1_387' title='bbox 1385 3975 1413 3984; x_wconf 92' lang='lat'>-</span> 
     </span>
     <span class='ocr_line' id='line_1_43' title="bbox 326 4022 1418 4092; baseline -0.002 -18"><span class='ocrx_word' id='word_1_388' title='bbox 326 4025 429 4074; x_wconf 87' lang='lat' dir='ltr'>varium</span> <span class='ocrx_word' id='word_1_389' title='bbox 455 4027 516 4088; x_wconf 89' lang='lat' dir='ltr'>post</span> <span class='ocrx_word' id='word_1_390' title='bbox 536 4022 666 4087; x_wconf 89' lang='lat' dir='ltr'>proelium</span> <span class='ocrx_word' id='word_1_391' title='bbox 685 4025 793 4076; x_wconf 90' lang='lat' dir='ltr'>tandem</span> <span class='ocrx_word' id='word_1_392' title='bbox 812 4029 852 4076; x_wconf 85' lang='lat' dir='ltr'>lir-</span> <span class='ocrx_word' id='word_1_393' title='bbox 888 4027 973 4092; x_wconf 80' lang='lat' dir='ltr'>nocer]</span> <span class='ocrx_word' id='word_1_394' title='bbox 990 4031 1036 4077; x_wconf 92' lang='lat' dir='ltr'>aut</span> <span class='ocrx_word' id='word_1_395' title='bbox 1053 4027 1160 4078; x_wconf 86' lang='lat' dir='ltr'>navium</span> <span class='ocrx_word' id='word_1_396' title='bbox 1179 4028 1318 4090; x_wconf 83' lang='lat' dir='ltr'>captamm</span> <span class='ocrx_word' id='word_1_397' title='bbox 1335 4023 1418 4074; x_wconf 83' lang='lat' dir='ltr'>simn-</span> 
     </span>
     <span class='ocr_line' id='line_1_44' title="bbox 326 4095 1418 4166; baseline 0 -18"><span class='ocrx_word' id='word_1_398' title='bbox 326 4111 391 4162; x_wconf 76' lang='lat' dir='ltr'>gere</span> <span class='ocrx_word' id='word_1_399' title='bbox 408 4098 583 4162; x_wconf 87' lang='lat' dir='ltr'>incipiebant,</span> <span class='ocrx_word' id='word_1_400' title='bbox 608 4097 671 4150; x_wconf 89' lang='lat' dir='ltr'>illud</span> <span class='ocrx_word' id='word_1_401' title='bbox 689 4099 770 4152; x_wconf 84' lang='lat' dir='ltr'>luisse</span> <span class='ocrx_word' id='word_1_402' title='bbox 788 4113 853 4152; x_wconf 90' lang='lat' dir='ltr'>con·</span> <span class='ocrx_word' id='word_1_403' title='bbox 889 4102 960 4153; x_wconf 85' lang='lat' dir='ltr'>lacre</span> <span class='ocrx_word' id='word_1_404' title='bbox 982 4104 1028 4152; x_wconf 85' lang='lat' dir='ltr'>eut</span> <span class='ocrx_word' id='word_1_405' title='bbox 1050 4104 1168 4166; x_wconf 87' lang='lat' dir='ltr'>ipsarum</span> <span class='ocrx_word' id='word_1_406' title='bbox 1185 4103 1271 4154; x_wconf 84' lang='lat' dir='ltr'>rostra</span> <span class='ocrx_word' id='word_1_407' title='bbox 1288 4095 1418 4149; x_wconf 86' lang='lat' dir='ltr'>vehiculis</span> 
     </span>
     <span class='ocr_line' id='line_1_45' title="bbox 328 4173 1418 4241; baseline 0 -20"><span class='ocrx_word' id='word_1_408' title='bbox 328 4173 486 4224; x_wconf 83' lang='lat' dir='ltr'>sentaneunr</span> <span class='ocrx_word' id='word_1_409' title='bbox 504 4179 558 4236; x_wconf 89' lang='lat' dir='ltr'>est,</span> <span class='ocrx_word' id='word_1_410' title='bbox 583 4175 656 4238; x_wconf 87' lang='lat' dir='ltr'>qood</span> <span class='ocrx_word' id='word_1_411' title='bbox 672 4179 852 4240; x_wconf 88' lang='lat' dir='ltr'>spectatorum</span> <span class='ocrx_word' id='word_1_412' title='bbox 890 4177 1022 4241; x_wconf 88' lang='lat' dir='ltr'>imposita.</span> <span class='ocrx_word' id='word_1_413' title='bbox 1049 4175 1097 4226; x_wconf 78' lang='lat' dir='ltr'>atti</span> <span class='ocrx_word' id='word_1_414' title='bbox 1108 4175 1241 4241; x_wconf 77' lang='lat' dir='ltr'>explicant</span> <span class='ocrx_word' id='word_1_415' title='bbox 1251 4176 1322 4240; x_wconf 83' lang='lat' dir='ltr'>ipses</span> <span class='ocrx_word' id='word_1_416' title='bbox 1334 4185 1418 4222; x_wconf 81' lang='lat' dir='ltr'>nares</span> 
     </span>
     <span class='ocr_line' id='line_1_46' title="bbox 327 4245 1416 4316; baseline -0.001 -19"><span class='ocrx_word' id='word_1_417' title='bbox 327 4245 419 4298; x_wconf 85' lang='lat' dir='ltr'>oculos</span> <span class='ocrx_word' id='word_1_418' title='bbox 443 4249 558 4300; x_wconf 80' lang='lat' dir='ltr'>maxime</span> <span class='ocrx_word' id='word_1_419' title='bbox 576 4251 602 4301; x_wconf 90' lang='lat' dir='ltr'>in</span> <span class='ocrx_word' id='word_1_420' title='bbox 619 4263 649 4302; x_wconf 90' lang='lat' dir='ltr'>se</span> <span class='ocrx_word' id='word_1_421' title='bbox 667 4252 851 4310; x_wconf 81' lang='lat' dir='ltr'>converteret;</span> <span class='ocrx_word' id='word_1_422' title='bbox 890 4251 1019 4302; x_wconf 84' lang='lat' dir='ltr'>machinis</span> <span class='ocrx_word' id='word_1_423' title='bbox 1043 4263 1092 4316; x_wconf 87' lang='lat' dir='ltr'>per</span> <span class='ocrx_word' id='word_1_424' title='bbox 1117 4263 1228 4302; x_wconf 83' lang='lat' dir='ltr'>scenam</span> <span class='ocrx_word' id='word_1_425' title='bbox 1255 4249 1357 4299; x_wconf 89' lang='lat' dir='ltr'>ductas.</span> <span class='ocrx_word' id='word_1_426' title='bbox 1389 4272 1416 4281; x_wconf 94' lang='lat'><em>—</em></span> 
     </span>
    </p>
   </div>
   <div class='ocr_carea' id='block_1_4' title="bbox 0 0 1607 4964">
    <p class='ocr_par' dir='ltr' id='par_1_10' title="bbox 0 0 1607 4964">
     <span class='ocr_line' id='line_1_47' title="bbox 0 0 1607 4964; baseline 0 0"><span class='ocrx_word' id='word_1_427' title='bbox 0 0 1607 4964; x_wconf 95' lang='lat' dir='ltr'> </span> 
     </span>
    </p>
   </div>
  </div>
 </body>
</html>
