3082 4968
302 428 364 496 dss
682 427 812 478 llOliATll
829 427 1009 480 sarinnlitiit

345 589 394 653 lle
418 585 554 674 possim,
578 604 656 652 oasu
679 582 768 672 quod
790 593 821 648 te
845 582 976 649 sortitus
998 581 1153 660 amioum;

344 707 436 775 Nulla
458 707 577 774 etenim
597 705 675 772 milri
698 715 729 772 te
752 704 817 770 sors
838 702 966 770 obtulit:
990 703 1130 792 optimus
1153 701 1229 768 olim

343 828 505 916 Virgilius,
529 826 710 917 posthunc
732 825 846 894 Varius
868 823 994 900 dixere,
1019 824 1098 911 quid
1121 844 1239 891 essem.
1349 827 1389 890 55

345 952 383 1019 Ut
403 951 476 1017 veni
500 970 623 1027 eoram,
647 947 810 1036 singultim
830 967 933 1034 pauoa
957 943 1101 1022 loeutus,

341 1073 447 1139 Infans
469 1083 609 1160 namque
633 1068 739 1157 pudor
760 1067 952 1157 prohibebat
972 1065 1066 1154 plura
1087 1067 1223 1154 prolari,

341 1196 412 1261 Non
435 1215 496 1280 ego
519 1212 572 1259 me
595 1191 682 1260 olaro
706 1201 815 1258 natum
838 1199 943 1277 patre,
967 1209 1031 1256 non
1055 1209 1117 1276 ego
1139 1189 1260 1256 oireum

341 1317 391 1382 Me
414 1313 605 1381 Satureiano
626 1313 747 1380 vectari
770 1333 847 1378 rura
868 1310 1010 1388 caballo,

342 1435 417 1514 Sed,
442 1434 530 1524 quod
546 1455 645 1509 eram,
668 1454 775 1501 narro.
798 1432 997 1521 Respondes,
1020 1443 1056 1500 ut
1070 1443 1144 1499 tuus
1160 1444 1209 1499 est
1224 1454 1303 1508 mos,
1349 1435 1391 1499 60

341 1561 466 1626 Pauca:
490 1555 589 1636 abeo;
612 1567 645 1622 et
666 1575 801 1624 revocas
824 1576 911 1622 nono
933 1564 1007 1643 post
1028 1574 1140 1621 mense
1163 1554 1322 1642 iubesque

364 1824 405 1874 ta.
431 1834 533 1885 penaten
549 1834 576 1886 p,
595 1834 665 1871 oorr.
684 1819 721 1871 hs
740 1821 767 1870 et
784 1819 900 1870 Potiierii
916 1817 1051 1884 plerique,
1071 1819 1151 1880 LCtF,
1167 1824 1269 1881 posnmt
1286 1819 1356 1871 duce

334 1901 439 1952 Cemm.
460 1897 541 1961 Cruq.
561 1896 693 1946 Bentleius
711 1898 738 1945 et
755 1895 794 1946 sie
812 1895 866 1945 iem
882 1894 929 1945 Ed.
949 1895 1054 1944 Zarotti.
1074 1894 1114 1956 (Ut
1129 1907 1178 1946 nos
1196 1894 1242 1956 rd,
1261 1908 1302 1960 pr.
1318 1894 1355 1945 hs

333 1979 361 2026 et
386 1972 505 2024 Pottierii
530 1971 601 2033 duo.)
630 1998 657 2007 -
686 1969 726 2022 tl.
753 1970 861 2020 tibtote
885 1968 984 2020 eCod.
1003 1968 1126 2020 lluddint.
1147 1971 1182 2032 (et
1199 1983 1232 2020 en
1250 1971 1354 2022 Comm.

334 2050 445 2110 Cruquii
462 2061 501 2097 me
518 2047 571 2110 titi)
589 2043 732 2096 Bentleius.
769 2046 808 2108 (tlt
825 2056 887 2106 nos,
915 2056 1010 2095 omnes
1027 2045 1109 2094 nostri
1128 2047 1155 2094 et
1171 2045 1308 2108 Pottierii.)
1328 2071 1356 2081 -

333 2126 373 2174 ot.
395 2125 476 2174 Varus
492 2121 530 2172 bd
548 2122 609 2184 (non
627 2121 677 2182 So).

299 2355 441 2408 mendatus
463 2367 525 2405 oum
547 2355 637 2404 essem
660 2351 694 2402 ah
717 2351 825 2411 amicis,
863 2363 898 2399 en
919 2352 970 2401 mir
989 2355 1087 2402 were.»
1116 2351 1170 2402 Cio.
1190 2352 1224 2402 ad
1246 2351 1336 2404 lamii.
1356 2355 1388 2414 t,

299 2425 828 2483 certooonsilioaciudioiotuointuam
865 2426 910 2486 ⁴2,
929 2426 957 2475 6:
984 2426 1069 2487 Neque
1089 2427 1155 2476 enin
1176 2432 1205 2478 to
1225 2429 1303 2489 lter,
1329 2430 1389 2492 qut,

301 2505 412 2571 perveni
430 2501 659 2555 familiaritatem.»
679 2527 707 2538 —
722 2499 826 2562 possim]
864 2501 907 2561 qrn'
921 2497 962 2562 (al.
976 2499 1045 2564 quid)
1057 2499 1103 2562 sia,
1121 2503 1229 2563 martes,
1247 2507 1271 2552 et
1287 2504 1392 2564 qmnon

302 2577 414 2630 Facilius
439 2577 588 2628 modestior
612 2576 656 2626 hie
681 2573 778 2626 modus
801 2575 829 2623 in
864 2587 905 2624 ees
920 2575 1017 2638 mepta,
1045 2575 1088 2635 qui
1109 2579 1199 2626 tenen
1215 2578 1389 2640 adrnireatnr,

302 2655 475 2706 indicativum
504 2653 601 2704 mutari
634 2651 719 2716 potuit
747 2662 829 2713 quam
865 2649 973 2710 invidos,
992 2655 1139 2710 quomens,
1157 2651 1333 2713 quitassent,
1352 2665 1393 2702 ne-

302 2732 403 2782 eontra.
443 2726 554 2779 Bentleii
577 2727 706 2777 lectiones
732 2724 828 2774 ductae
865 2729 1002 2774 tentatores
1017 2723 1149 2776 arbitrere.
1182 2725 1256 2776 Ovid.
1270 2727 1331 2777 ller.
1345 2729 1393 2790 lt,

302 2806 365 2856 suut
382 2803 618 2860 ascensumve:
638 2803 711 2852 «Non
729 2800 829 2852 ideirco
866 2798 911 2849 3⁴:
939 2803 998 2848 tene
1018 2799 1087 2861 coepi
1108 2801 1172 2849 seire
1195 2801 1255 2862 quid
1271 2814 1343 2852 esses.
1364 2829 1392 2838 -

300 2893 345 2932 me
358 2877 463 2931 ielicem
475 2879 613 2928 nominare
625 2875 742 2936 debent,
756 2873 830 2939 quod
866 2873 962 2937 eorem]
981 2877 1058 2923 «ente
1073 2872 1165 2924 oculos
1183 2876 1286 2938 (tuost-
1316 2876 1393 2927 lland

302 2967 368 3006 casn
386 2952 474 3018 aliquo
491 2955 537 3003 aut
557 2952 679 3003 fortunae
696 2949 830 3001 beneficio
867 2949 1081 3011 rorantium.
1092 2976 1119 2985 -
1130 2949 1266 3013 nonenim]
1278 2949 1395 3003 «Utalias

303 3029 350 3080 tibi
367 3029 419 3080 sim
436 3027 521 3080 laetus
538 3027 655 3086 amicus;
680 3039 743 3076 cum
760 3023 831 3074 nulla
867 3022 980 3074 iacimus
998 3021 1113 3086 singultu
1131 3023 1265 3088 impediti,
1289 3024 1394 3076 locutus

303 3105 358 3156 lore
374 3117 414 3154 me
431 3103 487 3153 tibi
504 3101 644 3164 obtulerit,
663 3099 713 3152 sed
730 3101 832 3151 amieo-
867 3099 931 3146 tuno
954 3109 1014 3148 sum
1040 3109 1166 3148 sermone
1192 3099 1341 3162 interrupto
1367 3100 1396 3149 ot

302 3191 364 3229 rum
389 3180 416 3229 et
443 3179 563 3228 virorum
592 3176 727 3227 honorum
755 3189 832 3225 eom-
867 3170 949 3222 veluti
978 3185 1044 3222 voce
1075 3171 1221 3222 identidem
1251 3185 1394 3236 repressa,

303 3253 454 3315 mendatio,
473 3253 575 3316 quime
588 3252 747 3302 noverant.»
766 3250 831 3300 lliro
868 3244 941 3309 quod
963 3258 1013 3296 usu
1035 3247 1126 3296 venire
1145 3245 1213 3297 solet
1234 3247 1396 3298 verecundis

304 3341 369 3378 casu
391 3331 497 3389 possent
522 3323 631 3376 exhibet
655 3323 702 3373 Ed.
725 3321 830 3373 hlediol.
869 3324 896 3371 et
917 3320 1016 3370 timidis
1038 3321 1160 3370 natura.»
1194 3322 1258 3372 llire
1280 3322 1349 3374 Voss
1369 3324 1398 3374 et

304 3400 379 3452 ⁴486.
409 3398 540 3462 (allatione
563 3399 645 3447 dicere
666 3411 718 3446 non
734 3396 764 3446 nb
787 3397 833 3446 hoo
868 3394 974 3446 Freund
998 3392 1089 3444 volunt
1115 3407 1174 3446 esse
1199 3395 1312 3448 iormem
1329 3409 1398 3448 eon-

303 3487 344 3526 me
358 3487 482 3536 possem
500 3484 564 3534 ego,
583 3471 646 3534 quia
664 3482 716 3520 non
733 3472 776 3520 est
793 3469 833 3520 ia-
869 3470 980 3519 tractam
998 3482 1024 3518 v.
1042 3469 1202 3532 ainqttledm,
1229 3483 1291 3521 cum
1309 3471 1398 3522 meni-

305 3551 379 3600 otum
397 3561 474 3607 casm
496 3545 679 3608 nonpossint
696 3544 752 3594 iure
771 3557 830 3608 ego,
869 3543 937 3594 leste
954 3556 970 3592 a
987 3555 1013 3592 v.
1025 3543 1149 3608 saaraim
1160 3544 1270 3596 ductum
1286 3545 1329 3596 sit.
1348 3547 1399 3596 lie·

306 3618 834 3682 etsivelim;nonposeontiuridi;non
870 3619 912 3668 ote
937 3617 1070 3670 Gesnerus
1095 3619 1121 3668 in
1147 3619 1294 3669 Thesauro:
1322 3615 1398 3685 perd

304 3693 562 3763 posetttcuningh.)
575 3693 688 3757 quirion
701 3693 788 3756 Gssu.)
805 3719 832 3730 -
869 3689 990 3758 λυγμοῦ.
1012 3719 1039 3729 -
1063 3693 1158 3758 lesem]
1184 3693 1325 3758 «elloquio,
1350 3697 1398 3760 qni

306 3775 350 3826 tibi
371 3787 411 3823 me
427 3783 497 3822 unus
520 3770 567 3821 Th.
587 3767 764 3820 liuddimanni
781 3769 835 3819 Co—
870 3768 943 3818 omni
965 3766 1125 3832 loquacitate
1142 3766 1283 3819 abstinet.»
1296 3795 1325 3807 -
1339 3771 1398 3822 Non

307 3848 359 3899 dex
389 3844 514 3910 praebuit
543 3841 678 3903 Bentleio,
709 3844 755 3906 qui
782 3843 834 3893 hoc
869 3843 989 3908 enecet]
1009 3845 1092 3894 osane
1110 3856 1163 3894 non
1180 3844 1398 3908 poteramverha

309 3921 386 3986 quasi
397 3919 545 3972 modestius
555 3915 696 3984 praetulit;
716 3917 836 3969 «sedse-
871 3918 960 3969 iacere
978 3919 1012 3970 de
1030 3917 1101 3970 clara
1118 3919 1219 3982 origine
1237 3919 1316 3970 etde
1337 3918 1399 3971 lati-

308 4009 361 4060 que
379 3993 526 4046 oalnmniao
540 3994 720 4058 opportunum
735 3996 764 4043 et
779 4005 836 4043 me·
871 3993 967 4045 lundiis
978 4007 994 4044 a
1005 4006 1050 4044 me
1067 3993 1215 4058 possessis,
1237 3993 1286 4046 sed
1303 3998 1398 4059 aperte

309 4069 348 4133 gis
365 4068 477 4120 tortasse
493 4071 536 4120 est
553 4068 597 4118 aar
613 4079 664 4130 me,
684 4069 836 4132 quasivero
871 4067 926 4118 dixi
947 4081 992 4120 me
1015 4067 1130 4120 libertini
1154 4067 1238 4120 lilium
1260 4072 1323 4134 post
1346 4082 1400 4135 pu-

309 4155 436 4208 magnum
453 4156 552 4194 munus
571 4142 694 4194 lertunae
706 4144 778 4194 esset
789 4141 837 4204 oh-
872 4155 952 4206 gnam
968 4141 1166 4208 Philippensem
1182 4147 1325 4208 paternum
1341 4143 1400 4196 iun·

310 4217 400 4270 esulns
417 4221 496 4282 poeta
508 4215 614 4270 oblatus
625 4217 750 4268 divinitus
761 4217 837 4269 hiae-
873 4216 938 4267 dum
949 4217 1096 4270 emisisse·
1116 4217 1191 4282 (hipp,
1204 4219 1235 4278 2,
1252 4218 1283 4278 2,
1302 4216 1354 4282 te.)
1368 4244 1397 4256 —-

312 4291 424 4344 eeneii.»
442 4293 518 4344 (issa.
538 4319 567 4332 -
586 4293 647 4356 quid
662 4289 747 4357 men]
767 4305 837 4343 «wer
871 4292 1116 4344 er'reumnoeetert
1131 4291 1205 4357 nee]
1217 4292 1268 4356 eas
1279 4292 1400 4344 earm
