3090 4974
601 435 661 486 lits
681 434 825 486 POETlCd.

220 589 284 654 Cur
306 608 368 675 ego
391 589 416 653 si
442 610 570 676 nequeo
594 591 772 678 ignoroque
795 597 890 677 po'eta
913 589 1056 656 salutor‘l

217 713 281 776 Cur·
304 711 430 778 nescire
453 710 578 797 pudens
601 732 699 798 preve
721 732 819 797 quam
842 712 970 778 discere
993 711 1101 778 malo?

218 831 370 896 Versibus
393 833 509 917 exponi
532 832 661 919 tragicis
682 853 735 898 res
758 834 882 900 comica
905 855 968 900 non
991 832 1070 911 volt;

217 950 402 1037 indignatur
424 954 498 1018 item
521 954 652 1039 privatis
674 974 712 1020 ac
734 975 837 1040 prope
863 975 960 1021 socco

217 1072 327 1160 Dignis
350 1073 544 1138 carminibus
567 1074 690 1138 narrari
713 1095 814 1140 coena
837 1073 1005 1164 Thyestae.

218 1193 349 1280 Singula
371 1215 522 1281 quaeque
544 1193 650 1260 locum
673 1205 802 1262 teneant
823 1197 934 1262 sortita
956 1197 1118 1263 decenter.

217 1315 381 1380 Interdum
402 1326 507 1382 tamen
530 1325 562 1381 et
583 1335 696 1381 vocem
719 1317 888 1382 comoedia
909 1316 1004 1394 tollit,

239 1476 280 1524 92.
299 1477 411 1526 &cante
421 1476 515 1526 bSTEc
533 1479 560 1526 et
570 1491 665 1528 omnes
677 1477 840 1528 llocbederi:
859 1479 982 1528 decertari
993 1480 1012 1527 B
1025 1481 1052 1528 el
1063 1479 1134 1542 liegii
1150 1480 1228 1542 quin-

206 1564 273 1614 que,
293 1565 325 1600 er
343 1565 396 1602 uno
413 1564 523 1602 suorum
543 1552 578 1615 (o)
597 1551 707 1615 ollisque
729 1552 863 1604 Bentleius
885 1556 913 1603 et
932 1557 966 1604 ll.

173 1694 251 1742 opat-a
262 1694 284 1732 s.
295 1694 394 1744 genera
407 1682 487 1731 certis
499 1680 601 1744 legibus
613 1681 697 1732 semel
731 1684 864 1744 priuatis-
872 1684 1034 1748 concinitas]
1048 1697 1189 1736 asermone
1201 1699 1261 1736 ver-

172 1756 310 1818 deacripto,
329 1755 356 1803 id
369 1757 422 1813 est,
437 1754 587 1818 singulatim
599 1757 697 1808 consti·
734 1756 862 1821 sibosque
880 1758 1018 1808 hominum
1038 1759 1203 1822 privatorum
1220 1761 1260 1809 vi·

174 1831 227 1880 tuta
246 1832 273 1880 et
289 1829 373 1879 divisa
391 1829 442 1880 sint
458 1843 473 1878 u
491 1831 598 1880 Graecis
618 1831 699 1894 potis-
734 1833 776 1880 lue
801 1833 984 1894 quotidianae,
1012 1833 1119 1896 qualem
1144 1835 1261 1884 imitatur

173 1904 284 1964 simum,
303 1903 345 1953 bis
357 1902 469 1966 legibus,
489 1917 602 1967 quarum
617 1917 697 1954 causo
734 1905 891 1965 comoedia,
910 1907 992 1970 aptis,
1012 1921 1064 1957 non
1082 1907 1195 1958 heroum
1209 1911 1260 1958 tre-

173 1979 200 2026 et
216 1978 283 2026 ratio
301 1978 368 2028 inest
383 1979 409 2028 in
422 1979 479 2041 ipsu
491 1977 588 2028 mentis
600 1978 697 2028 buma-
734 1981 854 2042 gicorum
873 1981 1021 2032 actionibus
1039 1995 1071 2032 ac
1088 1982 1257 2034 facinoribus.

172 2065 222 2101 nae
241 2055 350 2112 natura,
369 2052 491 2115 religiose
508 2052 698 2116 obtemperen—
735 2055 833 2113 Quodsi
852 2059 905 2106 tem
918 2058 1040 2120 imperite
1053 2055 1146 2119 aliquis
1160 2070 1259 2120 genera

131 2148 134 2157 ·
172 2125 237 2176 dum
255 2129 310 2184 est;
329 2127 430 2190 quique
443 2139 488 2177 ees
505 2125 578 2190 leges
589 2126 631 2178 rel
644 2139 696 2178 non
734 2129 890 2190 contundat,
909 2132 1057 2194 iadipnatur
1073 2129 1192 2188 lectona
1211 2144 1260 2196 pro

172 2202 244 2251 novit
268 2200 309 2251 vel
335 2199 445 2252 licenter
467 2203 574 2264 migrat,
601 2205 696 2266 po'etac
734 2217 800 2266 quo,
828 2207 858 2254 ut
878 2205 956 2256 simul
980 2203 1132 2268 exemplum
1156 2205 1259 2264 alienat,

173 2277 279 2326 nomine
298 2276 420 2338 indignus
433 2279 482 2326 est.
503 2277 636 2340 imprimis
648 2291 697 2326 au·
734 2291 845 2328 coenam
859 2279 1006 2342 Thyestae,
1025 2280 1123 2330 summi
1141 2280 1260 2330 horroris

173 2354 226 2400 tem
244 2351 349 2400 ritnudu
364 2365 445 2414 prava
458 2363 587 2413 generum
603 2351 696 2402 coniu-
734 2354 824 2416 tragici
836 2357 1024 2416 argumentum
1038 2353 1079 2414 (cl.
1090 2353 1138 2403 Od.
1149 2356 1176 2415 l,
1191 2354 1220 2414 6,
1233 2353 1257 2404 8.

171 2426 211 2476 sio
229 2439 260 2474 ac
272 2427 438 2489 permixtim»
456 2427 531 2476 cuius
544 2425 696 2490 exemplum
734 2427 816 2491 Epod.
830 2429 859 2488 5,
877 2427 937 2490 86.),
956 2428 1041 2491 ponit.
1060 2429 1097 2478 Ea
1115 2441 1179 2478 vero
1195 2442 1260 2478 nar-

172 2501 260 2550 stetim
278 2500 413 2563 subiungit
430 2515 455 2551 v.
471 2501 512 2550 89.
540 2500 615 2564 (liele
628 2513 696 2551 non·
732 2507 775 2552 rat
795 2495 813 2551 ὁ
830 2497 996 2568 ἐξάγγελος,
1015 2515 1078 2552 cum
1100 2503 1126 2552 in
1150 2515 1258 2552 scenam

171 2573 233 2624 nulli
257 2576 323 2624 nicer
347 2573 478 2638 explicent
503 2576 643 2637 rhythmos
669 2579 697 2626 et
733 2575 843 2639 produci
856 2589 909 2626 non
921 2578 1015 2640 possit.
1031 2603 1058 2612 -
1077 2576 1184 2639 Sinonia
1196 2577 1260 2636 cet]

171 2649 275 2712 metra.)
294 2677 320 2686 -
339 2650 441 2714 colores]
459 2651 516 2700 Hoc
533 2649 694 2700 vocabulum
733 2652 833 2700 ltursus
851 2649 964 2700 inculcat
981 2653 1170 2714 praeceptum,
1186 2651 1259 2713 quod

171 2723 356 2788 complectitur
372 2725 399 2775 el
416 2725 521 2774 dicendi
539 2738 623 2787 genus
643 2725 695 2784 (eti-
733 2725 801 2774 inest
822 2725 848 2773 in
870 2737 895 2772 v.
914 2725 955 2775 86.
983 2726 1134 2782 «Locum»
1160 2724 1258 2786 inquit,

171 2797 225 2849 lum
237 2811 320 2861 quem
332 2797 458 2858 dicimus,
478 2800 570 2847 Graeci
582 2793 633 2848 τὸν
644 2811 695 2857 χα-
733 2810 830 2860 «quem
848 2796 949 2859 singula
967 2798 1072 2856 sortite,
1099 2809 1147 2846 sua
1165 2799 1258 2846 nutura

170 2871 300 2944 ρακτῆρα
308 2869 359 2923 τοῦ
369 2867 573 2943 λόγου,ἁδρόν,
583 2869 693 2935 ἰσχνόν,
733 2874 810 2920 nacta
831 2873 892 2921 sunt
909 2869 952 2920 vel
974 2871 1000 2920 in
1018 2868 1153 2932 tragoedia
1171 2868 1214 2919 vel
1232 2869 1259 2920 iu

170 2949 271 3012 μέσον.
291 2946 355 2998 Gell.
367 2951 398 2998 N.
408 2951 437 3000 Α.
449 2948 472 3009 7,
488 2947 528 3008 tt,
541 2948 573 3009 lt)
593 2950 620 2997 et
631 2960 695 2996 ver·
732 2945 887 3006 comoedia,
901 2946 1009 2994 teneant
1020 2947 1145 3005 decenter,
1158 2939 1258 3014 adape-

171 3023 348 3074 silicationem
366 3023 462 3086 cuique
480 3023 571 3085 generi
590 3023 692 3085 aptam,
732 3015 817 3080 πῶς.»
844 3019 934 3068 Lectio
951 3029 1097 3080 paucorum
1117 3016 1201 3068 Codd,
1214 3019 1258 3068 de·

170 3098 245 3147 cuius
262 3098 399 3161 praecepti
416 3094 504 3146 violati
527 3095 627 3146 illustre
645 3095 695 3146 de·
731 3101 824 3144 cerrum
841 3097 897 3144 orte
913 3097 955 3144 est
965 3107 997 3142 err
1010 3093 1256 3142 accommodatione

170 3173 246 3223 deret
268 3169 421 3235 exemplum
440 3171 621 3230 Chaeremon,
649 3171 695 3234 qui
731 3168 765 3219 ad
783 3184 808 3218 v.
828 3169 918 3219 locam

170 3247 290 3314 ἐποίησε
301 3245 464 3316 Κένταυρον
472 3239 579 3310 μικτὴν
590 3240 694 3315 parop-
765 3245 805 3294 93,
820 3243 860 3294 ot.
879 3241 1173 3306 remeatremeat]
1188 3243 1256 3292 «No-

169 3320 234 3372 δίαν
244 3317 276 3384 ἐξ
283 3315 419 3370 ἁπάντων
427 3317 484 3370 τῶν
491 3323 611 3388 μέτρων.
632 3321 696 3384 (liri-
731 3318 747 3369 ii
757 3337 780 3380 ,ι
791 3320 885 3383 pergit,
896 3317 1077 3370 «contundere
1086 3312 1256 3388 χαρακτῆρα

169 3401 229 3446 stot.
243 3399 316 3446 Poitt.
331 3398 354 3456 t,
366 3397 416 3459 ta.)
429 3397 484 3446 llcc
495 3407 576 3446 sensu
589 3409 613 3443 v.
627 3395 695 3444 color
731 3393 882 3457 tragoediae
908 3396 935 3442 st
958 3392 1129 3450 comoediae;
1160 3403 1256 3455 quam-

169 3485 250 3535 saepe
272 3474 384 3534 usurpat
405 3469 579 3530 Quintilianus
596 3483 621 3518 v.
630 3484 654 3520 c.
668 3469 692 3530 9,
730 3481 812 3532 quam
837 3468 920 3533 probe
947 3469 1021 3528 novi,
1048 3469 1115 3518 irem
1137 3466 1255 3528 aliosque

169 3545 197 3606 l,
215 3547 261 3594 ti:
279 3546 392 3608 crottam
403 3572 417 3582 -
428 3546 546 3608 simplicis
561 3550 637 3606 atqie
652 3545 694 3593 ta·
730 3545 946 3594 vehementiores
972 3555 1147 3606 personarum
1170 3540 1256 3590 comi·

168 3621 279 3682 affectati
300 3619 399 3670 coloris.
427 3621 465 3670 ct.
484 3634 510 3670 v.
526 3619 584 3670 236.
606 3647 633 3655 -
654 3620 694 3668 asi
730 3631 823 3668 carum
841 3618 952 3668 allectus
974 3618 1072 3682 partim
1089 3615 1253 3674 sublimiore,

168 3693 269 3758 comeo]
279 3707 329 3757 per
336 3695 473 3752 ueturem;
486 3695 634 3758 tenoreque,
644 3707 694 3758 per
729 3693 825 3758 partim
846 3693 949 3744 acriore
966 3705 1066 3755 genere
1083 3689 1189 3740 dicendi
1207 3702 1254 3738 ex-

168 3771 267 3829 artem‚
294 3779 376 3831 quum
398 3780 451 3818 non
473 3767 584 3818 didici.»
607 3767 691 3818 Curru.
729 3768 884 3832 primendos
906 3779 980 3828 esse,
1007 3778 1089 3828 quem
1111 3764 1156 3815 ubi
1182 3767 1255 3813 tren-

169 3843 248 3900 Cnuc.
270 3867 296 3878 ·-
322 3846 400 3905 pocta
421 3842 529 3906 adulor]
556 3840 693 3905 «appellor
729 3841 825 3904 quillus
847 3843 888 3892 esi
905 3843 1009 3890 animus
1030 3852 1138 3900 eorum,
1165 3837 1253 3901 quiin

168 3919 246 3980 poeta
263 3915 298 3965 ob
316 3914 452 3977 omnibus,
471 3919 498 3966 et
515 3928 565 3977 ego
579 3917 634 3965 lum
646 3916 693 3964 ho-
728 3929 810 3966 scenn
828 3918 1010 3980 comparent.»
1025 3941 1052 3950 —
1070 3911 1253 3975 uocem-tollit]

166 3991 306 4042 noriiicum
324 4003 421 4040 nomen
441 4003 493 4040 non
510 3991 643 4040 recuso‘i»
663 4017 689 4026 -
729 3989 811 4040 liuius
823 3988 946 4040 versiculi
958 3989 1080 4038 meminit
1090 3988 1207 4038 Donatus
1220 3985 1253 4036 nd

164 4063 356 4128 pitdauprcue]
375 4066 480 4128 «inepte
491 4063 609 4127 pudens,
628 4073 690 4112 cum
728 4064 833 4114 Terent.
846 4063 959 4128 Adelph.
971 4065 996 4124 e,
1009 4063 1033 4123 3,
1045 4061 1075 4112 3:
1097 4064 1197 4112 Duum.
1221 4063 1253 4112 lii

166 4153 263 4190 verear
280 4144 307 4190 et
323 4139 444 4190 dubitem
458 4139 546 4190 iacere
558 4151 602 4199 ea,
621 4151 690 4202 quae
727 4137 797 4198 mibi,
815 4139 876 4200 quiri
885 4135 1001 4201 sociem
1012 4137 1073 4198 qaid
1083 4135 1181 4200 opem?
1192 4137 1253 4196 quid

167 4213 255 4266 lacere
267 4217 340 4266 recte
349 4215 450 4278 possim
460 4216 487 4263 et
496 4212 636 4264 debeam.»
650 4212 688 4263 Cl.
727 4213 832 4262 clamem
848 4217 893 4262 cut
915 4210 1033 4273 querar?
1066 4211 1212 4272 Occclran,
1236 4224 1250 4259 o

167 4287 275 4352 lippi,
298 4289 344 4351 to,
365 4287 411 4338 ui:
434 4288 519 4350 paedor
542 4287 634 4338 indae.
660 4315 687 4325 -
726 4291 808 4347 wira,
828 4286 944 4336 omorio
960 4285 1087 4348 Neptunii
1113 4286 1155 4335 Sic
1174 4288 1250 4349 pater
