3174 4974
607 459 666 509 ιιιι.
686 459 715 508 ιι,
751 457 849 508 uersu.
869 461 888 508 ι.
1154 513 1158 516 .
1233 456 1296 522 623

252 616 300 684 lid
322 617 406 683 bene
428 613 601 682 dicendum
623 611 916 702 delectandumque
940 611 1070 680 redacti.
1233 614 1247 680 4
1254 615 1294 679 55

253 739 388 806 Graecia
410 745 504 824 capta
526 735 629 802 lerum
651 735 805 802 victorem
827 735 913 822 cepit
933 745 965 802 et
986 745 1072 802 artes

252 858 359 926 intulit
381 857 498 946 agresti
521 857 627 936 Latio;
650 856 697 923 sic
714 855 873 922 'horridus
896 853 947 923 ille

250 953 390 1047 Deduxit
409 999 565 1045 numerus
586 977 764 1056 Saturnius,
788 987 821 1044 et
842 997 940 1065 grave
963 978 1051 1044 virus

249 1099 424 1168 blanditiae
445 1099 619 1187 pepulere;
645 1099 758 1166 sedin
780 1097 911 1186 longum
932 1109 1041 1166 tamen
1063 1119 1179 1167 aevum

207 1345 263 1395 lma
286 1345 313 1394 iu
339 1344 474 1394 Graeciam
498 1343 632 1404 dmmnqus
658 1347 733 1392 irmi-
768 1343 1294 1409 scripitqemodmmsotmmresms-

208 1419 346 1469 mmdiums
370 1417 482 1467 munibus
504 1417 634 1467 libidinem
649 1416 732 1466 tileca-
768 1421 818 1466 tur.
837 1417 932 1477 runci,
947 1416 1020 1469 4845.
1035 1441 1063 1455 -
1075 1419 1155 1484 aina]
1174 1417 1294 1484 plerum·

208 1493 260 1544 hir
278 1493 387 1556 raptatos
408 1497 431 1542 st
450 1493 535 1556 regias
553 1492 630 1541 stium
652 1495 732 1541 attre-
770 1503 823 1554 qua
848 1504 930 1542 sucus
954 1493 1049 1543 noxius
1075 1507 1106 1544 ec
1129 1496 1292 1556 venenatus,

208 1573 305 1617 ctcmm
324 1579 418 1631 garos·
443 1580 472 1616 eo
495 1566 554 1628 plus
573 1565 675 1627 horreo,
702 1578 733 1614 aa
769 1567 827 1614 tum
852 1567 880 1615 et
901 1565 995 1617 loedus
1012 1566 1092 1629 odor,
1119 1569 1149 1617 ut
1165 1569 1292 1629 castorei,

208 1641 267 1691 iliae
277 1642 410 1705 maqisras
421 1639 632 1702 noscsperiut
642 1651 733 1700 qaum
771 1639 840 1702 Vrrg.
854 1639 899 1689 Ge.
914 1641 941 1704 4,
955 1640 1011 1702 os„
1030 1643 1057 1690 ei
1074 1642 1192 1704 ingratus
1203 1653 1292 1706 sapor,

208 1727 263 1765 nor
278 1715 365 1764 illos.
769 1715 800 1762 nt
815 1726 901 1777 aquae
917 1715 1050 1776 marinae,
1070 1728 1139 1779 quae
1151 1717 1222 1765 notio
1234 1716 1261 1766 h.
1274 1715 1291 1766 l.

241 1789 361 1839 448-460.
387 1787 509 1852 Dettrmit]
528 1786 672 1839 «Paulatim
687 1788 733 1836 ha·
770 1788 856 1850 aptior
872 1785 977 1838 videtur
994 1801 1075 1851 quam
1092 1789 1221 1838 eutvirus
1239 1801 1294 1839 sen-

209 1864 254 1914 tini
273 1875 305 1913 eo
316 1863 355 1912 ntl
367 1863 530 1913 desierunt.»
546 1889 573 1898 —
588 1861 732 1927 Salamiua]
769 1861 902 1924 nentium,
921 1864 967 1912 aut
983 1863 1071 1913 sanies
1089 1875 1185 1912 canum
1203 1862 1294 1913 rabio-

208 1939 376 1988 Hermannns
404 1937 471 2000 Epit.
497 1936 582 1986 doctr.
606 1939 684 1986 metr.
704 1949 730 2000 p.
769 1947 860 1985 sorum
887 1939 933 1986 aut
956 1937 1027 1986 vimis
1048 1936 1199 1986 acerbitatis.
1228 1937 1290 1999 (Cic.

207 2010 270 2062 ati:
290 2013 437 2062 eNumeros
452 2009 535 2060 habet
546 2010 612 2061 hos:
630 2010 734 2061 batam
770 2008 839 2059 hoel.
853 2009 894 2069 43,
908 2009 958 2072 87.)
985 2011 1042 2059 Νοιι
1060 2011 1132 2061 euim
1141 2010 1196 2060 tam
1208 2009 1293 2060 reler-

207 2086 303 2135 malum
318 2085 409 2135 Mamili
425 2086 521 2134 Naevio
534 2086 633 2146 poetas.
654 2085 733 2146 (Nae
768 2083 812 2130 tur
834 2083 868 2132 ad
891 2083 991 2133 lamosa
1009 2084 1126 2134 carmina
1145 2086 1174 2133 et
1190 2081 1293 2133 rabiem

167 2167 173 2177 ·
207 2159 280 2208 vius:
305 2160 401 2208 Novam
423 2159 489 2208 lovis
513 2160 646 2209 concordes
663 2159 732 2222 filios
770 2157 803 2218 (r.
818 2155 898 2220 tia),
924 2157 1057 2220 quemad
1075 2159 1158 2207 totam
1176 2155 1292 2207 indolem

206 2232 325 2297 sorores.)
358 2233 411 2283 Sed
441 2235 468 2283 et
491 2246 631 2284 caesuram
649 2246 730 2298 saepe
768 2232 895 2281 rusticam
929 2233 1009 2294 atque
1037 2230 1163 2282 incultam
1188 2231 1292 2294 priscae

208 2306 381 2371 neglexerunt
400 2307 483 2358 rudes
504 2309 677 2371 terpestas,
704 2309 731 2358 et
768 2307 857 2371 poesis
874 2306 996 2368 Latinae,
1024 2321 1056 2357 ex
1076 2307 1175 2360 iudicio
1197 2306 1292 2358 saltem

207 2383 390 2445 omnigenero
401 2380 562 2434 solutionum
574 2384 615 2434 usl
627 2385 731 2434 sunt.--
769 2381 876 2431 Horatii.
911 2383 995 2433 Graes
1015 2383 1106 2432 autem
1127 2379 1233 2433 solitum
1251 2383 1293 2433 est

206 2457 360 2507 Postremus
385 2457 580 2519 Romanorum,
607 2459 653 2522 qui
679 2459 730 2510 hoc
768 2455 847 2506 huius
868 2469 929 2507 voc.
947 2455 1094 2519 ἐπίθετον,
1120 2458 1151 2506 ut
1168 2458 1293 2520 quattuor

207 2531 293 2580 metro
317 2533 452 2592 uteretur,
478 2533 562 2582 Varro
588 2531 669 2582 fuisse
689 2533 731 2582 vi-
769 2529 897 2595 exemplis
916 2543 948 2580 ex
965 2530 1039 2581 Plinii
1056 2531 1087 2581 H.
1100 2521 1173 2590 mi,
1190 2530 1235 2592 36,
1249 2531 1289 2581 64).

207 2604 285 2654 detur
300 2605 327 2655 iu
347 2605 464 2654 Satiris.»
494 2607 591 2657 Contra
614 2608 731 2657 Diintzer
769 2605 815 2665 44,
833 2605 878 2666 53,
897 2604 952 2654 llll.
975 2607 1021 2664 27,
1038 2605 1068 2664 s,
1086 2604 1127 2654 48.
1146 2603 1191 2662 28,
1205 2605 1233 2665 7,
1247 2605 1289 2654 23.

207 2680 235 2729 al
251 2679 350 2729 Lerscb
369 2679 513 2742 (Davara,
537 2693 610 2742 qaam
629 2685 729 2742 vocant,
768 2675 852 2728 allatis
864 2676 1173 2728 monstravitiientloius.
1192 2677 1292 2740 (wider-

207 2753 336 2803 Solantia.
360 2753 477 2814 Bounae,
500 2753 582 2816 ⁴838.)
603 2754 731 2804 osteude-
767 2752 836 2815 licit.)
855 2780 882 2789 —
907 2742 1057 2817 Madddiee]
1083 2753 1179 2816 partim
1205 2753 1291 2801 metra

207 2840 236 2876 re
254 2828 341 2877 conati
358 2828 432 2886 sunt,
451 2827 643 2888 saturatorum,
663 2840 731 2890 quos
768 2828 883 2887 Graeca,
910 2827 1006 2889 partim
1033 2824 1127 2876 cultior
1153 2827 1180 2875 et
1201 2826 1293 2889 purior

206 2903 317 2962 vocant,
344 2913 471 2951 versuum
493 2902 595 2950 certam
617 2900 731 2951 formam
768 2912 871 2960 sermo;
898 2899 971 2950 idem
991 2911 1076 2963 prope
1093 2903 1174 2963 atque
1190 2899 1292 2962 alequa-

207 2991 343 3041 nunquam
361 2979 492 3030 exstitisse
505 2977 586 3042 idque
598 2979 686 3042 ipsum
698 2991 730 3028 ex
767 2975 818 3035 tia,
845 2986 962 3039 quacum
988 2973 1103 3037 iungitur
1126 2973 1252 3023 munditia
1275 2986 1292 3023 a

205 3055 327 3104 veterum
336 3054 571 3117 grammaticorum
580 3055 731 3118 praeceptis
769 3049 898 3098 Cicerone
916 3047 942 3096 ln
960 3049 1029 3098 Orat.
1043 3047 1087 3106 23,
1106 3047 1147 3096 79.
1167 3047 1240 3097 ovid.
1258 3051 1289 3098 Α.

207 3125 347 3177 manifesto
365 3139 495 3191 apparere
507 3141 512 3184 ;
531 3127 620 3190 itaque
633 3128 659 3177 b.
673 3125 690 3176 l.
704 3141 728 3176 v.
767 3123 797 3171 Α.
811 3121 835 3179 3,
849 3120 911 3172 tre:
930 3122 1040 3182 Mundo,
1058 3121 1101 3170 sad
1115 3134 1129 3170 s
1142 3122 1223 3172 madio
1233 3133 1292 3170 cou-

205 3215 338 3252 uumomrm
368 3213 421 3250 non
452 3201 601 3264 significare
626 3203 730 3252 certum
767 3201 885 3258 motuque
899 3195 989 3257 uerba,
1005 3195 1116 3258 mirica,
1134 3193 1247 3244 Scribiia
1260 3221 1287 3230 -

206 3277 338 3337 matrum,
370 3273 420 3326 sed
443 3278 547 3326 motum
570 3277 597 3326 et
619 3274 730 3325 modum
763 3268 1099 3333 ρφιιὶονι--Μαιιειηιιιη
1127 3271 1165 3319 lta
1188 3268 1289 3318 termae

206 3347 324 3413 aliquem
341 3347 504 3412 syllabarum
522 3351 595 3400 certa
611 3348 670 3412 lege
688 3361 731 3398 ca-
767 3345 905 3407 utriusque
917 3343 1069 3396 discrimine
1082 3343 1198 3408 disputat
1208 3343 1291 3404 Wag-

206 3425 320 3473 rentem.
346 3423 417 3486 virg.
431 3423 477 3474 Ge.
491 3423 521 3484 2,
538 3422 600 3474 385:
618 3425 731 3473 Necnon
767 3433 817 3469 ner
833 3421 951 3479 Quaestt.
970 3420 1040 3483 virg.
1058 3417 1115 3469 Vol.
1134 3419 1164 3468 V.
1186 3429 1213 3482 p.
1226 3415 1288 3466 39⁴:

205 3496 356 3547 desumi--
373 3497 453 3547 colom
471 3497 585 3548 Versibus
600 3498 732 3561 incomptis
769 3495 903 3558 «Longior
919 3494 1004 3544 lorma
1025 3497 1081 3545 tum
1099 3491 1217 3557 praelata
1235 3491 1289 3550 est,

206 3571 308 3631 ludrmt,
326 3571 372 3621 uhi
389 3573 513 3622 Servius:
533 3572 651 3634 oldest,
669 3586 731 3623 oar·
766 3568 813 3618 ubi
838 3567 988 3632 perlectum
1013 3581 1060 3619 sua
1086 3579 1118 3618 ao
1140 3566 1248 3631 propria
1265 3565 1290 3613 vi

207 3645 323 3698 minibus
335 3648 456 3698 Saturnio
467 3650 554 3698 metro
566 3649 728 3712 compositis;
767 3643 917 3708 praeditum
929 3643 982 3692 ete
995 3641 1072 3692 uobis
1080 3638 1224 3691 vernaculo
1236 3651 1291 3689 ser·

207 3721 278 3783 quod
296 3720 329 3770 ad
342 3721 499 3784 rhythmum
510 3721 596 3772 solum
608 3721 730 3786 volgares
767 3731 846 3768 mone
863 3716 1034 3781 loquentibus
1045 3718 1073 3766 et
1084 3727 1099 3765 a
1111 3717 1211 3764 Graeca
1223 3714 1291 3764 sori-

207 3806 369 3859 componere
393 3798 619 3844 consueverunt.»
648 3795 729 3845 Psote
766 3791 893 3842 bentibus
910 3804 959 3856 per
975 3786 1291 3853 idemtempusradden-

205 3866 263 3918 illos
285 3869 408 3918 refutavit
430 3866 631 3932 clementerque
649 3869 731 3918 casti·
767 3867 832 3917 dum
857 3869 924 3918 est·
953 3867 1020 3915 ltem
1045 3865 1131 3914 Haase
1154 3861 1187 3913 ad
1204 3861 1291 3924 Reisig

205 3942 277 4004 gavit
286 3940 479 3992 Weissenborn
495 3941 520 3991 in
532 3943 729 3991 Zimmermann
766 3943 822 3992 Lat.
838 3941 968 4002 soractae.
989 3951 1016 4003 p.
1034 3937 1092 3988 tii.
1111 3938 1176 3988 scite
1194 3935 1290 3987 obser-

204 4015 342 4078 Zsitacleift
358 4014 431 4066 l8ll.
450 4027 510 4079 pag.
524 4014 572 4066 iil
584 4027 661 4078 seqq.
689 4014 728 4065 Ci.
767 4017 827 4063 vat:
855 4015 953 4064 Tucitm
967 4013 1011 4063 irat
1027 4015 1103 4062 erunt
1120 4025 1170 4059 nor
1184 4010 1229 4074 fiir
1245 4009 1291 4058 dos

206 4089 327 4141 ciusdem
352 4089 479 4139 iudicium
504 4088 538 4138 da
562 4086 641 4139 Flavii
658 4088 732 4138 Sosi·
763 4089 945 4150 praesentischs
955 4088 1100 4150 Perfectum,
1113 4085 1180 4134 nicht
1188 4084 1290 4147 iitrdm

204 4165 274 4229 patri
299 4164 409 4214 Charisii
437 4162 472 4213 de
499 4175 580 4213 versu
608 4163 730 4213 Satuinio
765 4163 862 4221 Acrist,
887 4173 934 4210 ere
951 4163 1063 4223 dogagm
1078 4157 1218 4220 uberhaupt
1232 4157 1291 4206 weit

206 4237 322 4289 editione
350 4237 541 4288 Schneidewin.
561 4237 727 4300 (Gottingae,
766 4236 879 4299 liutger
903 4235 955 4284 aud
977 4235 1022 4297 [tir
1046 4233 1124 4284 holder
1143 4233 1287 4297 gebraucht,

207 4311 423 4374 isthmiacum
435 4325 495 4378 sqq.
509 4310 730 4362 Streubordalm-
765 4309 884 4360 mestum
914 4309 964 4358 sich
987 4309 1049 4358 dosa
1069 4309 1140 4370 jonas
1164 4307 1290 4358 snmrtmt
