3082 4968
281 408 344 475 ppss
659 406 987 460 nouarusnrnnnun

323 568 429 635 Causa
450 565 507 631 init
528 575 620 652 pater
640 564 707 640 his,
732 565 788 648 qui
811 583 920 631 macro
942 582 1068 651 pauper
1091 561 1195 650 agelio

322 688 428 756 Noluit
449 687 482 753 in
504 685 590 754 Flavi
613 684 726 752 ludum
747 706 799 752 me
822 685 962 756 mittere.
985 685 1091 773 magni

322 813 394 893 Quo
416 809 510 898 pueri
532 808 658 896 magnis
680 829 699 876 e
721 806 965 875 centurionibus
988 807 1066 884 orti,

319 935 426 1001 Laevo
449 930 599 1019 suspensi
620 928 745 997 loculos
777 927 986 1016 tabulamque
1007 928 1146 1006 lacerto,
1252 967 1257 986 ι
1352 992 1362 1013 ,

320 1054 413 1122 Ibant
434 1053 560 1122 octonis
583 1052 760 1119 referentes
782 1050 893 1118 idibus
916 1071 1007 1118 aera:

343 1245 384 1295 73.
403 1245 425 1310 e]
444 1249 467 1294 et
484 1257 510 1308 p.
531 1269 561 1281 -
581 1243 621 1292 tt.
640 1241 746 1291 octobris
762 1254 832 1292 corr.
852 1240 869 1291 d
888 1241 990 1303 (oomnis
1004 1253 1046 1305 pr.
1066 1240 1102 1304 d).

277 1388 346 1438 hanc
363 1380 515 1450 ἀσέλγειαν
531 1382 701 1446 potissimum
721 1381 804 1432 utitur
842 1379 873 1431 iis
897 1378 1040 1444 tabulaque
1066 1380 1209 1446 disputavit
1234 1383 1368 1446 boettiger

276 1459 398 1526 ἐπιθέτῳ
415 1459 494 1508 nuta.
515 1485 543 1494 -
562 1455 607 1521 bis]
628 1456 738 1506 «harum
758 1469 805 1506 re-
841 1455 921 1506 tuine
945 1455 1069 1519 Schriften
1089 1456 1132 1506 111.
1154 1471 1181 1520 p.
1200 1460 1234 1518 a,
1253 1458 1268 1508 9
1290 1471 1368 1523 seqq,

276 1548 351 1596 rum,
370 1533 467 1583 harum
484 1531 638 1580 virtutum.»
656 1533 752 1582 Acron.
773 1556 802 1566 -
842 1531 927 1581 Minus
944 1531 1017 1580 recte
1041 1532 1159 1581 Diintzer
1176 1533 1255 1596 negat
1278 1530 1370 1583 caicu-

277 1609 359 1674 Ftcui]
379 1605 520 1657 «videlicet
535 1606 607 1656 hunc
624 1604 741 1656 Flavium
758 1617 805 1655 ca-
842 1603 881 1655 ios
894 1605 992 1654 Horatii
1006 1605 1171 1669 temporibus
1181 1605 1207 1655 in
1219 1605 1369 1666 usuiuisse,

278 1683 434 1735 thedrnrum
457 1681 597 1732 doctorem
620 1679 655 1742 (id
678 1683 731 1741 est,
750 1677 806 1728 ludi
842 1678 869 1729 id
887 1679 960 1742 qnod
977 1680 1042 1731 satis
1056 1680 1186 1730 refutetur
1197 1681 1371 1732 monumento

277 1757 442 1823 magistrum)
469 1757 580 1808 baisse.»
610 1758 704 1806 Poura.
739 1756 805 1804 Toto
843 1752 1005 1818 Capitolino,
1033 1752 1164 1818 explicato
1188 1767 1371 1819 expressoque

277 1833 336 1886 loco
360 1831 492 1895 significat
518 1831 648 1881 Venusiae
672 1842 725 1880 non
750 1831 805 1878 tam
843 1829 1036 1892 aboettigero.
1057 1827 1302 1890 comminuent,
1320 1829 1369 1881 u:

278 1907 379 1960 litteras
397 1919 479 1971 quam
497 1905 694 1966 arithmeticen,
714 1905 805 1968 utpote
841 1908 955 1966 ponatur
982 1903 1110 1963 cotcutus,·
1135 1905 1219 1954 adsim
1243 1904 1305 1954 Cum
1330 1909 1372 1954 to-

278 1983 313 2034 ad
337 1983 420 2032 vitam
443 1979 548 2031 civilem
572 1984 681 2044 praeter
702 1981 806 2030 ceteras
843 1979 902 2030 nuta
923 1979 1007 2042 pueri.
1050 1981 1138 2043 Atque
1166 1978 1234 2030 haec
1259 1979 1370 2042 quidem

278 2061 350 2109 artes
367 2056 562 2116 necessariam,
591 2054 681 2106 doceri
702 2051 807 2104 solitam
843 2053 957 2119 volgaris
991 2057 1032 2106 est
1067 2053 1213 2118 explicatio.
1270 2055 1372 2104 Verum

281 2145 352 2182 esse.
389 2129 441 2180 Cir.
461 2131 491 2180 Α.
511 2132 539 2178 P.
552 2127 609 2178 325.
646 2128 716 2178 Scite
735 2127 764 2177 C.
777 2127 804 2177 F.
843 2128 920 2192 longe
933 2127 1073 2179 meliorem
1085 2141 1183 2180 censeo
1199 2141 1372 2192 eem,quam

280 2207 450 2256 hermannus
468 2205 494 2254 in
511 2205 603 2266 Progr.
622 2202 706 2253 binrh.
731 2201 804 2252 1838.
843 2204 870 2254 in
896 2207 986 2266 Progr.
1013 2202 1146 2266 hinrburg.
1176 2203 1249 2254 1838.
1273 2215 1301 2266 p.
1329 2202 1369 2254 31.

279 2293 306 2345 p.
324 2280 372 2329 22:
394 2277 494 2328 1Facile
512 2278 599 2342 patior
609 2277 806 2327 Venusinorum
844 2277 918 2330 dedit
946 2279 976 2328 C.
1009 2279 1036 2328 F.
1070 2277 1238 2328 hermannus
1266 2275 1372 2338 dicens,

281 2353 415 2416 scholam,
444 2352 552 2417 qualem
578 2353 701 2403 Horatius
726 2350 805 2412 vidit,
844 2355 918 2403 recte
936 2350 1053 2403 tabulam
1068 2350 1374 2403 iilamaschoiiastaad

281 2442 334 2480 non
363 2428 489 2479 deteriori
522 2427 677 2478 condicione
706 2426 805 2487 inisse,
845 2426 980 2479 scribendi
1004 2426 1204 2478 meditationem
1229 2427 1323 2478 reterri
1347 2431 1374 2478 et

281 2517 363 2568 quam
388 2502 458 2555 iliam
484 2503 510 2552 in
527 2503 667 2566 Apennino
692 2503 719 2553 in
741 2499 807 2551 Vilia
844 2503 937 2552 locutos
953 2500 1102 2564 significare
1120 2501 1208 2564 potins
1227 2499 1372 2552 «librorum

281 2579 388 2640 Martis,
417 2577 463 2627 ubi
490 2576 596 2628 dnobus
621 2575 718 2629 secutis
746 2577 809 2640 post
846 2576 1054 2639 chartarumque
1072 2577 1099 2624 et
1116 2573 1168 2625 stili
1187 2577 1372 2639 repositoria.-

282 2652 390 2704 Heirius
407 2653 543 2709 Pertinax,
567 2654 594 2702 et
610 2653 667 2716 ipsc
685 2650 808 2703 libertino
840 2651 940 2706 ,Totum
950 2648 1039 2700 iocum
1049 2648 1174 2700 dabimus
1184 2651 1211 2700 in
1221 2650 1341 2700 Excursu
1352 2651 1372 2700 1.

280 2731 356 2794 patre
374 2729 465 2788 natus,
483 2726 577 2778 titteris
589 2725 769 2778 elementariis
782 2728 810 2775 et
880 2725 922 2774 75.
949 2723 1021 2774 ibent
1038 2725 1132 2774 octonis
1157 2724 1220 2785 cet]
1247 2721 1375 2787 «Singulis

282 2800 383 2854 caiculo
401 2801 519 2852 imbutus
536 2795 716 2852 esse'dicitur.
753 2798 807 2850 Cir.
846 2796 938 2849 Idibus
967 2799 1094 2861 magistro
1120 2797 1268 2849 atterebant
1295 2811 1376 2850 meu-

282 2875 330 2928 lul.
351 2874 461 2942 Capitol.
480 2877 601 2926 Pertinax
620 2877 661 2926 ⁴.»
682 2903 709 2912 -
721 2873 811 2939 mopsi
847 2875 950 2925 struem
962 2873 1132 2934 mercedem,
1151 2867 1186 2922 τὸ
1197 2870 1374 2944 δίδακιρον.»

283 2978 297 2990 -
310 2951 394 3015 poert]
413 2963 496 3014 «quos
515 2949 714 3014 quodammodo
726 2948 812 3012 suspi-
848 2950 898 2999 Pro
915 2947 1020 3012 naumis
1037 2947 1102 2998 dixit
1112 2949 1217 3010 octonis,
1239 2949 1300 3013 quia
1313 2947 1375 3000 idus

284 3025 392 3076 ciebant
408 3025 557 3091 municipes
574 3024 649 3086 ideo,
672 3022 744 3087 quod
761 3021 811 3072 orti
848 3035 942 3073 omnes
954 3023 980 3072 in
992 3025 1116 3073 octavum
1127 3027 1189 3088 post
1203 3025 1292 3073 Nonas
1304 3023 1376 3074 diem

285 3103 363 3152 erant
379 3114 394 3151 e
412 3098 625 3160 centurionibus,
643 3099 720 3160 viris,
740 3099 769 3148 ut
785 3098 811 3147 in
848 3097 983 3160 incidunt,
1010 3097 1079 3159 sive,
1106 3098 1136 3146 nt
1157 3097 1194 3147 ait
1215 3096 1375 3159 Lambinus,

285 3173 411 3241 oppidulo
428 3172 485 3235 iiio,
511 3172 588 3225 claris
605 3176 686 3237 atque
704 3170 813 3223 illustri·-
849 3171 944 3223 iduum
966 3170 1024 3223 dies
1044 3173 1106 3222 sunt
1128 3174 1197 3222 octo.
1218 3199 1247 3209 -
1264 3173 1378 3236 resm-

285 3251 363 3303 bus.»
383 3251 458 3314 (Satis
475 3251 566 3301 minen
584 3248 759 3313 contemptim
778 3247 812 3297 de
849 3245 898 3311 tec]
927 3244 1052 3309 asingulis
1077 3245 1218 3298 mensibus
1243 3259 1275 3298 ex
1301 3258 1377 3297 more

285 3327 318 3378 its
342 3325 460 3388 loquitur
487 3323 594 3374 Persius
620 3325 674 3372 sat.
695 3321 728 3384 3,
761 3323 810 3372 ti:
850 3333 944 3372 rursus
961 3320 1117 3380 terentes;»
1144 3321 1193 3372 nisi
1210 3334 1276 3372 vero
1293 3319 1379 3386 expu-

286 3399 379 3462 atiquo
392 3399 422 3447 de
432 3401 504 3460 pente
519 3397 619 3445 bircam
629 3397 812 3446 oecononum.
851 3407 913 3446 care
930 3397 1060 3459 praestat:
1081 3409 1145 3459 apro
1160 3409 1242 3461 opera
1261 3397 1287 3446 in
1299 3395 1380 3447 antii·

175 3487 179 3496 ·
286 3475 312 3534 b,
332 3471 393 3522 ⁴89:
412 3469 589 3520 Dtnertsbaec
605 3470 670 3519 tuter
685 3470 813 3518 oortcoeor
851 3471 948 3521 metica
977 3470 1129 3534 ceterisque
1157 3468 1298 3522 elementis
1327 3471 1379 3521 do-

286 3542 463 3608 cmtum'oncs.)
487 3569 515 3580 —
536 3543 657 3608 ιιιιροιιιὶ]
677 3539 813 3614 ιε’ξηριη-
851 3544 944 3596 condis
965 3542 1093 3595 collocata
1117 3547 1146 3596 ut
1168 3543 1287 3596 debitam
1304 3557 1379 3596 mer·

286 3623 381 3688 μένοι,
397 3620 443 3683 qui
457 3617 509 3669 sibi
523 3617 727 3683 suspendebant
737 3617 813 3669 laevo
851 3619 947 3671 cedem
973 3619 1089 3670 terentes
1114 3620 1267 3683 magistro.»
1305 3620 1379 3671 Hanc

287 3695 399 3748 brachio
410 3693 513 3752 mutos,
532 3705 628 3758 capsas
640 3691 812 3756 calculorum,
852 3696 925 3745 enim
942 3692 1025 3744 debiti
1037 3693 1174 3746 notionem
1186 3695 1213 3745 in
1223 3695 1284 3760 ipso
1295 3694 1379 3746 verbo

288 3771 387 3836 quihus
415 3767 560 3818 utebantur
587 3767 613 3817 in
642 3767 814 3820 conficiendis
850 3771 959 3835 referre,
986 3771 1017 3818 ut
1038 3769 1065 3819 in
1090 3763 1263 3842 ἀποφέρειν,
1290 3771 1378 3832 recte,

287 3843 437 3897 rationibus
454 3856 468 3894 a
490 3841 544 3894 iudi
567 3843 693 3906 magistro
715 3855 816 3907 propo·
852 3845 978 3908 utputo,
997 3843 1087 3894 inesse
1104 3847 1199 3894 censet
1216 3845 1246 3895 C.
1265 3845 1292 3895 F.
1312 3845 1381 3896 tier-

289 3921 372 3973 sitis.»
401 3920 477 3971 Hunc
491 3931 602 3969 versum
622 3917 715 3969 festive
733 3931 815 3982 repe·
853 3931 976 3969 mannus.
1021 3919 1093 3969 Haec
1118 3920 1210 3969 autem
1238 3917 1381 3984 simplicis-

289 3993 321 4044 tit
337 3993 402 4057 Epp.
417 3993 446 4055 t,
466 3994 493 4052 t,
512 3992 554 4043 to.
569 4019 596 4029 -
610 3991 731 4054 ιιιὺιιὶιιι]
745 3991 816 4042 «cai-
853 3995 919 4045 sima
945 3995 989 4044 est
1011 3993 1193 4058 interpretatio
1216 3992 1269 4044 loci
1285 3993 1381 4044 admo-

289 4065 458 4126 culatoriam,
483 4066 509 4115 in
527 4077 580 4130 qua
598 4067 625 4116 et
646 4065 815 4116 characteres
853 4066 918 4119 dum
930 4068 1107 4129 controversi,
1119 4081 1153 4118 ac
1164 4069 1307 4133 propterea
1318 4079 1381 4118 eam

289 4141 471 4192 arithmeticos
496 4139 624 4190 notabant
649 4141 677 4189 et
701 4137 816 4192 calculos
853 4143 879 4192 in
907 4143 1105 4193 Commentario
1130 4141 1233 4208 reliqui.
1279 4143 1381 4193 Verum

291 4215 414 4266 ordinare
431 4213 599 4266 discebant.»
628 4213 713 4265 Coun.
735 4214 814 4272 cauo.
853 4213 932 4280 longe
957 4214 1049 4278 ailam,
1079 4219 1107 4267 et
1131 4217 1295 4280 ingeniosam
1320 4215 1382 4280 qui-

290 4288 468 4358 titocbenbret.)
498 4287 602 4354 Optime
620 4287 654 4340 de
671 4289 713 4342 his
730 4287 818 4341 caicu-
855 4289 933 4352 dem,
952 4290 982 4340 C.
1001 4291 1028 4341 F.
1048 4291 1206 4354 hermanni,
1230 4291 1273 4342 cui
1291 4291 1381 4341 umen
