3156 4972
570 485 630 534 tiis.
650 485 681 534 ll.
716 483 784 534 sn.
804 485 834 534 v.

568 824 779 886 um
806 825 859 886 V·

206 967 275 1034 lloc
297 983 448 1054 quoque,
472 966 609 1044 Tiresia,
633 975 763 1052 praeter
784 976 911 1032 narrata
934 969 1054 1054 petenti

206 1086 396 1175 Responde,
420 1085 539 1174 quibus
561 1086 697 1153 amissas
720 1105 873 1174 reparare
896 1109 1015 1174 queam
1037 1107 1091 1156 res

195 1295 227 1344 V.
257 1296 287 1346 ln
312 1307 345 1344 eo
370 1292 482 1358 populo,
510 1291 581 1358 apud
608 1305 691 1357 quem
729 1294 830 1345 Seneca
847 1293 1025 1356 debonati,
1045 1295 1085 1347 38.
1116 1295 1198 1362 Epist.
1211 1297 1253 1348 68.

163 1369 284 1432 ingentes
302 1381 368 1432 opes
379 1381 429 1432 per
440 1367 516 1432 plura
529 1365 619 1418 secula
631 1379 692 1417 coa-
729 1367 793 1420 Plin.
818 1369 850 1420 li.
873 1371 904 1420 N.
929 1369 969 1422 il.
1005 1372 1143 1422 prooem:
1170 1371 1255 1432 Coepit

162 1445 302 1502 servatae,
329 1454 418 1505 neque
442 1454 491 1492 ese
514 1455 564 1506 per
585 1451 691 1491 merca·
728 1443 823 1493 orbitas
838 1445 865 1494 tn
881 1445 1032 1495 oeectoritete
1047 1459 1146 1496 mermes
1161 1451 1185 1496 et
1204 1459 1254 1508 po-

162 1521 251 1568 turam
277 1518 324 1567 sut
347 1517 515 1580 opilloiorum
540 1519 568 1567 et
593 1517 690 1566 artium
727 1518 805 1568 tentia
821 1531 879 1568 esse.
914 1517 1031 1570 luvenal.
1052 1521 1106 1570 sat.
1128 1521 1169 1570 it.
1203 1522 1254 1570 Pe·

162 1591 293 1642 industris
304 1590 437 1642 laboriose
450 1591 628 1655 conquisitae,
641 1589 691 1640 sed
728 1593 797 1643 tron.
810 1591 863 1642 Sat.
880 1591 953 1644 iit:
978 1593 1112 1656 Amplioris
1135 1593 1255 1657 [ortunae

161 1679 193 1717 ex
220 1668 278 1715 toto
303 1667 436 1716 terrarum
463 1665 530 1716 orbe
558 1663 691 1715 bellorum
723 1669 828 1718 mmm
844 1673 990 1730 ᾳιιαοιιιιωι
1005 1669 1138 1719 incidimus
1153 1669 1180 1718 in
1197 1674 1254 1720 tur·

160 1741 262 1805 rapinis
285 1741 396 1790 coactae
421 1741 448 1790 et
473 1752 608 1790 summam
626 1750 691 1788 avu-
728 1743 787 1792 boen
818 1743 1019 1805 heredipetarum
1057 1745 1251 1806 sciscitantium,

160 1817 250 1866 titiam
267 1817 309 1875 et,
339 1815 412 1864 Livio
428 1816 516 1874 teste,
542 1814 691 1863 destiterim
727 1819 794 1879 quod
809 1831 887 1881 penses
902 1818 1044 1879 irminam,
1068 1823 1113 1868 aut
1129 1819 1253 1869 undene-

156 1903 204 1953 ρον
221 1891 315 1939 lumen
331 1894 406 1950 atque
423 1888 548 1938 libidinem
567 1889 691 1950 paeanii
726 1891 854 1942 triremos?
866 1895 892 1942 et
904 1891 1001 1942 crebro
1014 1893 1084 1956 apud
1097 1893 1251 1954 Luclanum,

156 1965 330 2029 paedeneiqm
345 1963 432 2013 manis
454 1963 636 2027 peperissent;
663 1963 689 2012 in
727 1968 757 2016 nt
773 1964 929 2016 Dialblort.
943 1966 967 2016 6.
992 1966 1251 2029 Contrabosigitur,
1334 1957 1337 1962 ’

159 2053 190 2091 so
216 2040 298 2103 igitur
319 2036 419 2103 populo
442 2049 475 2087 ea
497 2050 541 2088 ars
561 2050 620 2088 rem
640 2051 690 2088 au·
727 2041 773 2103 qni
799 2039 978 2100 vocabantur,
1009 2043 1158 2106 captatores
1186 2041 1254 2091 haee

158 2113 255 2178 gandi,
282 2125 351 2177 quae
372 2114 398 2162 in
416 2111 466 2162 bac
483 2113 568 2162 Satira
586 2111 690 2164 descri-
727 2115 810 2164 Satira
822 2115 973 2179 conscripta
985 2117 1041 2176 est,
1060 2128 1155 2166 omnes
1167 2113 1252 2176 dolos,

158 2187 249 2248 bitur,
272 2185 392 2252 plurimis
410 2187 502 2249 utique
520 2187 626 2237 innoxie
647 2187 690 2236 at·
727 2189 853 2252 artificia,
872 2189 980 2241 insidias
997 2187 1169 2252 describens,
1193 2191 1254 2254 qui-

158 2275 211 2328 qne
236 2261 310 2312 adeo
338 2259 449 2312 honeste
475 2259 558 2310 videri
586 2259 687 2312 debuit.
726 2262 778 2314 bus
795 2264 918 2315 homines
929 2265 971 2314 isti
983 2263 1021 2314 nti
1032 2263 1163 2314 solebant.
1187 2265 1253 2314 Znnn

159 2341 208 2388 Per
225 2334 362 2386 bellorum
374 2335 447 2386 enim
461 2333 577 2386 civilium
594 2333 689 2386 turbas
727 2350 760 2388 ea
769 2339 935 2388 Haraooarro.
954 2339 991 2388 Ex
1001 2337 1094 2388 festiva
1105 2341 1196 2388 autem
1207 2350 1254 2401 pa-

159 2423 257 2476 magna
277 2410 375 2460 civium
398 2421 460 2472 pars
478 2421 586 2458 omnem
603 2421 692 2472 prope,
727 2412 802 2462 rodis
828 2413 983 2472 Homerios,
1016 2413 1042 2463 in
1072 2425 1125 2476 quo
1153 2425 1252 2476 genere

158 2485 312 2537 honestatis
329 2486 356 2534 et
372 2483 479 2534 decoris
496 2494 606 2534 sensum
624 2483 690 2532 emi·
726 2486 797 2552 apud
823 2487 938 2537 Graecos
964 2484 1131 2537 excellebant
1155 2484 1253 2537 Σίλλοι

158 2565 247 2621 sernt;
276 2562 356 2623 atque
378 2571 440 2608 cum
463 2559 527 2608 satis
550 2555 689 2622 exemplo-
726 2561 843 2613 Timonis
860 2560 977 2622 Phliasii,
1005 2560 1090 2614 Ulixes
1106 2562 1192 2626 pergit
1212 2563 1253 2612 in-

158 2649 218 2686 rum
257 2633 382 2684 Horatius
415 2631 511 2695 aliique
544 2633 689 2696 scriptores
727 2637 864 2699 terrogare
881 2635 915 2685 ds
932 2635 1159 2686 vicissitudinibus
1181 2635 1252 2686 lutu⁴

158 2710 240 2761 nobis
270 2706 433 2772 praebeant,
470 2707 603 2756 Romanos
631 2707 689 2756 eius
725 2723 772 2760 ree
790 2723 855 2760 suae
872 2710 952 2770 vitoe,
971 2710 1101 2774 imprimis
1113 2709 1147 2760 de
1160 2701 1253 2761 cerlis·

157 2787 271 2847 aetatis,
298 2788 329 2835 ut
353 2783 457 2834 divitias
483 2783 686 2847 conquirerent,
726 2785 795 2835 slmo
828 2793 893 2847 opes
928 2784 1040 2834 emisses
1073 2783 1250 2846 recuperandi

158 2860 263 2912 nullum
280 2857 384 2921 legibus
400 2858 513 2908 vetitum
530 2856 631 2908 lacinus
643 2869 690 2907 ne-
726 2857 820 2918 modo‚
832 2857 900 2908 vatis
911 2857 1029 2908 Thebani
1041 2856 1175 2918 umbram,
1190 2871 1253 2908 con-

157 2949 210 2999 que
229 2933 343 2999 periurii
360 2944 410 2982 nec
432 2931 580 2997 parricidii,
607 2931 688 2982 uide
726 2934 831 2983 tinuens
857 2933 932 2995 quasi
952 2945 995 2981 vv.
1017 2932 1113 2995 odyss.
1134 2929 1164 2991 i,
1193 2931 1249 2981 ⁴37.

157 3009 272 3062 immani
301 3007 393 3058 tenore
421 3005 560 3068 sileamus,
597 3006 689 3057 detre-
726 3005 899 3071 tepidissime
917 3017 982 3055 sane
1004 3018 1054 3069 per
1075 3005 1159 3055 totam
1183 3006 1251 3055 Sall-

157 3087 265 3142 classe,
292 3083 391 3145 quanto
415 3082 503 3131 minus
528 3081 580 3132 hoc
605 3080 688 3131 artili-
725 3093 783 3130 ram
801 3080 938 3129 heroicam
951 3077 1028 3131 Ulixis
1039 3091 1185 3142 personam
1196 3091 1252 3129 res·

156 3162 230 3210 cium
247 3156 491 3228 reformidaverini,
510 3156 582 3218 quod
600 3168 687 3220 neque
725 3167 778 3218 que
795 3153 829 3204 eb
847 3167 880 3204 eo
898 3151 933 3202 ad
950 3153 1055 3202 'l'roiem
1077 3157 1166 3215 gestas
1188 3166 1250 3203 eor-

156 3231 231 3298 legss
258 3233 395 3292 vetarent,
425 3233 452 3280 et
477 3229 549 3292 quod
577 3234 632 3281 mm
660 3231 687 3281 in
725 3230 809 3294 ruptis
827 3229 1006 3280 Rornanorum
1025 3226 1145 3278 moribus
1165 3228 1251 3277 conti-

156 3307 271 3373 proclivi
289 3308 373 3366 esset,
392 3305 519 3368 quonism
537 3306 563 3355 in
575 3304 616 3356 his
628 3318 688 3369 pse
725 3316 778 3354 nuo
798 3304 834 3352 ita
850 3302 999 3363 immiscet,
1027 3305 1057 3352 ut
1081 3301 1149 3351 mire
1166 3314 1250 3365 quae-

157 3383 218 3435 ditis
237 3379 361 3431 moribus
372 3377 488 3430 caelibes
499 3383 528 3430 et
538 3379 597 3429 orbi
614 3380 687 3430 avari
725 3378 787 3429 darn
799 3391 884 3428 novae
897 3378 979 3436 vitae,
994 3377 1029 3426 ita
1042 3377 1064 3428 si
1076 3373 1166 3427 dicere
1178 3375 1248 3436 licet,

157 3459 182 3509 in
199 3457 263 3508 dies
279 3457 454 3518 augerentur,
473 3457 553 3517 atque
571 3467 687 3505 consue-
724 3453 847 3505 satiricos
871 3454 898 3502 et
922 3447 1120 3516 φανταστικῆς
1145 3453 1251 3515 species

157 3531 221 3582 tudo
241 3530 368 3580 Romanis
386 3527 552 3592 frequentata
571 3531 687 3580 maiores
724 3525 786 3578 inde
804 3527 911 3577 orimur.
932 3553 960 3564 -
978 3527 1095 3591 Tempus
1115 3525 1250 3589 composi-

156 3607 311 3657 amicosne
336 3605 500 3668 potentiores
521 3605 593 3654 cives
614 3604 686 3654 omnl
724 3603 802 3653 tionis
824 3603 957 3651 incertum
974 3602 1028 3661 est;
1055 3601 1153 3663 scripta
1172 3599 1249 3650 vide-

155 3692 259 3744 ssenere
282 3679 431 3730 ciliciorum
450 3679 630 3743 prosequendi
654 3691 687 3730 eo
724 3679 767 3727 tur
782 3675 929 3726 Kirchnero
945 3689 970 3726 e.
989 3690 1016 3727 u.
1035 3689 1059 3726 c.
1078 3675 1147 3735 iit,
1166 3675 1249 3724 Fran-

157 3753 308 3805 laciliorem
325 3751 427 3803 aditum
444 3751 479 3803 ad
497 3753 628 3804 eiusmodi
641 3754 688 3804 ho-
723 3751 766 3801 kio
790 3764 813 3800 a.
838 3751 911 3811 itt,
938 3748 1107 3800 Grotelendio
1130 3761 1155 3798 a.
1178 3747 1247 3808 723,

156 3829 245 3879 mines
269 3826 431 3890 praeberet‘i
456 3827 492 3877 lta
516 3827 624 3878 undem
646 3827 687 3878 la·
723 3823 779 3876 aliis
802 3837 826 3875 a.
852 3823 925 3875 itt:
952 3823 994 3875 alii
1018 3823 1128 3888 propter
1149 3835 1192 3871 vv.
1217 3823 1249 3872 64

156 3903 231 3952 ctum
250 3902 307 3962 est,
326 3903 356 3950 ut
373 3898 486 3951 tortasse
504 3901 530 3950 in
547 3899 618 3950 nullo
635 3899 686 3952 allo
723 3913 799 3963 seqq.
820 3900 877 3949 sine
895 3911 976 3950 cansa
993 3897 1113 3949 selemnt
1130 3896 1164 3946 sd
1182 3909 1205 3947 a.
1220 3910 1246 3946 u.

156 3974 257 4042 populo
274 3975 361 4038 magis
372 3986 454 4038 quem
464 3973 535 4039 apud
553 3977 686 4026 Romanos
723 3989 747 4024 c.
766 3973 823 4024 ist.
842 3972 884 4024 val
902 3975 1072 4036 sequentem.

156 4050 208 4100 hoc
237 4051 463 4100 testamentorum
491 4049 685 4113 captandorum
757 4050 811 4098 4-5.
831 4047 932 4112 Tiresia]
949 4051 977 4098 ln
989 4057 1124 4096 marmore
1137 4046 1247 4098 Etrusco

156 4124 277 4174 studium
297 4123 332 4173 ab
358 4123 522 4188 beredipstis
548 4125 684 4187 tamquam
723 4123 795 4188 apud
815 4123 957 4186 inghirsmi
975 4121 1041 4172 Gall.
1061 4121 1143 4171 Omer.
1163 4123 1204 4172 lli.
1218 4136 1245 4188 p.

157 4197 299 4261 singularis
316 4197 450 4261 quaedem
468 4211 512 4248 ers
524 4199 551 4248 et
561 4198 686 4262 proprius
724 4199 779 4248 l8t.
798 4196 863 4247 Tnb.
885 4197 947 4246 tili.
975 4195 1090 4246 Tiresias
1116 4195 1150 4246 ab
1176 4195 1246 4249 Ulixe

157 4275 288 4335 quaestus
314 4275 496 4324 exerceretur.
540 4273 592 4324 Cir.
621 4273 682 4324 Hor.
723 4272 860 4324 consultus
881 4271 960 4322 sedet
977 4273 1002 4322 in
1019 4283 1084 4322 saxo
1106 4272 1245 4336 quadrato,

156 4347 224 4412 lipp.
240 4347 266 4409 4,
288 4347 315 4406 4,
335 4347 376 4396 77.
396 4347 489 4398 Cicero
502 4347 594 4398 Parati.
609 4350 639 4408 5,
658 4349 682 4398 t.
723 4359 805 4414 prope
827 4349 856 4396 ut
877 4347 903 4406 in
925 4345 990 4398 solio
1012 4346 1107 4398 sedere
1126 4345 1247 4398 solebant
