3082 4968
324 465 386 531 l30
623 515 626 520 .
708 467 837 520 nonlru
854 467 1036 521 sarranium

321 624 478 676 Animadvv.
497 639 523 690 p.
543 625 599 675 tis.
619 638 652 675 ex
669 625 734 691 Epp.
749 628 776 687 4,
798 626 842 689 40,
861 627 904 677 to:
923 625 965 676 obt
981 626 1081 690 prutior
1092 639 1159 676 wa
1178 627 1265 679 tentet
1280 629 1411 680 mrem

264 768 267 780 ἱ
322 710 399 761 Canis
414 713 437 760 et
452 713 579 758 momenta
595 709 690 759 teonis.

387 791 483 858 similis
505 795 568 844 sunt
588 791 748 854 verborum,
776 805 845 856 quoe
863 805 927 844 casu
943 793 1111 856 exciderant,
1138 797 1278 846 temeraria
1299 796 1410 862 supple-

321 880 429 929 menta:

386 959 434 1011 Od.
453 959 480 1022 l,
500 960 528 1021 o,
548 961 592 1010 tl:
611 961 666 1012 lien
677 961 781 1022 potorii,
800 960 884 1024 ceptis
900 961 1001 1024 proris,
1019 962 1067 1011 teu
1082 963 1153 1025 nefas
1168 963 1216 1014 beu
1232 965 1284 1013 oet.

383 1045 450 1109 Epp.
463 1044 595 1106 4,2,499;
615 1045 748 1106 suspensa
759 1045 889 1094 mundo
900 1043 996 1095 domus
1005 1046 1097 1106 procot
1107 1045 1186 1096 obsit:
1203 1051 1407 1110 epoutmcet.

384 1126 440 1179 Alie
457 1140 529 1178 nuno
545 1128 652 1178 videtur
669 1127 736 1178 ratio
754 1125 973 1191 interpolationis,
993 1140 1074 1191 quem
1092 1126 1155 1179 olim
1167 1128 1220 1179 buo
1232 1131 1407 1182 traxeramus.

319 1210 426 1264 Ovidius
444 1211 516 1262 enim
533 1212 639 1262 lletom.
659 1211 689 1272 8,
708 1211 765 1262 2³7.
785 1211 946 1275 scripserat:

384 1295 497 1347 Gamla
513 1293 609 1346 limoso
622 1295 755 1356 prospeon't
771 1293 804 1344 ab
821 1292 889 1344 elice
902 1295 1014 1356 pedib:

316 1378 355 1430 nti
377 1391 450 1428 nnnc
466 1379 567 1428 seimus
588 1390 621 1428 ex
644 1375 744 1428 Libello
761 1377 795 1428 de
813 1376 956 1440 gonoribus
973 1379 1112 1430 nominum
1129 1379 1173 1431 ed.
1193 1381 1297 1446 llsuptii
1318 1395 1346 1447 p.
1365 1381 1406 1434 aa.

316 1464 373 1514 lem
390 1461 455 1525 quid
471 1473 554 1512 ausus
571 1463 613 1512 est
630 1459 823 1525 interpolatori

382 1545 496 1596 oman
512 1557 619 1594 ramosa
633 1545 764 1606 prospeoatt
780 1543 812 1593 ub
830 1543 889 1597 ilice
904 1545 1015 1608 paese.-

317 1633 344 1682 in
362 1629 446 1680 Codd.
466 1629 523 1680 sine
540 1629 683 1690 vomente,
711 1641 780 1692 quse
797 1627 832 1678 ed
854 1642 947 1680 veram
965 1627 1048 1680 Ovidii
1065 1643 1175 1681 menum
1193 1643 1242 1682 nos
1258 1630 1405 1695 perducat,

315 1715 367 1766 nisi
388 1711 461 1778 quod
484 1710 651 1775 corruptelae
676 1712 765 1761 tenuis
787 1710 920 1775 quaedem
942 1714 1053 1776 vestigia
1075 1715 1221 1778 supersunt
1242 1715 1268 1764 in
1291 1717 1356 1767 lior.
1382 1718 1406 1767 4.

315 1799 442 1859 elnonem,
460 1798 522 1847 sen.
536 1797 561 1846 2.
574 1807 700 1856 semnoso,
719 1796 780 1844 sen.
794 1796 818 1844 t.
831 1809 946 1846 ramoso:
964 1809 1060 1846 verum
1071 1796 1144 1861 quod
1161 1796 1302 1848 inculcavit
1312 1801 1409 1851 Grem-

315 1883 430 1933 motions
451 1892 563 1946 prorsus
581 1881 712 1943 repugnat
734 1881 762 1928 et
784 1879 840 1930 avis
858 1881 968 1929 naturae
986 1880 1055 1930 etv.
1073 1879 1137 1930 256:
1163 1881 1221 1931 Non
1241 1885 1325 1932 mosen
1347 1883 1408 1934 boso

315 1966 365 2016 atta
380 1964 490 2014 votano
505 1977 553 2013 aaa
569 1975 678 2024 corporo
697 1962 761 2012 tollit
778 1965 828 2012 ost.
859 1961 963 2014 Scilicet
979 1963 1039 2014 elice
1060 1963 1086 2013 in
1103 1963 1184 2014 uicena
1201 1966 1326 2030 corrupto
1343 1967 1408 2018 buia

315 2048 502 2114 quaerendum
515 2048 572 2096 erat
588 2044 659 2096 aliud
677 2045 827 2110 epitheton,
846 2046 920 2110 quod
936 2045 1085 2111 praebebat
1099 2045 1164 2098 elius
1177 2047 1299 2100 eiusdem
1308 2053 1406 2114 potitae

316 2132 392 2183 locus
408 2133 438 2182 Α.
457 2132 488 2181 Α.
507 2130 536 2190 3,
556 2129 621 2180 tis:
640 2129 689 2179 Sed
705 2142 784 2191 neque
799 2143 926 2181 ramoso
942 2130 1085 2181 numerabis
1100 2133 1127 2180 tn
1144 2131 1211 2180 ilice
1226 2131 1338 2194 abactas.

381 2216 418 2268 Ex
435 2211 513 2266 simili
530 2212 715 2264 recordatione
733 2214 790 2262 orte
808 2213 850 2264 est
865 2211 1033 2278 interpolatio
1051 2213 1116 2278 Epp.
1137 2214 1166 2272 4,
1186 2213 1231 2273 48,
1250 2214 1298 2262 st:
1429 2189 1435 2212 ⁸

444 2299 558 2357 Potores,
576 2294 659 2345 bibuli
678 2296 766 2346 media
784 2295 818 2346 de
836 2299 914 2348 nocte
933 2295 1034 2348 Felemi

446 2381 565 2432 Oderunt
575 2385 697 2443 porrecta
713 2385 845 2444 nepotalem
859 2381 965 2444 poeula,
991 2381 1106 2443 quumvis
1119 2404 1158 2441 -,
1177 2380 1222 2430 ubi
1240 2381 1300 2432 vide
1319 2383 1407 2435 adno·

481 2465 617 2516 tationem.
