3090 4974
350 475 413 540 690
766 472 768 478 ·
831 471 962 532 nonam

393 633 567 718 Serpentes
590 627 703 694 avibus
724 627 940 714 geminentur,
964 624 1100 712 tigribus
1123 627 1205 712 agni.

392 752 529 839 {neentis
551 749 702 838 gravibus
724 749 916 836 pierumque
939 757 972 814 et
994 767 1109 834 inagna
1131 747 1285 834 professis

392 876 592 960 Purpureus,
618 869 679 936 iate
702 870 756 956 qui
780 867 963 957 splendeat,
987 889 1070 934 unus
1093 879 1126 936 et
1147 867 1227 934 aiter
1262 891 1269 908 ·
1395 866 1425 930 ii

392 994 544 1060 adsuitur
565 1013 704 1080 paunus,
728 1011 802 1058 cum
823 989 917 1058 lucus
940 1001 973 1056 ei
994 1009 1051 1056 ara
1074 989 1196 1056 Dianae

392 1117 429 1183 Et
451 1114 655 1203 properantis
677 1133 782 1200 aquae
804 1131 1040 1200 peramoenus
1062 1111 1202 1178 ambitus
1224 1131 1338 1198 agros,

418 1322 458 1373 ra.
478 1321 536 1372 aas
552 1321 581 1371 e.
606 1347 633 1356 -
653 1321 692 1370 n.
712 1320 751 1383 au
769 1321 817 1370 au
834 1321 860 1370 s.

350 1525 364 1562 a
388 1510 466 1575 poeta
488 1521 540 1558 non
562 1506 693 1557 debent·
719 1533 745 1542 —
772 1505 875 1570 cochet]
913 1505 965 1570 ctu]
984 1507 1100 1570 Respicit
1116 1505 1151 1556 ad
1162 1506 1189 1555 h.
1202 1504 1218 1555 i.
1232 1507 1339 1558 Persius
1352 1507 1362 1556 4
1373 1545 1377 1562 ,
1389 1506 1426 1554 no:

350 1586 389 1636 ci,
403 1586 469 1649 Epp.
484 1584 507 1644 i,
522 1584 547 1641 e,
560 1583 604 1630 25:
623 1586 652 1630 ot
668 1584 740 1630 coeni
752 1595 805 1643 por
818 1583 877 1631 4444-
913 1593 957 1630 nec
972 1593 1067 1642 ponem
1083 1581 1167 1630 iocum
1183 1581 1305 1644 artificem
1325 1578 1401 1630 ueluti
1411 1579 1429 1627 si

349 1658 551 1724 potorquepon'.
566 1681 594 1690 -
609 1656 739 1717 Serpentes
748 1655 809 1720 cet]
823 1655 875 1705 Etsi
913 1656 984 1718 Virg.
998 1656 1063 1704 den.
1077 1653 1107 1714 3,
1126 1655 1186 1704 679;
1206 1655 1292 1716 quoles
1310 1668 1366 1705 cnm
1380 1667 1429 1703 cer-

350 1734 479 1798 primum‚
498 1734 528 1780 ot
545 1731 579 1780 ita
598 1729 700 1789 dicam,
720 1732 801 1794 caput
816 1727 877 1779 iibri
912 1731 960 1780 tice
975 1730 1038 1779 coho
1054 1729 1146 1779 4444444
1163 1727 1332 1792 4444444444
1346 1729 1428 1790 conife-

350 1808 445 1858 finiens
462 1805 531 1855 redii
542 1803 742 1868 quodammodo
753 1803 788 1853 ad
799 1817 824 1852 v.
839 1805 874 1865 4.,
911 1817 959 1854 ros
969 1805 1092 1865 cupos-ieri
1104 1804 1284 1866 coniurata,
1305 1805 1370 1854 atton
1385 1803 1429 1852 otio

350 1881 400 1932 aiia
417 1874 545 1932 ἀδύνατα
556 1879 722 1943 significans,
741 1876 823 1928 noiirn
835 1879 877 1928 ta-
912 1878 977 1928 iooir
1001 1879 1101 1926 4444444444
1124 1878 1240 1936 osam,
1272 1891 1337 1928 cnm
1361 1877 1429 1929 dixit.

351 1954 571 2006 amanteum
594 1952 723 2004 tambino
744 1953 877 2017 interpre-
914 1951 1042 2016 deinceps
1068 1952 1093 2002 in
1120 1952 1161 2001 his
1187 1951 1373 2002 describendis
1392 1951 1430 1999 diu

350 2031 401 2081 ieri
417 2029 451 2078 de
469 2029 561 2080 iormis
579 2028 756 2078 monstruosis
773 2040 807 2077 ex
822 2039 877 2078 ser-
914 2028 1071 2076 immoratos
1089 2029 1169 2077 esset.
1199 2025 1268 2077 Taiis
1285 2031 1376 2078 autem
1395 2023 1430 2074 iu·

350 2106 430 2170 pente
449 2105 476 2152 et
492 2105 547 2164 avi,
567 2117 601 2154 ox
617 2101 711 2165 tigride
728 2103 754 2152 et
770 2113 838 2164 agno
851 2101 876 2150 in
914 2115 962 2151 cus
979 2101 1087 2165 copiose
1105 2101 1220 2152 describi
1247 2105 1353 2166 poterat
1368 2105 1393 2150 et
1409 2102 1429 2148 in

350 2177 581 2236 unumcouiiatis;
600 2176 784 2240 sadpememrt
799 2175 877 2238 signi·
914 2178 1027 2238 utraque
1050 2174 1183 2239 iphigenia
1205 2176 1233 2225 et
1255 2175 1300 2226 uhi
1330 2178 1430 2227 Dianam

351 2253 413 2302 iicet
429 2249 561 2315 ‹copuiari
576 2253 602 2300 et
620 2249 751 2315 placidam
762 2251 877 2300 societa·
914 2252 1108 2300 Nemorensem
1136 2251 1239 2301 Ariciae
1267 2249 1368 2302 cultam
1392 2247 1428 2312 (ci.

351 2330 406 2376 tem
417 2326 616 2387 amicitiamque
629 2325 723 2374 inire.»
739 2323 777 2374 Ci.
791 2322 875 2387 Epod.
914 2323 1040 2385 Straboti‚
1054 2324 1088 2386 3.)
1107 2327 1270 2376 memoraret
1281 2329 1369 2388 poeta.
1391 2323 1430 2386 (id

352 2399 443 2460 taso
454 2411 514 2462 sqq.
542 2399 578 2448 En
597 2397 677 2448 altem
690 2399 791 2447 ratione
805 2397 877 2448 haud
914 2398 1077 2462 Iphigeniam
1093 2396 1208 2461 aliquam
1226 2400 1349 2450 Latinam
1361 2400 1431 2449 iiom

350 2474 430 2524 nimis
441 2473 507 2523 scite
521 2473 664 2534 imaginem
677 2474 702 2522 in
714 2472 823 2523 exordio
836 2485 878 2524 sa·
915 2476 1000 2524 tianae
1018 2476 1112 2525 aetatis
1129 2475 1197 2524 haec
1215 2475 1295 2525 reiert
1317 2473 1431 2526 Weiciier

351 2549 384 2600 tis
401 2546 612 2598 demonstratam
629 2545 710 2596 veluti
731 2549 875 2610 repeteret.
914 2547 1005 2612 Suppi.
1019 2550 1049 2601 V.
1065 2551 1095 2600 ii.
1109 2550 1137 2599 T.
1152 2551 1194 2599 iii.
1212 2563 1238 2614 p.
1259 2549 1344 2612 iton.)
1364 2575 1389 2584 -
1406 2547 1431 2596 Et

383 2622 487 2673 ti-ts.
514 2621 698 2688 inceptiones]
729 2624 876 2672 «Poematn
913 2625 1075 2685 properantia
1097 2624 1159 2686 cet]
1182 2625 1283 2674 Versus
1307 2625 1373 2688 ipsis
1389 2635 1432 2672 nn·

350 2699 427 2763 opica
449 2700 477 2747 et
495 2697 665 2761 tragoediae,
693 2711 761 2761 qnae
780 2711 875 2762 magna
915 2701 996 2750 meris
1018 2701 1074 2750 suis
1096 2698 1234 2764 praeclare
1257 2699 1431 2750 coniormains

350 2774 484 2836 quaedam
502 2785 534 2822 ao
550 2787 600 2822 non
617 2774 691 2834 priate
707 2774 797 2823 cudda
817 2785 878 2837 pro·
915 2775 957 2825 est
973 2774 1006 2823 ad
1024 2774 1073 2823 rivi
1091 2775 1197 2824 amoeni
1215 2785 1326 2824 cursum
1338 2774 1433 2823 imitan-

350 2849 469 2908 miitunt,
489 2859 571 2910 saepe
584 2849 609 2898 in
622 2861 654 2898 eo
666 2851 789 2911 peccant,
805 2845 877 2910 quod
915 2848 989 2899 dum.
1009 2875 1037 2884 -
1057 2850 1150 2911 4444444444
1172 2849 1290 2910 Rhenum]
1315 2848 1430 2898 adiech'r.

349 2923 493 2986 scriptores
516 2919 587 2972 iaisis
610 2921 748 2972 lenociniis
772 2923 877 2971 utentes
914 2925 944 2973 ut
960 2922 1009 2972 Od.
1022 2921 1052 2983 t,
1070 2923 1099 2983 t,
1118 2923 1163 2973 38:
1182 2925 1330 2974 4444444444
1339 2927 1431 2988 44444444-

350 2996 393 3046 hic
409 2995 462 3046 iilic
479 3008 532 3045 non
549 3008 599 3046 suo
616 2994 675 3046 ioco
690 2998 813 3047 ornatum
832 2995 877 3045 ad·
914 2998 994 3047 Tacit.
1008 2997 1074 3048 iiist.
1089 2997 1118 3058 4,
1138 2998 1184 3047 ia:
1211 3011 1284 3048 more
1304 2999 1431 3048 Oceanus.

349 3069 474 3120 hibent.»
496 3095 524 3106 -
551 3071 878 3132 maenam-ausono
914 3073 1083 3123 idirenutem
1100 3071 1134 3123 de
1153 3073 1244 3123 Rheno
1261 3072 1365 3132 italico.
1384 3072 1433 3122 exi-

346 3144 459 3209 4444444]
478 3142 595 3208 intellige
605 3145 648 3196 vei
665 3146 699 3196 de
713 3149 789 3209 togae
800 3157 878 3209 prae
913 3161 965 3212 guo
978 3147 1049 3212 apud
1061 3147 1206 3198 Bononiam
1219 3147 1344 3208 flumine,
1358 3149 1433 3197 inier-

350 3221 436 3270 textae
454 3217 506 3268 iota
525 3217 600 3268 ciavo
618 3217 660 3270 vei
677 3219 711 3270 de
724 3220 811 3270 instita
823 3221 877 3270 sto·
913 3223 1033 3288 pretatus
1051 3224 1092 3273 est
1108 3223 1127 3271 i.
1146 3223 1176 3272 ii.
1194 3222 1282 3272 Vicus.
1303 3249 1332 3258 -
1356 3219 1431 3282 4444444

351 3291 402 3344 lae.
437 3293 468 3344 V.
492 3293 609 3342 adnuitur
634 3295 721 3358 ipsum
747 3293 877 3356 significet
913 3297 959 3361 qui
977 3297 1113 3360 quomodo
1133 3309 1187 3347 non
1204 3309 1254 3360 per
1265 3296 1385 3361 putidam
1397 3295 1432 3344 di·

350 3366 503 3419 huiusmodi
512 3366 705 3432 descriptiones
718 3367 875 3432 pierumque
913 3372 1080 3436 gressionem
1096 3383 1148 3421 nec
1166 3384 1215 3434 per
1232 3373 1325 3422 inanes
1345 3371 1433 3422 ambs

349 3453 565 3506 supervacaneas
578 3454 655 3501 esse;
675 3441 793 3507 loquitur
804 3445 876 3492 enim
913 3458 972 3509 ges,
992 3445 1040 3496 sed
1057 3445 1163 3509 poetice
1181 3444 1378 3496 describendus
1393 3455 1432 3494 es-

351 3516 466 3566 manime
489 3514 523 3565 de
545 3517 737 3580 intempestivis
755 3529 769 3566 a
787 3530 818 3566 re
834 3516 876 3565 di·
913 3522 968 3580 set,
988 3517 1183 3570 demonstravit
1199 3519 1320 3583 Virgilius
1332 3522 1397 3570 Aen.
1409 3517 1432 3576 t,

350 3587 545 3650 gressionibus,
558 3588 739 3652 ἐπεισοδίοις.
763 3589 875 3653 Singulis
912 3593 976 3643 iiiii:
1004 3594 1072 3656 Ergo
1094 3595 1143 3644 Iris
1164 3595 1260 3644 moenis
1278 3607 1327 3656 per
1342 3595 1433 3644 eodm

350 3665 440 3714 autem
458 3676 528 3726 quae
546 3676 608 3714 mox
630 3668 762 3716 memorat
783 3669 875 3716 notare
911 3667 1013 3718 4444444
1024 3668 1123 3730 pinno,
1147 3668 1217 3718 444444
1235 3667 1336 3718 hahens
1350 3668 1431 3718 44444444

350 3737 456 3788 videtur
472 3739 546 3788 certa
563 3738 697 3802 quaedam
714 3751 779 3789 snae
802 3740 876 3790 aeta-
912 3743 1017 3792 odosrm
1033 3743 1083 3792 sote
1098 3742 1206 3804 catores,
1224 3743 1339 3793 Deootnt.

352 3815 385 3863 tis
397 3813 536 3877 poemata,
552 3811 633 3862 vetuti
643 3811 818 3878 probabiliter
829 3814 877 3863 Fu·
947 3817 1035 3866 itt-23.
1062 3817 1111 3866 Sed
1131 3830 1199 3866 444444
1216 3818 1278 3880 cet]
1298 3817 1342 3867 «id
1366 3813 1431 3880 qnod

352 3888 421 3938 mum
438 3884 593 3936 Bibocuium
612 3888 637 3937 in
653 3887 762 3938 iiumino
774 3888 875 3938 Rheno.
914 3892 941 3940 te
952 3890 1053 3954 ipsum,
1073 3893 1165 3954 poeta,
1184 3891 1206 3940 si
1219 3893 1305 3941 artem
1317 3889 1431 3945 caiiores

353 3961 458 4011 Cisat.
477 3962 506 4022 4,
526 3960 571 4020 iii,
589 3961 630 4010 34.
660 3963 716 4020 Quo
734 3963 760 4012 in
778 3959 876 4026 genero
915 3963 1005 4027 ingere
1023 3978 1194 4029 nequaquam
1211 3965 1357 4016 debebat.»
1386 3965 1434 4013 «Si-

354 4033 499 4086 eiaboravit
515 4035 596 4086 etiam
613 4035 744 4088 Fabianus
762 4035 817 4097 iiie.
843 4036 876 4086 de
915 4039 970 4089 euti
987 4037 1037 4089 alie
1054 4039 1183 4103 temporis
1200 4039 1332 4091 vocabuia
1347 4039 1382 4090 ad
1402 4037 1434 4087 io·

354 4121 408 4172 quo
425 4110 528 4160 Seneca
546 4109 670 4160 controv.
684 4111 708 4160 2.
723 4111 824 4172 Praei:
843 4111 879 4160 to-
916 4125 978 4164 cum
1002 4112 1141 4164 transferri
1166 4111 1265 4176 soient,
1298 4115 1333 4164 iia
1357 4114 1433 4164 etiam

353 4196 442 4233 44444444
457 4183 556 4234 tobim
570 4185 751 4248 nominatisque
762 4187 879 4236 (4444444444
915 4200 994 4248 name,
1014 4185 1087 4250 quod
1104 4200 1154 4252 pro
1165 4187 1205 4237 hic
1217 4189 1347 4252 ponitur·
1367 4187 1433 4236 iiam

354 4265 377 4308 44
393 4257 493 4308 oreon
508 4259 714 4322 chiemense
726 4261 879 4323 popoiomm
915 4263 991 4312 Tura.
1016 4263 1059 4312 iv.
1083 4275 1110 4327 p.
1135 4262 1191 4313 eia.
1220 4289 1248 4300 -
1270 4265 1302 4313 iit
1324 4257 1432 4328 {munel

355 4347 425 4383 moso
448 4333 576 4393 demtipsit
596 4333 773 4384 abundantius.
793 4361 821 4370 -
838 4335 879 4384 444·
917 4335 1001 4386 «doeh
1019 4337 1111 4387 4444444444
1131 4338 1166 4386 do
1181 4337 1300 4388 neodem
1319 4339 1372 4388 eine
1388 4335 1434 4394 04·
