3130 4966
483 1314 541 1378 10.
565 1313 807 1380 deonotus·
837 1314 1068 1382 saltantis

733 1542 758 1590 S.
781 1542 812 1591 D.

665 1745 875 1808 terrori.

299 2074 335 2138 in
356 2071 451 2138 huius
472 2069 643 2138 voluminis
664 2091 743 2138 cura
765 2091 839 2138 cum
857 2071 969 2138 Oreliii
992 2071 1132 2142 schedae
1155 2096 1207 2143 me
1230 2073 1319 2144 dese*

234 2233 368 2308 cissent,
392 2241 634 2318 peropportune
656 2227 733 2296 mihi
755 2229 887 2306 accidit,
910 2241 946 2297 ut
960 2232 1103 2320 Sauppio
1125 2254 1199 2302 meo
1223 2235 1320 2303 inter-

235 2389 373 2458 cedente
391 2391 463 2458 Crn.
478 2391 561 2457 Fam.
579 2389 776 2488 Fouumnnnn
798 2409 926 2457 mecum
944 2391 1209 2468 communicaret,
1233 2413 1319 2480 quae

237 2551 307 2637 ipse
337 2570 397 2616 suo
427 2547 576 2637 exemplo
602 2547 752 2617 editionis
775 2546 958 2616 Orellianae
982 2549 1322 2638 (primneiadnotave-

237 2719 300 2784 rat,
331 2729 436 2797 eaque
464 2729 500 2774 re
528 2707 674 2797 plurimis
702 2707 782 2775 locis
804 2727 913 2774 meum
934 2706 976 2774 de
999 2709 1120 2775 Horatii
1142 2709 1251 2776 verbis
1275 2709 1322 2774 in-

237 2867 453 2955 terpretandis
475 2855 629 2936 iudicium
650 2867 701 2934 vel
724 2867 867 2935 firmaret
888 2867 938 2936 vel
961 2867 1153 2956 corrigeret,
1177 2889 1322 2957 proquo

237 3027 397 3097 beneficio
426 3026 556 3116 publice
585 3048 717 3117 quoque
745 3029 815 3094 viro
838 3027 969 3114 egregio
993 3027 1111 3114 gratias
1133 3048 1193 3114 ago
1217 3027 1323 3094 iustis-

239 3188 346 3254 simas.

302 3345 396 3414 Aliud
408 3346 561 3414 auxilium
575 3345 652 3413 mihi
667 3346 772 3414 attulit
785 3347 904 3414 Guneus
918 3345 1098 3420 Honorum,
1122 3343 1171 3408 vir
1185 3344 1322 3412 maxime

240 3505 455 3584 reverendus,
485 3507 659 3574 Sacrorum
685 3505 817 3573 antistes
845 3515 877 3572 et
898 3503 1162 3574 bibliothecarius
1191 3505 1223 3569 in
1247 3503 1324 3571 Ere-

240 3665 390 3732 mitarum
412 3664 593 3742 Coenobio,
617 3665 674 3752 qui
697 3685 792 3731 suum
815 3663 968 3732 Codicem
991 3663 1126 3740 Horatii,
1154 3683 1253 3750 quem
1275 3660 1325 3728 lit-

242 3832 310 3890 tera
338 3823 371 3889 Ε
399 3823 602 3912 designatum
624 3823 764 3891 Oreliius
784 3822 1042 3904 Einsiedieruem,
1071 3821 1190 3889 rectius
1212 3820 1325 3888 Hirch-

242 4003 339 4050 uerus
363 3983 482 4069 (Novas
505 3983 648 4063 Quaeso.
672 3983 780 4049 Horat.
804 4005 834 4070 p.
856 3983 917 4067 52.)
940 3979 1159 4048 Moreiiionom
1181 3981 1327 4047 nomina-

242 4143 299 4218 vit,
331 4143 363 4207 in
389 4163 480 4209 meos
509 4163 588 4208 usus
618 4137 681 4208 hue
711 4141 885 4208 transmisit
913 4141 1051 4229 eiusque
1073 4138 1229 4208 tractandi
1252 4159 1327 4226 per-

243 4310 373 4388 petuam
402 4301 478 4368 mihi
507 4309 699 4388 potestatem
728 4301 818 4377 iecit,
848 4297 926 4366 dum
949 4301 980 4366 in
1002 4319 1103 4388 opere
1125 4297 1327 4366 conficiendo
