3156 4972
692 415 821 484 itonam
838 415 1019 466 statuariunt

701 801 1013 864 Sumu-

358 953 427 1018 Hoc
448 960 518 1019 crat
539 953 571 1018 in
593 952 691 1018 votis:
714 950 831 1018 modus
855 952 922 1038 agri
943 973 1009 1018 non
1032 952 1074 1019 ita
1095 971 1247 1040 magnus,

358 1075 476 1140 Hortus
499 1073 554 1140 nbi
577 1085 609 1140 et
630 1065 714 1140 tecto
736 1072 861 1138 vicinus
883 1073 967 1160 iugis
989 1094 1094 1161 aquae
1117 1073 1187 1140 lons

357 1196 395 1261 Et
415 1193 547 1282 panium
569 1193 669 1260 silvae
693 1213 792 1280 super
814 1194 864 1259 bis
885 1193 976 1260 loret.
1021 1195 1153 1261 auctius
1175 1205 1273 1284 atque

356 1316 396 1381 Di
418 1314 534 1382 meiius
555 1314 673 1382 iecere.
716 1316 805 1382 Bene
827 1325 886 1381 est.
929 1313 977 1380 Nil
999 1315 1137 1403 amplius
1159 1335 1232 1392 cru,

357 1437 439 1503 idaia
460 1446 549 1514 nate,
573 1435 634 1502 nisi
656 1447 692 1502 ut
713 1436 844 1524 propria
865 1434 947 1503 haec
969 1435 1045 1503 mibi
1068 1457 1204 1503 munera
1224 1437 1314 1504 laxis.
1379 1441 1398 1502 5

379 1607 447 1656 SAT.
466 1605 508 1656 Vl.
544 1605 568 1657 l.
587 1605 657 1656 Nihil
673 1605 733 1656 LCt.
757 1604 873 1668 (ascribe
891 1619 924 1654 ex
940 1603 1000 1670 pius
1012 1605 1109 1656 decem
1120 1607 1217 1658 nocuis
1229 1606 1368 1659 codicibus

347 1681 402 1742 Ntt,
421 1683 448 1732 at
464 1681 503 1732 sic
520 1682 637 1744 quinque
655 1679 817 1730 Puimanni.»
838 1681 929 1730 Boura.
948 1681 1015 1730 Item
1033 1681 1134 1742 nostri.)
1155 1705 1181 1717 —
1201 1681 1225 1731 9.
1244 1681 1372 1744 deformat

346 1823 388 1872 Vl.
417 1820 493 1881 Quod
516 1821 631 1870 maxime
655 1820 681 1869 in
703 1820 771 1869 votis
789 1819 838 1868 ba·
874 1819 989 1868 rusticae
1007 1817 1078 1869 bona
1093 1818 1200 1870 extollit.
1227 1820 1301 1871 Zeta,
1330 1821 1401 1872 Scri·

315 1897 410 1946 bnerat
423 1896 558 1956 Horatius,
578 1892 837 1957 utliberaliquando
874 1895 919 1956 pta
941 1894 982 1943 est
1005 1893 1089 1943 satire
1111 1907 1134 1944 a.
1155 1907 1182 1944 u.
1202 1907 1226 1944 c.
1249 1894 1320 1957 723„
1347 1907 1400 1960 quo

313 1971 347 2020 ab
360 1971 432 2021 omni
444 1970 611 2032 negotiorum
629 1980 692 2018 cura
714 1971 741 2018 et
757 1981 837 2018 verae
874 1979 944 2016 anno
962 1965 1090 2017 Sabinum
1113 1968 1138 2016 ei
1160 1967 1267 2018 donavit
1292 1970 1401 2020 Maece-

313 2045 383 2095 vitae
395 2043 593 2108 impedimentis
602 2042 709 2092 sibimet
721 2043 770 2106 ipsi
783 2042 838 2090 ruri
875 2053 935 2102 nas,
963 2042 1038 2092 cuius
1055 2042 1165 2104 quidem
1186 2041 1317 2107 praedioli
1335 2043 1401 2094 deii-

313 2121 417 2169 uiveret
440 2121 520 2181 atque
542 2117 594 2166 otio
616 2130 665 2167 suo
690 2116 836 2174 frueretur,
875 2115 930 2166 cias
954 2117 1062 2166 iamiam
1085 2120 1212 2181 expertus
1237 2121 1311 2178 erat,
1339 2131 1401 2170 cum

315 2192 341 2244 ld
358 2195 411 2242 iam
427 2190 504 2242 villae
522 2191 634 2242 Sabinae
652 2205 667 2239 a
684 2191 838 2241 Maecenate
874 2190 943 2240 baec
959 2191 1073 2254 scripsit.

314 2267 364 2320 sibi
381 2266 494 2317 donatae
512 2267 684 2330 possessione
695 2267 753 2314 erat
764 2277 840 2314 asse·
908 2265 963 2314 t-a.
988 2265 1015 2313 in
1030 2263 1102 2327 cote]
1121 2265 1162 2314 ein
1181 2266 1306 2329 optatis.»
1338 2267 1400 2329 (Cic.

315 2343 403 2400 cutum
431 2353 519 2403 neque
542 2341 631 2390 tamen
655 2343 709 2390 mm
731 2338 838 2390 assidue
875 2338 909 2387 ad
927 2339 999 2388 Fam.
1016 2339 1045 2398 Ξ,
1070 2337 1114 2398 43,
1133 2339 1168 2400 4.)
1198 2341 1270 2391 Pers.
1293 2339 1324 2402 3,
1351 2340 1399 2392 is:

315 2428 398 2480 qnam
414 2413 493 2465 vellet
515 2412 551 2462 ibi
574 2413 673 2476 degere
690 2414 714 2464 ei
731 2412 836 2464 licebat.
875 2412 935 2472 qaid
951 2413 1039 2462 dacter
1056 2413 1123 2462 senio
1143 2414 1235 2476 serrat,
1258 2414 1332 2465 Scire
1348 2419 1402 2464 erat

315 2488 486 2540 Consuetudo
517 2487 589 2536 enim
620 2490 647 2538 ot
677 2486 838 2538 familiaritas
874 2485 901 2535 in
922 2491 988 2536 uoto.
1022 2487 1107 2537 Etiam
1130 2487 1156 2537 in
1179 2500 1259 2551 prosa
1282 2501 1325 2538 or.
1346 2489 1400 2540 Cic.

315 2562 474 2614 Maecenatis
491 2563 597 2624 saepius
615 2575 677 2612 eum
695 2563 794 2611 Romae
813 2565 839 2611 et
874 2562 1101 2624 incusserat,
1120 2560 1165 2622 bl,
1184 2561 1249 2612 tta:
1275 2567 1402 2612 coctam

315 2639 341 2689 in
358 2639 399 2687 his
417 2635 535 2686 urbanae
552 2637 621 2686 ritae
639 2635 725 2685 turbis
736 2636 839 2687 detine-
873 2641 933 2686 octo
949 2639 1115 2700 cupiditatum
1131 2651 1246 2688 amnon.
1263 2665 1290 2674 -
1303 2637 1401 2700 modio]

314 2713 375 2772 bat,
405 2710 451 2761 ubi
480 2709 591 2775 quidem
621 2709 690 2760 nulia
717 2709 767 2760 alia
794 2724 838 2763 res
876 2712 909 2762 de
935 2713 991 2775 agri
1016 2713 1101 2777 spatio
1125 2727 1147 2764 s.
1169 2724 1296 2764 mensura
1322 2713 1402 2763 etiam

314 2787 444 2836 maiorem
462 2786 485 2834 ei
509 2784 657 2835 molestiam
680 2785 837 2846 exhibebat,
876 2785 958 2837 Plaut.
977 2785 1034 2837 Ani.
1055 2785 1122 2836 Proi.
1141 2787 1187 2836 ts:
1213 2787 1276 2850 Acri
1298 2787 1402 2849 retinuit

315 2873 397 2923 quam
428 2871 522 2908 eorum
557 2859 756 2922 importunitas.
793 2860 838 2921 qui
874 2861 906 2911 ott
922 2875 973 2910 nott
993 2875 1115 2924 manum
1135 2861 1245 2910 modum
1276 2861 1335 2912 Cic.
1354 2873 1402 2925 pro

315 2933 475 2985 Maecenatis
493 2946 544 2984 non
563 2934 651 2984 minus
672 2947 753 2997 quam
772 2939 839 2999 pc'e-
876 2932 967 2984 Flacco
979 2934 1024 2995 32,
1037 2935 1081 2985 80:
1099 2935 1403 2999 coluistimoqnumcort

315 3012 358 3058 tae
384 3009 503 3057 animum
526 3009 554 3056 et
579 3020 669 3058 mores
686 3009 838 3072 ignorantes
874 3011 975 3058 necdum
999 3009 1101 3058 ceam.
1146 3009 1251 3058 Liviana
1278 3007 1401 3073 exempla

315 3081 357 3132 vei
380 3084 490 3146 propter
512 3081 637 3132 inuidiam
661 3096 724 3134 eum
741 3084 838 3147 iniquis
875 3082 979 3146 collegit
996 3081 1129 3133 Drakenb.
1142 3083 1177 3132 ad
1195 3084 1262 3147 Epit.
1277 3085 1306 3133 L.
1318 3084 1360 3134 58.
1374 3097 1400 3146 p.

315 3154 485 3207 sermonibus
506 3157 699 3217 traducebant,
726 3157 782 3218 vel,
810 3161 839 3207 ut
875 3159 932 3208 206.
951 3158 993 3208 ed.
1013 3159 1094 3220 Stntg.
1112 3143 1143 3192 '—
1163 3157 1207 3220 ito]
1227 3156 1400 3215 eadmodum

315 3231 388 3295 ipsos
402 3243 501 3292 resque
513 3243 575 3281 suas
592 3233 692 3294 potenti
704 3233 838 3282 Octaviani
875 3230 978 3291 valdan
997 3231 1036 3281 sic
1047 3243 1128 3295 saepe
1146 3233 1207 3294 post
1218 3231 1401 3293 negationem.

315 3307 402 3355 amico
420 3303 633 3364 commendaret,
652 3307 779 3369 pertinaci
797 3321 839 3357 se·
876 3307 1013 3356 Cic.0rat.
1028 3305 1056 3364 8,
1075 3305 1124 3354 aa:
1154 3319 1205 3354 non
1224 3307 1262 3354 tto
1282 3305 1337 3356 luto
1361 3306 1401 3354 ia·

315 3377 423 3428 duiitate
449 3390 543 3439 rogare
568 3391 705 3441 nunquam
731 3379 838 3430 desine·
874 3382 974 3430 tetiecto
990 3381 1067 3430 mati.
1089 3403 1116 3414 —
1137 3379 1230 3430 Horitas
1247 3379 1311 3441 cet]
1336 3376 1400 3428 Plin.

315 3453 388 3502 bant.
424 3450 582 3500 liuiusmodi
599 3453 838 3513 igitursuamcum
876 3457 950 3505 ilii.
966 3453 1009 3512 49,
1028 3455 1072 3504 20:
1096 3453 1186 3503 llortoe
1202 3453 1277 3502 vittae
1293 3453 1404 3517 tunnen-

315 3526 468 3578 Maecenate
486 3525 713 3577 necessitudinem
735 3541 839 3592 nequa·
874 3531 918 3580 dos
933 3543 983 3578 noa
1003 3533 1038 3578 eet
1062 3527 1163 3577 dabiram
1185 3529 1322 3591 rinucsooe
1343 3539 1402 3576 mc-

315 3613 397 3663 quam
419 3611 480 3650 esse
504 3611 553 3648 neo
576 3598 636 3650 talia
659 3614 688 3650 se
706 3614 838 3665 quaerere
873 3601 1273 3666 aiawtcbeadoasicoattnaot,
1284 3603 1403 3666 prceflw

315 3673 443 3734 affirmat,
463 3671 583 3723 consulto
600 3675 743 3727 amicitiam
760 3689 837 3728 suam
874 3691 957 3728 mnne.
979 3702 1005 3713 -
1025 3677 1091 3740 tuate
1115 3677 1212 3738 conoe]
1239 3676 1282 3727 Sic
1306 3677 1402 3740 iunge,

315 3761 376 3797 cum
394 3745 436 3797 ilio
454 3749 612 3808 extenuans,
631 3751 763 3813 quatenus
780 3752 838 3802 sinc
874 3764 928 3802 non
946 3763 1009 3802 cum
1025 3749 1082 3801 aliis
1098 3751 1164 3813 tuate
1179 3750 1236 3814 forts
1251 3763 1352 3813 unane,
1374 3749 1403 3799 id

315 3823 393 3872 amici
416 3821 563 3873 offensione
580 3823 638 3875 lieri
660 3827 779 3888 poterut,
806 3839 838 3876 ac
874 3825 948 3890 quod
965 3823 1151 3876 consuetudini
1163 3825 1303 3888 repugnat.
1324 3823 1402 3875 Conl.

314 3893 458 3947 salsissime
483 3897 596 3948 irridens
619 3900 715 3962 partim
734 3899 838 3952 invidos
874 3901 941 3965 lipp.
959 3901 989 3960 4,
1013 3900 1057 3960 ib,
1081 3898 1121 3948 to.
1143 3923 1170 3934 -
1188 3899 1298 3962 mma
1313 3899 1402 3966 abae]

313 3971 395 4032 atque
422 3971 540 4034 iniquos,
569 3973 666 4035 aarum
694 3971 837 4026 molestum
875 3972 1113 4034 Conl.0d.3,id,
1132 3971 1218 4036 assa.
1236 3973 1301 4038 Epp.
1317 3973 1345 4032 t,
1361 3972 1402 4032 to,

314 4042 464 4096 scribarum
487 4059 570 4108 gentas
594 4047 628 4109 (in
652 4059 768 4110 quorum
788 4049 838 4099 de-
874 4051 967 4112 bsqq.
989 4049 1054 4112 Epp.
1076 4048 1105 4108 4,
1129 4047 1177 4110 48,
1202 4045 1258 4098 tot.
1280 4073 1307 4084 ·-
1327 4059 1404 4110 nuper

314 4117 386 4167 curia
410 4116 497 4183 alique
520 4121 671 4183 quaestorio
694 4115 752 4185 ipse
774 4121 837 4174 olim
873 4123 918 4186 tis]
939 4119 1002 4172 «ἐπὶ
1017 4119 1146 4186 τούτοις,
1174 4123 1282 4188 praeter
1303 4119 1402 4172 baec.»

315 4192 410 4254 luerat)
439 4191 558 4257 aliosque
588 4195 685 4245 borum
719 4194 835 4256 similes;
874 4197 916 4247 Sic
934 4208 1044 4261 promus
1065 4197 1102 4248 tte
1122 4209 1197 4260 amer
1213 4195 1285 4260 opud
1307 4193 1403 4245 Silium

314 4277 419 4316 summa
437 4263 514 4317 simul
533 4280 595 4318 cum
612 4271 750 4321 venustate
769 4271 837 4320 ritae
875 4272 902 4332 4,
922 4271 963 4322 60.
998 4272 1027 4321 ln
1044 4283 1124 4335 prosa
1136 4271 1245 4336 quidem
1257 4283 1295 4321 or.
1309 4269 1403 4334 requi-
