3130 4966
582 455 641 504 ΗΒ.
660 455 679 504 4.
715 457 782 506 sai.
802 458 842 508 lV.

214 609 339 676 llutatis
363 617 484 676 tantum
506 609 645 698 pedibus
671 613 898 701 numerisque,
923 613 1059 690 facetus,

219 733 395 799 Emunctae
418 732 520 810 naris,
546 732 647 800 durus
669 753 866 822 componere
888 755 1013 803 uersus.

215 855 297 918 Nam
318 853 376 920 iuit
397 847 629 921 hoc'vitiosus:
655 855 686 920 io
709 853 788 922 hora
811 877 911 944 saepe
933 855 1105 935 ducentos,

216 975 255 1044 Ut
276 997 443 1064 magnum,
467 998 582 1045 versus
606 977 747 1045 dictabat
769 987 857 1044 stans
880 976 965 1066 pede
988 978 1020 1043 in
1042 1000 1116 1046 uno.
1222 981 1262 1048 40

213 1099 293 1166 Cum
315 1097 431 1166 llueret
452 1097 644 1178 lutulentus,
669 1111 738 1167 erat
761 1099 850 1188 quod
873 1098 985 1166 tollere
1008 1098 1124 1180 velles;

169 1420 251 1483 iungit
267 1424 397 1470 ammiates
413 1421 484 1470 00444
499 1433 586 1471 om
608 1419 695 1472 deleta
735 1423 786 1470 tur.
808 1447 835 1459 -
849 1425 918 1471 44004
930 1423 994 1483 perio
1010 1423 1037 1472 40
1052 1423 1112 1487 uno]
1131 1426 1261 1476 «maxima

169 1492 269 1558 virgula
285 1496 481 1560 0044000444,
501 1495 528 1546 444
547 1499 601 1558 est,
622 1509 697 1546 4040
734 1507 798 1548 cum
826 1494 949 1546 facilitate
975 1499 1002 1546 et
1029 1499 1167 1562 tamquam
1193 1496 1262 1550 iudi-

169 1581 216 1620 400
233 1573 358 1620 emuncta
377 1582 441 1620 nare
459 1570 560 1622 lusos.»
574 1598 602 1608 -
616 1572 696 1621 4404444
733 1569 877 1629 4004404;»
895 1571 982 1635 imago
996 1576 1103 1637 sumpta
1115 1573 1156 1624 vel
1169 1587 1262 1638 apua-

168 1657 316 1706 compooere
339 1645 434 1707 0444444]
460 1645 561 1706 Sati,
590 1645 635 1704 40,
664 1647 693 1694 4;
734 1646 770 1696 ris
795 1645 834 1695 sic
859 1645 928 1696 inter
949 1659 979 1697 se
1004 1644 1158 1699 ludentibus
1181 1647 1222 1698 vel
1246 1663 1261 1699 a

168 1719 261 1782 44444004
276 1719 503 1781 400000004οά40
516 1721 579 1783 pede
592 1733 697 1770 0044444
733 1718 949 1780 circulatoribus,
979 1722 1024 1784 qui
1049 1721 1156 1786 popello
1183 1735 1261 1772 mou-

168 1806 254 1844 omcs
277 1793 364 1844 lucili.
387 1807 413 1844 v,
432 1795 478 1845 oo:
505 1795 571 1859 Quid
590 1801 657 1846 00404
674 1800 697 1846 44
733 1794 830 1854 strant,
858 1793 986 1857 quamdiu
1012 1795 1052 1845 sic
1074 1809 1103 1846 se
1128 1797 1260 1846 sustinere

168 1873 261 1919 0044044
277 1869 357 1918 Luciti
373 1869 468 1932 scripto
489 1869 595 1934 44040444
612 1873 696 1934 Quae-
733 1867 843 1932 possint.
873 1893 899 1904 -
929 1868 991 1918 Cum
1014 1871 1103 1934 44444444
1127 1870 1262 1920 4040440404

169 1957 236 2005 4444,
261 1955 324 1993 uum
346 1943 424 2004 4444444,
450 1957 512 1994 04440
535 1957 622 1994 444040
647 1946 696 1994 4444-
733 1942 795 2007 044]
815 1943 975 2006 «Propterea
994 1943 1066 2006 quod
1084 1941 1166 1994 multa
1184 1944 1261 1995 dice-

68 2049 71 2058 ·
168 2031 200 2067 40
223 2017 326 2082 0400444
356 2017 492 2067 Versiculos
518 2023 614 2069 004040
641 2033 697 2070 040-
733 2019 774 2068 ret
799 2016 963 2080 negligenter
988 2019 1068 2082 atque
1096 2019 1259 2081 inordinate,

167 2093 206 2156 pia
220 2092 302 2154 [00404
318 2097 341 2140 44
357 2095 441 2141 4440444
456 2093 554 2142 meuses
565 2095 616 2142 cet.
635 2093 693 2144 lidi.
732 2105 782 2157 pro
799 2090 884 2142 lubitu
902 2093 1009 2143 Graecis
1027 2094 1108 2144 etiam
1125 2093 1215 2146 verbis
1234 2097 1261 2145 et

167 2167 247 2216 04004
267 2166 383 2216 retertur
399 2165 434 2216 ad
457 2179 585 2218 numeros
607 2169 695 2232 impo-
733 2168 812 2217 nimis
828 2163 941 2232 plebeiis
957 2179 1036 2228 usus,
1064 2167 1132 2218 adeo
1151 2173 1178 2220 ut
1203 2171 1259 2234 ipse

168 2239 226 2291 litos
254 2242 282 2291 et
306 2239 417 2291 scabros
441 2253 552 2302 versus,
579 2243 609 2290 ut
634 2243 696 2292 sunt
733 2241 902 2292 doctissimos
925 2242 995 2292 inter
1011 2241 1137 2306 aequales
1158 2244 1259 2296 iudices

169 2317 242 2366 04444
261 2315 301 2365 hi:
329 2315 411 2366 Facie
427 2320 498 2366 444040
511 2329 626 2380 poprium
640 2316 696 2366 040-
733 2315 834 2366 4404444
861 2314 942 2367 nollet
967 2315 1040 2380 (Plio.
1065 2319 1095 2368 ll.
1121 2321 1151 2368 N.
1172 2319 1257 2370 Praei.

168 2403 225 2440 rom
244 2389 352 2440 04404040
371 2391 484 2440 dicasset.
506 2417 533 2425 -
555 2391 615 2439 Tum
634 2390 696 2440 loto-
732 2390 757 2454 g.
770 2391 813 2452 4.),
833 2393 984 2441 erantsaue
997 2390 1068 2441 haud
1079 2405 1174 2456 pauca,
1188 2405 1257 2456 quae

169 2463 224 2516 4044
239 2465 313 2516 dolor
330 2465 476 2516 0444444400
487 2465 585 2514 04404444·
597 2465 693 2514 usuriis.
731 2465 814 2529 ipsius
832 2477 913 2516 causa
925 2463 1012 2515 deletu
1024 2463 1119 2528 velles,
1139 2466 1197 2532 ipse
1209 2479 1258 2518 au-

170 2567 197 2578 -
222 2541 276 2591 4404
299 2551 349 2590 eoae
370 2537 512 2602 0404404044
536 2539 692 2604 8444004004,
733 2543 787 2590 tem
804 2537 866 2590 lima
883 2553 948 2590 usus
966 2553 1019 2590 non
1045 2542 1111 2590 esto
1154 2541 1196 2590 Sic
1214 2553 1259 2591 ex·

168 2627 267 2676 404040,
285 2627 401 2678 0004004.
417 2641 445 2651 -
458 2614 571 2664 4444004044
587 2627 632 2678 eqo
648 2627 694 2664 440-
731 2613 869 2679 plicaudus
895 2614 960 2664 item
986 2613 1060 2664 locus
1086 2615 1139 2665 Sat.
1160 2615 1187 2676 4,
1213 2613 1256 2676 40,

168 2703 244 2754 quom
259 2689 400 2751 4400440440
416 2689 539 2738 4044440440
555 2689 695 2751 004444400-
731 2689 772 2739 50.
792 2691 819 2739 et
837 2688 941 2748 Quintil.
957 2690 1001 2750 40,
1022 2689 1051 2750 4,
1070 2687 1114 2740 ai:
1132 2690 1187 2754 liqo
1198 2716 1213 2726 -
1224 2689 1257 2738 04

168 2767 239 2816 440444
259 2763 361 2814 Deliciis
379 2763 511 2813 0004404444
536 2763 576 2814 Ci.
597 2764 692 2828 script.
730 2763 836 2813 Horatio
847 2763 975 2825 dissentio,
994 2764 1037 2825 qui
1048 2763 1172 2814 Lucilium
1181 2767 1260 2828 440444

169 2840 201 2890 ad
218 2841 336 2890 llerenn.
356 2838 384 2899 4,
404 2839 448 2898 lt,
474 2839 518 2889 aa:
546 2838 694 2901 Compositio
730 2837 878 2888 4040400040
888 2842 910 2886 44
921 2850 971 2887 aare
978 2838 1084 2900 04400444,
1097 2839 1164 2898 quod
1174 2839 1259 2889 4044444

168 2913 367 2974 commetitur,
394 2913 569 2963 4404440400
585 2914 694 2964 4400444-
727 2912 821 2974 possis,
847 2916 931 2973 putat.
976 2911 1028 2962 Cir.
1056 2909 1090 2960 ad
1115 2924 1157 2960 vv.
1182 2913 1259 2973 4444444

167 2991 272 3039 44400440
297 2987 450 3049 citabimus,
478 2988 527 3037 0444
555 3001 620 3050 quoe
646 2988 695 3038 4444
731 2986 878 3036 tammam
895 2987 947 3036 Sat.
967 2986 1028 3048 t,7‚
1042 2985 1082 3036 48.
1101 2987 1128 3036 44
1141 2985 1259 3036 adhunc

168 3065 304 3122 00004000,Ι
321 3087 336 3098 -
352 3089 367 3100 -
384 3075 432 3125 quo
454 3063 481 3111 40
503 3063 563 3112 citio
585 3068 620 3114 444
641 3065 694 3113 Lu-
731 3073 810 3112 usum
832 3073 857 3108 v.
877 3060 961 3110 4044444
982 3061 1112 3112 Senecam
1132 3061 1257 3112 Controv.

167 3139 238 3188 0444444
254 3138 383 3199 maimo,
409 3142 438 3188 444
453 3138 498 3188 400
514 3142 550 3188 est
565 3137 593 3187 40
606 3138 694 3200 priore
731 3135 761 3198 4,
782 3136 825 3185 4οε
845 3134 935 3199 (Naso)
951 3140 1057 3199 repulus
1073 3135 1211 3198 0440440040
1226 3135 1258 3184 04

167 3213 244 3264 titre:
267 3213 335 3263 44404
349 3213 436 3263 444044
452 3217 475 3262 44
485 3214 605 3276 scriptos,
622 3213 693 3275 Luci,
731 3211 819 3260 0404044
838 3211 904 3272 suis,
931 3216 959 3260 04
983 3211 1078 3260 tolleret
1103 3215 1153 3260 tros
1173 3223 1260 3260 0444444

166 3287 694 3350 4044404444,Δά4.0-404040404044444-
732 3287 783 3336 044.
818 3283 883 3336 Plio.
902 3285 1015 3349 Eppl,
1039 3285 1083 3334 ii:
1109 3285 1259 3346 Pomponius

165 3369 249 3415 040404
268 3361 332 3427 cet]
355 3359 480 3412 Similiter
502 3361 645 3412 Petrarcha
668 3363 694 3411 io
731 3357 916 3424 Secundiustic
928 3359 1035 3421 scriptor
1047 3359 1256 3424 trapecitarum),

167 3437 249 3502 Epist.
263 3437 288 3488 3.
308 3435 342 3487 ad
354 3435 522 3487 Bernardum
540 3437 695 3487 liutheuen-
730 3436 752 3484 44
769 3435 829 3497 quid
844 3435 909 3499 sorte
924 3433 1080 3500 familiarior
1097 3435 1193 3484 0404004
1209 3433 1257 3484 404-

166 3525 226 3563 sem
244 3525 269 3562 v.
285 3512 314 3560 i:
333 3511 406 3562 Pteoo
424 3510 468 3560 4444
484 3509 601 3560 00440400
616 3523 695 3560 cornu
731 3511 844 3571 44044004,
869 3510 921 3572 ipse
939 3510 1096 3560 4400404400
1117 3509 1260 3559 044444044-

166 3585 245 3650 Copia
259 3587 415 3650 appetitum
432 3585 615 3636 0000444044
630 3586 695 3636 4040
731 3589 785 3644 tur,
810 3585 891 3634 4440444
909 3583 1017 3635 solebat:
1045 3583 1089 3633 Aa
1110 3582 1259 3646 poputum

167 3666 288 3712 trecentos
313 3661 345 3711 lit
368 3665 460 3724 septem
483 3661 561 3710 4440404
577 3661 693 3720 44004444,-
727 3673 894 3722 provoco.
938 3658 1039 3708 Eadem
1065 3656 1256 3720 significatione

167 3735 316 3802 mnqoqoid
332 3749 392 3799 erqo
404 3735 695 3798 000400444000444044
731 3737 785 3784 Sat.
808 3734 837 3795 4,
861 3734 905 3796 40,
930 3733 970 3784 60.
988 3732 1106 3782 recidere.
1143 3733 1181 3782 lie
1203 3733 1259 3780 toto

167 3817 227 3876 quot
242 3811 334 3862 0440444
350 3815 374 3862 44
390 3811 485 3876 4044044
502 3809 603 3861 arom?
622 3837 649 3846 -
665 3811 694 3861 444
731 3807 789 3858 4000
802 3821 827 3856 v.
842 3806 929 3858 Wolfli
947 3804 1022 3857 Auel.
1036 3804 1053 3856 l.
1066 3819 1092 3870 p.
1107 3806 1179 3866 iat,
1198 3806 1260 3870 post

165 3887 301 3951 04000004]
326 3885 504 3950 :quasivero
524 3886 593 3936 haec
614 3887 694 3936 nimia
732 3882 808 3933 cuius
825 3881 1032 3946 disputationem
1050 3881 1093 3930 vix
1110 3881 1162 3930 iam
1185 3880 1260 3942 quis-

167 3960 277 4012 iaciliias
295 3960 374 4011 laude
393 3960 471 4024 digna
489 3961 587 4012 esset.»
609 3987 634 3996 -
654 3961 695 4010 di·
732 3969 814 4021 quam
848 3957 994 4006 contrarias
1034 3953 1258 4016 scholastriam,

166 4035 258 4102 040404]
277 4048 362 4102 puero
381 4047 395 4084 a
414 4049 508 4096 suana,
527 4037 557 4085 ut
573 4034 697 4086 solebant
732 4030 848 4082 Turuabi
866 4033 894 4081 et
910 4029 1056 4082 Heindoriii
1068 4031 1260 4094 rationespro-

167 4112 276 4174 aotiqui.
313 4109 361 4160 4144
372 4123 440 4161 cum
452 4110 605 4161 Weicherto
619 4112 693 4160 Petit.
732 4105 823 4167 babit,
848 4106 932 4156 4044444
958 4119 1017 4157 asse
1046 4117 1258 4165 accuser-vareo

169 4185 223 4236 tet.
239 4198 266 4249 p.
279 4185 321 4235 ai.
336 4183 370 4236 de
382 4183 556 4248 extemporali
567 4197 694 4236 versuum
732 4180 775 4232 vel
794 4195 954 4246 carcer-pere
966 4181 1039 4232 velut
1056 4182 1082 4231 in
1095 4177 1261 4252 χρηστομά-

169 4259 351 4311 lacieudorum
378 4257 502 4310 facultate
529 4256 609 4322 (nullo
629 4259 695 4309 scri-
732 4255 844 4318 ticcam
873 4257 904 4304 ut
932 4254 1028 4307 dicitur
1057 4256 1151 4306 iecisse
1180 4253 1259 4306 lulius

169 4339 245 4400 piore
269 4347 317 4386 eos
340 4335 498 4400 excipiente)
517 4335 694 4400 interpretau-
734 4331 824 4385 Florus
850 4333 961 4394 Horatii,
990 4331 1032 4384 vel
1057 4331 1172 4396 deniquo
1196 4345 1279 4381 nex»
