3116 4968
595 369 676 484 tue.
695 434 725 484 ll.
760 435 828 486 SAT.
847 435 889 485 lll.
1237 435 1300 503 237

258 589 421 676 Descripsi
444 587 558 656 docilis
579 599 753 678 praecepta
775 590 873 669 haec,
899 601 1044 678 tempore
1066 612 1132 680 quo
1154 614 1206 662 me

258 711 386 779 Solatus
409 711 503 777 iussit
524 711 703 799 sapientem
724 731 864 799 pascere
886 711 1020 782 barbam
1259 718 1300 783 35

257 839 361 922 Atque
383 855 402 900 a
423 833 572 900 Fabricio
594 853 658 899 non
680 833 805 900 tristem
825 845 923 922 ponte
945 837 1072 903 reverti.

257 957 338 1023 Nam
358 955 442 1022 male
463 976 500 1021 rc
523 963 614 1042 gesta
635 975 710 1022 eum
730 954 847 1022 vellem
868 955 994 1024 mittere
1016 969 1130 1046 operto

257 1078 307 1144 lle
328 1077 433 1165 capite
456 1077 488 1142 in
511 1074 647 1154 flumen,
671 1075 785 1144 dexter
806 1078 892 1144 stetit
913 1089 958 1157 et,
983 1081 1069 1148 Cave
1090 1082 1171 1148 laxis

258 1201 301 1266 lo
316 1197 495 1287 quidquam
508 1197 689 1285 iudignum
712 1197 833 1286 pudor,
858 1199 972 1288 inquit,
996 1211 1027 1270 te
1042 1203 1146 1271 malus
1160 1207 1254 1294 augit

257 1319 392 1386 Insanos
414 1319 470 1407 qui
492 1319 577 1387 inter
596 1339 733 1387 vereare
755 1320 887 1388 insanus
908 1321 1030 1390 haberi.
1257 1330 1299 1394 lb

280 1510 321 1561 39.
347 1509 437 1574 oopd]
452 1515 525 1574 arpet
541 1524 568 1575 p,
595 1509 712 1561 Pottierii
730 1509 851 1576 plerique
868 1513 895 1562 at
912 1524 980 1564 corr.
1000 1515 1030 1575 S,
1049 1514 1114 1566 item
1130 1515 1191 1567 net.
1227 1519 1267 1581 (tlt

247 1597 296 1634 uos
312 1583 359 1645 bc,
379 1599 416 1646 ω,
434 1597 474 1649 pr.
493 1585 510 1635 S
528 1587 556 1636 et
572 1585 698 1648 quattuor
713 1585 849 1649 Pottierii.)

213 1754 267 1814 llo;
286 1753 326 1804 sio
343 1754 435 1803 Graeci
451 1743 477 1801 ὦ
493 1746 596 1820 λῷστε,
614 1743 639 1800 d
655 1751 738 1822 φέρι·
773 1749 870 1819 λόγον.
904 1754 955 1818 Εἰς
971 1747 1118 1827 προῦπτον
1134 1749 1227 1825 ἦλθον
1245 1760 1298 1828 ἐμ-

212 1842 272 1879 στε.
301 1827 376 1892 (Plat.
389 1827 503 1879 Phaedr.
516 1841 543 1893 p.
557 1823 614 1879 238.
627 1825 668 1890 D.)
682 1826 735 1877 Cir.
773 1825 906 1879 πεσοῦσα
929 1825 966 1896 δὴ
992 1829 1091 1883 κακόν.
1122 1836 1240 1887 Lactaut.
1254 1839 1298 1890 ln-

212 1904 265 1954 Sat.
278 1903 309 1964 2,
328 1903 358 1964 6,
376 1904 418 1953 bl.
773 1903 866 1954 stituit.
879 1904 908 1966 3,
926 1907 972 1956 ab:
998 1909 1144 1968 ememor
1159 1912 1213 1960 elas
1229 1913 1298 1976 (phl-

245 1977 334 2029 3l-lb.
347 1975 557 2040 memsam]
576 1975 648 2027 dtuli
659 1977 737 2028 nimie
772 1977 918 2042 losophiae)
939 1979 1020 2030 barba
1040 1986 1139 2032 tantum
1158 1984 1300 2036 celebrator

210 2053 346 2118 praesenti
374 2055 419 2102 tao
445 2054 516 2104 statu
541 2053 682 2102 contentus
709 2053 736 2100 te
772 2058 795 2102 et
804 2052 891 2114 pollio.
927 2053 1003 2118 Apul.
1016 2057 1122 2107 Metam.
1137 2058 1179 2120 44,
1198 2059 1228 2110 8:
1253 2074 1300 2112 aec

211 2127 300 2191 ipsum
325 2126 465 2190 decipere,
493 2127 569 2190 quasi
594 2139 658 2176 vero
684 2126 737 2176 iam
772 2128 872 2188 dedat,
897 2129 940 2189 qui
962 2129 1042 2190 patilo
1058 2130 1195 2194 baculoque
1211 2139 1234 2184 et
1251 2135 1298 2186 bo-

211 2200 404 2265 perlectiouem
421 2201 564 2264 attigeris.»
579 2227 607 2237 -
621 2201 739 2263 stultique
771 2201 827 2251 ceeia
843 2205 866 2251 et
887 2201 984 2252 hircino
1006 2203 1113 2255 barbitio
1125 2207 1299 2271 pttbeoptma

210 2277 276 2338 cet]
296 2273 373 2325 Stulti
396 2277 423 2325 et
444 2275 529 2325 insani
546 2277 608 2325 sunt
628 2275 735 2336 stoicis,
770 2276 882 2338 teperet.
912 2276 988 2327 Coni.
1000 2291 1026 2328 v.
1040 2279 1080 2329 47.
1102 2307 1130 2317 -
1148 2296 1166 2331 c
1182 2283 1298 2335 Fabricio

211 2351 365 2413 quicunque
381 2348 416 2400 ab
430 2362 525 2400 eorum
542 2349 679 2414 disciplina
691 2349 738 2400 ab·
771 2375 786 2386 ·
800 2349 884 2414 ponte]
897 2351 960 2400 tlllc
976 2365 1044 2416 pons
1062 2353 1197 2408 Fabricius
1209 2357 1298 2410 dictus

210 2425 330 2474 horrent.
367 2425 420 2474 Cic.
434 2423 528 2474 Parad.
542 2425 621 2474 Stolo.
634 2423 664 2476 l:
677 2417 736 2474 Ὅτι
772 2425 813 2474 est
833 2435 849 2472 a
871 2423 990 2476 Fabricio
1014 2427 1123 2478 consule
1141 2432 1295 2495 conditore,

211 2495 268 2560 πᾶς
294 2490 398 2568 ἄφρων
424 2499 565 2563 μαίνεται.
601 2524 629 2536 -
655 2511 737 2560 prope
771 2499 1218 2567 qninuneLapideusnominatur,
1237 2507 1297 2558 lun-

210 2573 302 2636 omeee]
320 2565 457 2635 ἅπαντες,
483 2569 523 2636 ὥς
546 2565 617 2636 ἔπος
634 2573 733 2624 εἰπεῖν.
771 2570 1295 2641 ctusiusulaeTiherinee.»Conmendo.

212 2675 240 2685 -
258 2648 401 2712 startiam
419 2648 472 2698 Cir.
491 2649 556 2712 Epp.
574 2650 604 2710 4,
629 2649 673 2708 li,
691 2649 732 2700 2⁰.
770 2647 802 2696 V.
819 2647 967 2700 Excursum
990 2651 1010 2699 l.
1031 2677 1059 2688 -
1076 2654 1144 2703 male
1164 2669 1193 2704 re
1215 2657 1296 2722 petto]

212 2749 240 2760 -
258 2721 354 2787 crepa]
373 2723 547 2784 sidentidem,
566 2724 595 2774 et
611 2721 662 2775 alta
673 2726 735 2786 qui-
772 2720 1223 2788 «malerelamiliarledmiulstrata
1234 2743 1297 2780 cum

210 2797 274 2848 dem
290 2810 371 2861 voce,
394 2797 493 2848 docere
510 2796 604 2849 solet.»
624 2823 653 2834 -
669 2801 736 2848 cade
771 2795 964 2846 decoxissem.»
985 2824 1012 2836 -
1031 2805 1116 2860 operto
1127 2803 1242 2864 -ccptteJ
1268 2807 1298 2856 ut

210 2872 274 2936 oet]
301 2884 349 2922 tex
369 2873 414 2934 lis,
441 2884 510 2935 qaae
527 2870 562 2922 ab
580 2872 734 2934 obaudivi,
771 2868 893 2921 solebant
910 2871 1045 2922 interdum
1062 2875 1223 2926 moribundi.
1255 2877 1295 2939 (V.

210 2947 473 3006 domnmmvmsne,
492 2947 580 2997 notavi
597 2945 736 3010 diligenter
772 2943 917 3007 Heindorf.)
935 2947 989 2996 liv.
1001 2945 1026 3008 4,
1039 2948 1083 2997 li:
1101 2949 1175 2998 liubi
1186 2950 1297 3012 captabo

210 3023 278 3074 hacc
290 3023 395 3086 egregia
412 3023 583 3086 praecepta.»
597 3045 625 3058 -
638 3023 737 3084 capier-
770 3033 812 3082 epe
828 3021 934 3082 σσιίππσ,
955 3022 1041 3083 poteo
1056 3035 1134 3083 quaen
1149 3029 1179 3074 ot
1193 3027 1296 3076 mecia-

209 3095 400 3159 tero-borbore]
418 3096 736 3160 «quaescpientiaespe-
771 3100 860 3145 rmtttr
878 3097 998 3146 balteade
1021 3099 1147 3160 σπίνποοι,
1173 3101 1297 3162 capitibus

210 3172 279 3222 olem
304 3173 385 3234 atque
409 3169 561 3233 opinionem
586 3168 735 3221 conciliat.»
771 3169 891 3220 obvolutis
906 3183 933 3220 se
948 3171 975 3218 ic
994 3171 1099 3222 Tiberim
1113 3175 1296 3236 mompttcce·

210 3247 373 3296 Graecorum
399 3245 456 3294 erni
485 3242 672 3308 proverbium:
702 3243 735 3295 ἐκ
769 3251 838 3296 mett.
859 3273 889 3282 -
907 3244 1002 3310 decbr]
1022 3247 1196 3312 apropittus.»
1223 3248 1297 3300 velut

209 3319 348 3386 πώγωνος
364 3313 470 3380 σοφός.
505 3317 629 3368 Similiter
644 3320 735 3369 antem
770 3317 840 3383 θεὸς
857 3315 963 3390 σωτήρ.
992 3320 1062 3384 virg.
1085 3323 1150 3372 Aen.
1171 3323 1201 3383 8,
1228 3322 1294 3386 3004

209 3395 236 3445 in
252 3395 355 3445 Stoicos
366 3392 504 3443 iocabatur
515 3393 651 3444 Mucianus
663 3393 735 3457 apud
770 3397 802 3446 Et
818 3409 864 3446 coe
879 3401 902 3446 et
922 3399 967 3445 tuo
984 3395 1072 3446 dacter
1088 3397 1133 3446 adi
1150 3395 1295 3460 (Hercules)

208 3469 416 3534 Vespasianum:
434 3461 472 3517 ἂν
487 3463 539 3517 τὸν
550 3463 674 3534 πώγωνά
692 3481 736 3531 τις
768 3473 831 3535 pede
851 3483 928 3521 saec
948 3471 1063 3521 secudu
1087 3497 1116 3508 -
1134 3471 1208 3536 Curre]
1226 3473 1298 3522 «No-

208 3537 305 3594 οὔτῶν
321 3539 400 3613 καθῇ
417 3542 468 3592 καὶ
478 3537 531 3604 τὰς
542 3535 657 3612 ὀφρύας
667 3536 736 3592 ἀνα·
770 3545 882 3595 tendum
896 3547 937 3596 Vll
947 3544 1080 3608 syllabam
1092 3545 1214 3606 brevem,
1233 3557 1296 3596 cum

209 3612 469 3688 σπάσῃ,--οοφὸς
485 3609 582 3678 εὐθύς,
594 3610 733 3686 aorem,
770 3618 905 3670 secandae
917 3621 959 3668 est
970 3619 1172 3682 coniurationis,
1191 3621 1221 3669 ut
1231 3621 1298 3668 Per-

207 3687 321 3754 δίκαιός
342 3705 434 3757 φησιν
451 3685 525 3740 εἶναι
540 3691 591 3741 nob
607 3695 674 3740 πνεῖ
687 3690 734 3754 ἐφ’
770 3695 826 3745 sias
841 3695 878 3758 (4,
898 3693 964 3756 408.)
978 3695 1035 3743 vide
1051 3692 1165 3743 brevem
1181 3693 1296 3757 posuitm

206 3765 302 3835 decepi
325 3768 417 3834 μέγα,
443 3761 500 3817 κᾶν
520 3762 555 3817 τὸ
579 3763 735 3832 λεγόμενον
769 3771 831 3818 Aca.
862 3767 935 3818 coni.
956 3781 982 3816 v.
1005 3769 1063 3818 477.
1090 3767 1173 3832 Epod.
1195 3768 1225 3828 0,
1253 3766 1295 3815 44.

206 3840 282 3910 μήτε
306 3839 465 3914 γράμματα
488 3837 563 3906 μήτε
586 3844 647 3891 νεῖν
671 3840 735 3892 ἐπι·
770 3844 823 3892 Sal.
845 3843 874 3903 0,
901 3843 931 3904 b,
958 3843 1000 3892 lb.
1035 3842 1100 3905 Epp.
1123 3841 1151 3902 4,
1180 3839 1226 3902 43,
1253 3839 1295 3890 40.

207 3931 321 3968 σταται.
339 3918 389 3967 bio
401 3918 477 3968 Caes.
490 3917 552 3966 Exc.
565 3916 624 3968 vat.
636 3929 664 3980 p.
675 3914 731 3969 444.
773 3915 1006 3979 -podor-malao]
1020 3913 1142 3976 alance»
1151 3911 1294 3964 δυσωπία.

208 3993 278 4056 lips.
314 3991 368 4042 Cir.
386 3991 467 4040 etiam
483 3990 629 4040 Lucianum
646 3989 735 4040 inllu-
772 4015 799 4028 -
821 3992 901 4056 cepa]
928 4004 961 4042 ex
985 3990 1063 4040 bonis
1089 3989 1173 4040 codd.
1194 3989 1297 4053 recepit

207 4065 297 4116 nacho
316 4065 341 4115 0.
376 4062 553 4115 Phoenicides
574 4063 646 4128 apud
667 4063 735 4112 llei-
769 4065 904 4116 Bentleius
928 4077 978 4130 pro
1002 4069 1088 4128 wool,
1118 4062 1191 4127 quod
1216 4062 1295 4114 verbi

208 4141 268 4191 nel.
290 4139 331 4190 Fr.
351 4140 427 4190 com.
448 4139 491 4190 lv.
507 4153 534 4204 p.
551 4140 614 4190 att:
643 4139 734 4210 Τρίτῳ
769 4139 837 4191 illius
854 4142 896 4191 est
920 4138 1062 4203 glossema.
1087 4165 1114 4174 -
1141 4139 1295 4188 laederes--

208 4211 349 4280 σννέζποξ*
373 4208 392 4280 ἦ
415 4210 491 4280 τύχη
514 4229 552 4282 με
576 4210 733 4282 φιλοσόφῳ
768 4211 1043 4278 imccm1Cir.v.l⁸.
1077 4212 1182 4263 laeacos
1195 4212 1294 4262 cumvi

207 4286 324 4358 Πόνον
339 4281 439 4352 ἔχοντι
462 4289 513 4342 καὶ
533 4287 662 4362 πριβωνσ
682 4289 733 4342 καὶ
768 4289 918 4356 pronomini
956 4285 1066 4339 relativo
1103 4285 1293 4352 praeponitur,
