3178 4972
622 443 681 494 tm.
700 445 718 494 l.
753 443 854 495 salsa.
871 445 901 494 X.

257 580 380 688 Nempe
404 600 486 666 inter
507 600 613 666 varias
636 601 776 666 nutritur
797 599 878 668 silva
900 601 1066 667 columnas

258 723 486 811 Laudaturque
509 722 642 798 domne,
671 721 784 811 longos
806 743 891 812 quae
914 723 1070 811 prospicit
1090 743 1196 812 agros.

256 845 408 911 Naturam
432 843 575 932 expellas
599 844 703 920 lurco,
727 854 833 912 maren
857 865 964 932 usque
986 856 1147 922 recurret,

258 943 401 1032 Et'mala
423 976 612 1053 perrumpet
633 966 738 1033 furtim
762 965 888 1034 fastidia
910 967 1032 1034 victrix.
1263 971 1303 1036 aa

280 1201 322 1254 44.
341 1201 499 1266 apansa
511 1205 539 1252 et
556 1205 610 1254 tres
625 1204 755 1265 Pottieaii,
774 1205 839 1255 item
852 1204 914 1256 4404
933 1204 1137 1270 4444444444,
1157 1207 1272 1256 Pettieril

249 1276 382 1342 plerique,
401 1276 511 1328 Bentleii
529 1278 703 1329 membranae
723 1278 777 1329 tere
791 1293 898 1342 omnes,
918 1279 984 1330 Cod.
1001 1281 1186 1344 Lemniensis,
1205 1281 1273 1333 LCbl

250 1355 277 1402 et
292 1351 435 1403 Bentleius.
463 1380 485 1388 -
503 1353 544 1402 aa.
561 1353 666 1416 44444444
678 1353 763 1404 Codd.
776 1355 850 1406 l'orr.
864 1358 890 1406 et
902 1355 1019 1406 Pottieril
1037 1355 1150 1420 aliquot,
1168 1357 1274 1420 calipto

249 1429 373 1490 quattuor
390 1427 505 1478 Pottierii
523 1430 551 1478 et
568 1429 597 1478 C.
618 1429 657 1491 (444
674 1442 735 1490 nos,
756 1430 858 1492 nostri.)

214 1625 345 1684 versatur,
358 1624 739 1676 automnibussatnotaest.=
778 1625 880 1676 tuturis.
910 1626 1082 1678 Enuntiatum
1106 1629 1196 1678 autem
1217 1628 1305 1692 hypo-

216 1699 287 1748 44444
305 1699 546 1764 lurs.1V.p.457.
568 1728 589 1736 -
614 1699 679 1750 inter
692 1714 741 1750 oa·
778 1701 907 1752 theticuru
924 1701 967 1750 hic
985 1699 1067 1752 multo
1085 1703 1173 1765 aptius
1190 1704 1243 1764 est,
1263 1705 1305 1752 at-

214 1774 293 1822 rias-
308 1773 444 1838 4444444444]
467 1775 595 1838 Loquitur
616 1775 650 1824 de
667 1776 742 1840 peri-
778 1789 831 1840 que
843 1776 940 1826 eadem
958 1777 1154 1826 constructione
1167 1776 1214 1826 od.
1228 1776 1258 1837 l,
1277 1776 1302 1834 4,

215 1846 293 1912 stylio
310 1850 443 1899 exstructo
461 1863 493 1898 ex
517 1849 647 1901 columnis
669 1864 742 1900 mar·
778 1852 819 1901 66.
839 1863 904 1901 usus
916 1851 968 1901 est:
989 1853 1105 1900 Lactora:
1117 1877 1128 1888 -
1139 1851 1264 1912 -prornat
1275 1878 1306 1889 --

216 1923 313 1973 morsis
330 1922 662 1976 annunciaremarulatis.
693 1927 742 1975 Se·
776 1927 904 1975 4444444444.
941 1925 1028 1975 uLioet
1050 1929 1174 1976 naturam
1199 1937 1304 1977 summa

215 1998 380 2062 necalipist.
400 1999 462 2060 titt,
482 1999 511 2049 8:
538 2013 584 2048 nos
601 1999 741 2064 (4444444444)
777 1999 803 2050 vi
829 2001 856 2049 et
881 1997 1049 2050 callidissima
1072 2001 1128 2050 arte
1152 1999 1305 2064 opprimere

213 2074 352 2138 inpsntiaan
366 2073 482 2124 4444444444
493 2075 675 2124 columnarum.
700 2075 739 2126 Ci.
778 2075 892 2134 coneris,
903 2077 994 2124 444444
1006 2077 1098 2126 manet
1110 2076 1205 2125 invicta
1215 2087 1306 2126 suum-

215 2149 248 2198 ad
265 2149 313 2198 od.
327 2150 355 2208 4,
376 2150 420 2210 li,
439 2149 463 2198 3.
480 2177 507 2186 -
525 2150 646 2214 4444444444]
664 2163 740 2200 acum
778 2149 1091 2214 queiusstbtvindicat.»
1111 2151 1211 2200 seneen
1221 2150 1304 2214 Epist.

214 2237 321 2274 summo
332 2223 420 2274 studio
432 2223 550 2275 colitur.»
563 2251 590 2261 -
604 2225 676 2289 44444]
690 2227 742 2275 uvi·
778 2225 839 2286 449,
857 2225 886 2275 i:
910 2225 1013 2275 Natura
1029 2231 1167 2274 contumax
1183 2229 1233 2274 sat:
1255 2237 1305 2274 nnn

214 2297 342 2349 riderium
352 2297 491 2362 peristylio
500 2300 642 2350 cinctum.»
655 2300 703 2350 Od.
715 2300 739 2359 3,
774 2305 854 2364 potest
864 2301 943 2359 4444444;
961 2313 1034 2349 nomn
1047 2301 1135 2362 poscit.
1161 2301 1251 2350 iuven.
1262 2299 1305 2360 43,

215 2375 255 2434 444,
268 2375 284 2422 a
296 2385 337 2437 sq.
357 2373 513 2437 CormNep.
525 2375 575 2424 litt.
587 2374 631 2437 43,
645 2376 669 2425 2.
690 2375 740 2438 (itt-
777 2375 840 2426 2394
860 2380 944 2425 tumen
961 2376 995 2424 444
1010 2387 1092 2424 4444444
1108 2379 1205 2424 notura
1220 2385 1307 2424 44444·-

215 2449 259 2498 tiai
276 2448 381 2510 domus)
398 2449 537 2498 amoenitas
552 2463 603 2498 non
614 2451 739 2514 4444444444,
777 2452 812 2500 444
830 2451 982 2512 Dumnatos,
998 2452 1056 2515 1444
1067 2454 1089 2500 44
1105 2449 1201 2499 maenti
1212 2448 1304 2499 4444444.

214 2523 330 2572 mattea
340 2523 477 2572 constabat.
501 2522 565 2573 Plin.
579 2525 689 2588 lippit,
709 2525 739 2584 6,
777 2527 824 2576 Est
844 2528 936 2575 numm
957 2525 1032 2588 44444
1051 2525 1175 2587 capsum
1196 2524 1307 2585 aliquan

177 2647 182 2654 ,
214 2597 259 2647 to:
287 2597 511 2662 aaac--ctnpa
528 2599 652 2660 areolnm,
676 2611 741 2660 quoe
777 2598 952 2664 proverbialis
968 2598 1066 2649 locutio
1084 2611 1133 2662 pro
1146 2599 1308 2662 «asperent-

215 2675 334 2734 quaItuor
346 2672 460 2733 platanis
475 2673 645 2723 inumbratur.
673 2675 741 2724 Inter
778 2687 831 2738 qne
849 2673 1023 2736 ignominiose
1041 2671 1184 2722 exturbare
1207 2673 1235 2720 et
1258 2672 1307 2721 eii·

215 2747 260 2796 boa
278 2759 421 2796 mnmwreo
443 2747 514 2797 labro
536 2761 607 2809 aqua
629 2750 742 2798 44444444
779 2761 867 2798 cerea
896 2747 1030 2810 aristoph.
1055 2747 1108 2795 Pax
1126 2745 1190 2795 637:
1216 2739 1307 2808 444444

214 2823 434 2882 minasque
452 2823 571 2884 platones
588 2827 613 2872 44
632 2823 742 2873 44444444
777 2821 832 2888 μὲν
849 2819 959 2891 δικροῖς
976 2817 1089 2870 ἐώθουν
1105 2813 1159 2883 τὴν
1174 2813 1246 2868 θεὸν
1262 2831 1307 2866 444-

212 2896 325 2958 piatonis
342 2895 473 2960 (violaria,
496 2897 604 2960 rosaria)
622 2898 671 2946 teni
691 2897 741 2946 ad-
779 2893 953 2966 κράγμασιν.
989 2892 1082 2945 Catuli.
1108 2894 1169 2944 lib:
1194 2893 1307 2943 Mentula

214 2971 329 3036 aperptnc
343 2971 417 3034 soca.
447 2969 600 3022 Pseudotib,
613 2971 642 3032 3,
656 2971 685 3033 3,
699 2972 739 3022 ib:
778 2977 886 3021 44444444
906 2971 1061 3032 Pimpioenrn
1081 2969 1214 3019 arcaniora
1233 2983 1307 3019 444444-

216 3047 248 3096 Et
265 3059 371 3095 nemas
393 3046 419 3094 in
442 3045 554 3094 4444444444
574 3057 661 3095 sacros
682 3047 742 3094 imi-
779 3052 843 3095 tcrn:
859 3047 948 3096 uanae
963 3043 1071 3108 44444444
1083 3045 1248 3106 prosapiem
1264 3043 1308 3095 444-

215 3121 297 3171 tantia
313 3119 389 3170 lacos.
419 3121 739 3182 Senecacontrov.5,b:
778 3121 855 3170 4444444.
886 3117 1166 3178 clauditates,
1185 3117 1213 3168 44
1238 3119 1307 3181 0444-

216 3198 287 3246 lntro
308 3195 424 3260 4444444444
444 3200 530 3244 nestra
549 3196 631 3244 444444
653 3199 677 3246 44
696 3207 742 3244 ne-
778 3195 848 3244 nians
869 3193 973 3257 44444444
995 3193 1170 3253 extrudimur,
1196 3193 1308 3242 4444444444-

215 3285 290 3322 morn
319 3269 533 3332 contprcienaiitia.
573 3268 613 3320 Gi.
640 3269 743 3319 Becker
778 3271 844 3319 4444444
870 3269 959 3332 capita.
991 3293 1019 3304 -
1051 3265 1155 3330 44444444]
1185 3267 1307 3316 «ratione

217 3345 305 3396 4444444
317 3345 368 3408 (ed.
381 3343 435 3407 alt.)
448 3345 477 3394 il.
492 3357 518 3408 p.
533 3344 589 3395 484.
607 3371 635 3380 -
647 3343 742 3408 tenpus]
780 3344 856 3410 quasi
873 3341 1051 3404 clandestina,
1071 3343 1100 3390 ut
1114 3339 1250 3406 quomodo
1261 3340 1308 3391 flat

217 3418 284 3470 «late
302 3421 423 3470 extentos
445 3419 472 3469 in
489 3418 565 3472 Urbis
581 3420 677 3469 vicinia
694 3431 744 3483 per
779 3419 822 3468 vix
840 3416 1050 3477 animadvertas,
1074 3414 1116 3466 illa
1135 3414 1246 3466 divitum
1268 3413 1308 3464 ia·

217 3509 310 3559 agr-um
331 3496 512 3552 nummum,-
534 3493 597 3544 olim
615 3493 744 3545 4444414444-
780 3493 857 3545 stidia
874 3503 1002 3557 perversa
1020 3493 1047 3542 et
1067 3493 1177 3541 naturae
1200 3491 1307 3541 contra·

217 3583 303 3631 mum,
322 3581 393 3619 nuuc
410 3581 494 3633 prope
512 3567 640 3620 incultum
653 3581 743 3620 aeva·
779 3569 818 3618 444
836 3569 928 3628 vincit,
956 3567 1075 3632 ipsique,
1104 3566 1306 3630 quantumvisa

217 3647 296 3696 stum.
318 3671 345 3680 -
361 3643 492 3708 prospicit]
514 3645 599 3694 Etiam
620 3645 647 3695 in
663 3657 743 3710 prosa
780 3641 893 3707 simplici
920 3642 973 3691 vita
1006 3641 1181 3701 recesserint,
1215 3640 1307 3687 tamen

217 3720 345 3768 44444444.
384 3718 481 3769 Plinius
493 3719 559 3783 Epp.
580 3719 610 3779 4,
630 3719 676 3780 44,
695 3720 741 3769 444
780 3715 922 3781 aliquando
940 3713 981 3766 vel
999 3715 1072 3766 inriti
1089 3714 1124 3763 ad
1141 3725 1201 3763 eam
1217 3711 1307 3762 redire

217 3793 350 3854 04444444,
386 3806 451 3856 qnae
483 3793 632 3842 4444444444
655 3805 742 3854 more,
780 3793 936 3856 coguntur.»
974 3788 1061 3840 Sobel.
1086 3789 1167 3851 antiq.
1192 3785 1306 3836 barthii:

217 3869 387 3932 ionpissirnutn
403 3867 474 3928 titas,
493 3867 679 3916 444444444444444
694 3867 744 3915 444-
781 3867 894 3916 «Natura
912 3863 1071 3928 sapientior,
1090 3862 1183 3926 paucis
1201 3862 1308 3910 conten-

217 3944 256 3992 444
267 3943 397 4006 promitit.
428 3943 530 3993 Seneca
547 3941 629 4004 Epist.
646 3941 692 4002 84,
711 3939 743 3989 7:
780 3942 820 3999 44,
838 3940 927 3989 uacet
944 3949 976 3986 ac
988 3934 1125 3987 damnabit
1142 3933 1307 3985 fastidiosam

216 4029 284 4066 nasac
300 4017 422 4066 4444444444
430 4019 522 4066 4444444
538 4013 745 4075 idmst-nist
780 4012 911 4063 luxuriem
937 4010 1048 4062 divitum
1079 4007 1207 4073 pleraque
1237 4005 1306 4060 male

217 4093 327 4143 44444444
344 4105 420 4155 apros
437 4089 742 4152 annnaprosptcona.
781 4087 993 4152 appetentium.»
1030 4085 1132 4133 Seneca
1158 4083 1239 4147 Epist.
1261 4082 1306 4143 90,

782 4163 826 4212 lii:
845 4157 1309 4222 Adporntanatiaumuasnosonmia

250 4243 292 4294 at.
313 4243 354 4292 aa.
381 4243 509 4292 Naturam
530 4239 641 4302 sepetire
660 4239 744 4304 444444]
781 4235 851 4286 nobis
867 4233 981 4298 4444444444
996 4231 1109 4296 facilium
1124 4233 1254 4294 [4444444
1270 4231 1308 4296 4-

219 4319 309 4367 Lectio
333 4317 439 4378 sepelies
462 4317 520 4366 orta
546 4316 587 4364 est
612 4325 643 4362 ex
665 4325 743 4376 seqq.
782 4311 868 4359 44444444.
