3130 4966
277 391 319 454 58
659 395 790 446 eoaxru
808 395 988 449 sarmarum

278 549 339 628 Qui
363 549 439 628 nisi,
464 571 538 617 curn
561 551 667 618 tristes
689 552 810 618 misero
833 572 953 618 venere
976 550 1158 628 Kalendae,

277 670 461 738 Mercedem
482 682 538 739 aut
559 693 708 739 nummos
731 672 927 740 undeunde
951 673 1098 751 extricat,
1124 695 1252 741 amaras

276 795 429 860 Porrecto
452 793 561 882 iugulo
584 793 735 860 historias
758 794 904 881 captivus
928 805 963 860 ut
984 793 1081 860 audit.

277 915 468 982 Comminxit
490 915 607 983 lectum
630 924 725 1003 potus
747 935 902 983 mensave
924 915 1066 984 catillum
1323 915 1366 982 90

275 1035 415 1103 Euandri
439 1037 586 1104 manibus
608 1037 717 1104 tritum
740 1035 878 1104 deiecit:
902 1037 945 1103 oh
967 1036 1050 1104 hanc
1073 1058 1142 1102 rem

340 1170 381 1220 87.
394 1171 523 1220 Kalendae
533 1169 622 1220 BbSc:
636 1169 760 1220 emotae
771 1168 838 1220 Edd.
848 1197 876 1206 —
889 1169 929 1220 9⁴.
944 1170 1040 1234 mam]
1053 1175 1148 1220 tortam
1157 1169 1223 1221 Cod.
1237 1171 1332 1233 Regius

308 1247 335 1294 et
352 1258 367 1294 a
385 1257 467 1294 manu
485 1243 604 1294 secunda
623 1244 714 1295 Codex
731 1243 798 1294 alter
815 1243 1035 1308 Magdalenensis,
1054 1242 1173 1296 Bentleio
1185 1243 1330 1308 probante;

307 1319 431 1381 sadptatm
442 1318 508 1369 Cod.
523 1317 587 1369 Coit.
600 1319 669 1370 Trin.
686 1319 832 1369 «etaetatis
845 1320 872 1368 et
883 1319 961 1369 notae
973 1319 1131 1382 sequioris.»
1146 1347 1173 1356 -
1183 1321 1290 1381 proiecit
1300 1320 1329 1369 B.

275 1430 341 1480 ritur
357 1431 383 1480 in
400 1430 533 1494 inscriptt.
554 1431 581 1480 et
598 1430 669 1494 apud
687 1429 797 1480 Martini.
837 1427 928 1480 Pollio.
942 1431 1052 1493 (Seneca
1065 1430 1187 1494 Excerpt.
1202 1431 1326 1481 controv.
1337 1431 1361 1482 i.

275 1506 303 1564 5,
330 1505 371 1554 28.
409 1505 552 1554 Draconem
576 1502 692 1568 aliquem
718 1517 799 1554 nemo
837 1503 971 1566 Prooem.)
990 1505 1155 1554 Recitatorem
1176 1505 1293 1554 acerbam
1309 1506 1365 1556 Ho-

274 1576 379 1638 adhun,
412 1578 485 1642 quod
513 1579 614 1639 sciam,
649 1580 800 1642 expiscatus
837 1579 920 1648 ratius
937 1577 1067 1629 describit
1083 1581 1113 1629 A.
1132 1580 1161 1629 P.
1181 1577 1229 1630 iii
1247 1591 1308 1642 sqq.

275 1652 335 1715 cst.)
368 1655 394 1704 ls
414 1653 492 1716 igilur
513 1653 642 1704 invitabat
662 1654 799 1704 debitores
1323 1641 1332 1656 ⁶

273 1728 308 1777 ad
333 1727 480 1778 audiendas
502 1741 565 1780 suas
589 1729 727 1788 historias;
754 1728 799 1792 qui
870 1726 958 1776 tio-95.
984 1727 1105 1790 catillm]
1127 1728 1212 1777 Varro
1233 1728 1262 1778 L.
1284 1729 1312 1779 L.
1331 1730 1361 1788 t,

274 1815 335 1854 cum
361 1802 489 1854 solvendo
515 1817 566 1853 non
591 1806 695 1863 essent,
723 1804 799 1866 quasi
838 1800 903 1850 lid:
933 1801 999 1851 Vasa
1021 1801 1048 1852 in
1072 1815 1159 1852 amosa
1184 1801 1296 1852 maaria:
1321 1801 1364 1852 ati

274 1879 445 1928 eoactierant
455 1879 522 1928 tristi
535 1879 681 1928 recitationi
691 1877 798 1940 adesse,
833 1874 929 1936 pellem
945 1881 991 1926 aaa
1010 1875 1131 1926 luculenti
1148 1875 1208 1937 qaid
1227 1877 1362 1938 ponebant,

273 1966 307 2002 ne
334 1950 407 2002 illum
432 1951 607 2002 offenderent.
639 1945 799 2022 Ἀντίστρο-
837 1951 1116 2011 oeapiendocatiuum
1127 1950 1302 2013 nmmaamiat,
1316 1951 1364 2000 nisi

272 2041 331 2088 φος
356 2027 398 2075 est
424 2024 573 2076 Philostrati
602 2025 798 2076 narratiuncula
836 2025 902 2086 qaod
913 2025 991 2074 Siculi
1003 2025 1089 2075 dicata
1099 2020 1229 2085 κάτινον,
1247 2024 1290 2074 alti
1305 2038 1364 2076 assa

273 2101 307 2151 de
324 2100 394 2150 Varo
412 2097 543 2162 quodam,
570 2100 688 2164 superbo
706 2098 799 2150 adole·
832 2099 968 2160 ponebant.
998 2123 1025 2134 -
1052 2099 1177 2163 Euandre]
1207 2113 1275 2162 equo
1301 2113 1362 2150 cum

273 2171 406 2234 scentulo,
420 2173 444 2222 in
457 2171 601 2224 Polemone
613 2173 643 2223 V.
657 2175 682 2223 S.
697 2188 723 2238 p.
737 2173 795 2224 oio.
835 2171 953 2236 quotidie
976 2185 1042 2223 usus
1064 2174 1099 2224 sit
1122 2173 1175 2224 iarn
1198 2173 1302 2238 priscus
1319 2173 1361 2225 ille

272 2247 327 2298 oi:
354 2247 385 2296 ol
403 2244 599 2312 δανειζόμενοι
623 2250 688 2319 παρ’
706 2241 797 2298 αὐτοῦ
836 2259 884 2296 rex
901 2245 1039 2308 Euander,
1058 2247 1207 2312 stupendae
1219 2249 1363 2312 antiquita-

272 2318 410 2392 χρήματα
418 2317 452 2372 τὸ
463 2323 513 2373 καὶ
524 2319 701 2386 μελετῶντος
713 2317 799 2393 diapo-
835 2321 869 2372 tis
887 2325 914 2371 et
931 2323 1073 2386 propterea
1091 2323 1200 2372 maximi
1217 2324 1295 2387 pretii
1315 2322 1362 2373 tihi

271 2393 405 2448 donadac
426 2399 631 2468 προσέγραφον
653 2393 692 2464 τῷ
709 2393 795 2464 τόκῳ.
835 2395 967 2446 videtur.»
1002 2397 1062 2460 lpsd
1078 2399 1135 2446 tam
1151 2397 1244 2448 iestivt
1261 2397 1363 2461 hyper-

273 2473 449 2536 -KalendaeJ
463 2473 515 2523 Cir.
529 2473 614 2537 Epod.
627 2474 652 2533 2,
666 2474 697 2523 69
710 2486 750 2538 sq.
767 2473 812 2510 -'
835 2469 896 2520 holt
924 2469 994 2520 ridet
1020 2470 1169 2522 absurdum
1198 2471 1362 2534 antiquitatis

271 2547 409 2596 Mercedem
425 2551 471 2597 aal
486 2547 608 2612 cameos]
629 2560 740 2598 ausuras
752 2549 798 2597 aut
834 2546 953 2595 studium
971 2559 1082 2610 prorsus
1099 2550 1128 2595 ut
1145 2548 1197 2596 Sat.
1216 2547 1246 2606 ἢ,
1265 2547 1295 2606 3,
1314 2547 1359 2596 20:

271 2623 398 2671 sortem.»
412 2647 442 2657 -
454 2623 520 2672 ande
537 2622 609 2687 ande]
627 2635 677 2686 pro
695 2622 798 2672 eunde·
835 2620 900 2669 Olim
910 2631 972 2668 nom
983 2621 1242 2681 quaerereamalam,
1254 2623 1307 2683 (iao
1317 2635 1363 2670 aa·

271 2708 392 2759 cunque»
410 2695 521 2746 meliore
539 2699 626 2748 aetate
644 2697 716 2762 apud
733 2701 796 2761 poii·
832 2695 872 2757 ser
882 2694 924 2743 ille
933 2695 1008 2756 pedes
1018 2694 1118 2744 lavismt
1128 2694 1248 2756 Simplices
1258 2709 1324 2745 aere.
1335 2697 1362 2745 el

271 2772 311 2820 tas
346 2770 485 2821 dumtaxat
522 2773 671 2836 reperitur,
711 2771 798 2821 ubiubi
834 2766 998 2829 Martialis&
1018 2769 1045 2828 6,
1063 2769 1092 2818 7:
1117 2769 1169 2818 Hoc
1180 2774 1278 2820 cratere
1287 2770 1362 2832 seraa

270 2845 351 2894 etiarn
369 2845 440 2910 apud
457 2847 624 2896 Ciceronem.
640 2848 796 2898 -Porrecto
834 2843 956 2892 conmisit
968 2843 1070 2904 proelia
1085 2843 1194 2892 illam
1205 2843 1268 2894 Cam
1287 2845 1362 2906 Lap'e

269 2919 363 2983 iapalo]
381 2921 457 2983 quasi
475 2921 583 2984 captivi,
602 2920 700 2985 quibus
716 2924 797 2985 caput
833 2917 893 2966 tiis:
916 2931 1007 2981 papea
1028 2917 1106 2968 debile
1126 2919 1207 2968 emnia
1223 2931 1293 2980 opas.
1328 2919 1361 2969 Hi

270 2995 440 3044 truncaturus
471 2998 513 3046 est
540 2997 634 3046 victor.
663 3023 691 3034 ..
718 2996 796 3047 hislo-
832 2991 881 3041 <itio
893 2991 1013 3055 hamatae
1024 2994 1267 3044 contaminatore
1276 2993 1360 3056 sandi:

268 3068 332 3132 rias]
355 3067 412 3119 Noli
429 3082 492 3120 curn
510 3071 670 3121 nonnemine
687 3072 794 3121 vertere
832 3067 921 3118 Pelliee
941 3068 971 3117 da
987 3067 1057 3129 Pylio
1079 3067 1142 3117 trita
1157 3067 1272 3118 calamla
1290 3068 1359 3118 nitet.

269 3142 477 3206 dialectiea,
508 3146 595 3196 minus
624 3146 703 3196 etiam
733 3159 794 3195 cum
832 3143 862 3191 ln
879 3140 995 3191 Euandri
1015 3143 1179 3192 mentionem
1201 3143 1282 3192 etiam
1299 3142 1360 3192 ideo

268 3219 372 3267 Acrone
397 3216 507 3282 aliisque
531 3218 662 3283 explicare
687 3221 795 3271 eoonvi·
833 3214 950 3266 incidere
978 3217 1101 3279 poterat,
1139 3215 1211 3278 quod
1240 3218 1266 3266 in
1294 3217 1360 3266 Poro

268 3293 320 3351 cia,
343 3290 543 3342 contumelias.»
574 3295 631 3343 Hoc
653 3293 792 3355 significet,
832 3289 925 3339 boario
948 3291 1007 3338 erat
1028 3287 1157 3340 Hercules
1179 3289 1357 3356 triumphalis,

268 3367 402 3416 Rusonem
419 3367 568 3429 pessimum
579 3369 739 3431 scriptorem
752 3368 794 3416 hi·
832 3363 864 3413 ab
887 3364 1009 3412 Euandro
1030 3367 1161 3424 saeratae,
1186 3369 1215 3414 at
1236 3366 1357 3427 prodant.

268 3439 396 3489 storioum
412 3451 477 3489 suae
494 3439 589 3489 aetatis
607 3439 698 3490 tuisse.
736 3441 794 3502 (Qui
832 3437 896 3489 Plin.
912 3439 942 3488 R.
955 3439 985 3487 N.
996 3436 1037 3494 al.
1048 3437 1072 3486 i.
1092 3437 1183 3488 locum
1196 3438 1269 3488 haud
1280 3451 1361 3502 agno-

266 3512 385 3562 ltietoiias
407 3511 571 3576 explicarunt
590 3512 633 3564 vel
651 3513 792 3564 «tabellas»
832 3515 938 3564 scentes
962 3510 1136 3564 scholiastae:
1166 3515 1229 3574 «Qui
1248 3514 1282 3566 de
1299 3528 1360 3578 pen

266 3586 309 3637 vel
334 3589 510 3648 «convicia»,
540 3601 592 3637 non
615 3589 794 3639 meminerant
832 3587 905 3638 sonis
928 3588 1077 3638 Horatianis
1100 3588 1266 3652 scripserunt
1286 3591 1360 3641 aiunl

267 3661 371 3726 lepidae
389 3660 602 3714 narratiunculae
620 3663 693 3727 apud
709 3666 794 3714 Sene·
832 3661 986 3712 Euandrum
998 3663 1070 3712 hunc
1082 3661 1245 3714 caelatorem
1257 3666 1285 3716 et
1301 3661 1360 3728 pla-

267 3739 446 3805 camEp.t25:
465 3737 591 3788 Recitator
606 3737 745 3789 Historiam
755 3739 794 3788 in·
831 3739 890 3788 slen
919 3738 1080 3798 statuarum,
1114 3751 1196 3801 quem
1219 3739 1252 3788 ti.
1276 3740 1359 3788 Anto-

265 3818 363 3876 pentem
374 3813 476 3872 attalit,
488 3811 652 3862 minatismme
662 3814 791 3877 scriptam,
832 3813 904 3862 nium
915 3811 949 3862 ab
958 3811 1069 3862 Athenis
1077 3809 1265 3863 Alexandriam
1275 3814 1359 3864 trans·

266 3887 390 3936 artissime
407 3887 542 3949 plicatam,
564 3891 588 3936 ot
603 3900 699 3951 mappa
717 3893 793 3950 perte
831 3884 936 3948 tulisse,
956 3885 1018 3936 inde
1034 3887 1104 3936 inter
1115 3887 1234 3950 captivos
1247 3888 1359 3937 Romam

263 3960 375 4022 perlecta
407 3961 585 4023 laeenam»,
622 3962 717 4024 inquit,
750 3963 792 4012 «si
831 3961 992 4026 perductum
1017 3959 1099 4011 mulla
1122 3975 1204 4024 opera
1228 3960 1357 4012 mirabilia

264 4036 363 4086 nouis.»
396 4036 572 4086 deramatam·
602 4039 719 4100 «Recita,
747 4053 792 4090 ra·
830 4036 953 4086 iecisse.»
997 4037 1185 4096 Recenliores,
1215 4035 1261 4100 qui
1289 4035 1358 4086 hano

265 4109 331 4158 mia»
349 4107 381 4158 ab
397 4111 446 4172 liis,
473 4113 517 4173 qai
539 4111 612 4161 illam
628 4111 793 4163 mmanacere
829 4109 1033 4174 explicationem
1045 4109 1209 4175 praeierunt,
1222 4110 1357 4162 arbitran-

265 4184 331 4234 illieo
347 4185 512 4248 aptanti-
530 4185 609 4249 eadit]
628 4187 704 4238 Hunc
721 4189 792 4238 reei-
830 4189 874 4237 tur
886 4199 947 4238 esse
960 4187 1089 4250 eundem,
1103 4187 1138 4237 de
1150 4200 1204 4251 quo
1214 4185 1312 4238 Plinius
1324 4188 1355 4238 H.

266 4257 337 4308 tandi
372 4270 476 4310 morem
510 4259 651 4310 induxerat
684 4263 791 4313 asinius
829 4261 920 4324 Rau,
938 4263 968 4326 t,
988 4261 1033 4312 32:
1055 4261 1170 4312 Timothei
1181 4263 1357 4314 masculitano
