3178 4972
596 453 656 503 utu.
676 454 694 502 Ι.
730 453 828 504 EPlST.
848 454 900 504 xu.

252 607 361 674 ltaliae
383 606 479 695 pleno
502 607 647 674 defundit
669 609 769 696 Copia
793 629 903 676 cornu.
1005 622 1015 638 '

273 833 313 884 29.
332 833 445 896 &studit
460 847 595 898 superscr.
614 835 642 898 if,
662 837 691 884 ut
708 836 742 886 sit
759 836 875 898 dispendit
889 835 916 896 b,
935 837 1029 900 &dedit
1043 839 1089 900 SE,
1107 842 1147 904 γζ,
1166 841 1265 903 ιιιίιιιιιιι

241 909 268 970 ιι,
288 911 305 958 t.
325 907 368 972 llll
379 921 441 967 uos,
461 910 521 972 Sep,
533 909 570 970 κ.)
583 909 622 958 De
634 908 724 959 verbis
736 911 912 972 uitandorum
928 913 1061 973 &fundae
1072 913 1141 963 inter
1152 927 1181 964 ae
1199 928 1264 965 con·-

242 983 307 1033 lueis
325 981 358 1032 cl.
377 983 412 1032 ad
430 983 495 1048 Epp.
515 984 538 1040 ι,
558 985 582 1042 5,
601 982 625 1034 l.

211 1189 251 1238 bis
276 1187 366 1239 verbis
386 1188 503 1238 bionum.
526 1191 624 1251 Αιιογι.
648 1201 675 1252 p.
693 1187 733 1238 35.
773 1189 901 1252 defundi,
936 1203 951 1240 e
980 1203 1064 1240 cornu
1097 1205 1146 1243 suo
1174 1195 1298 1250 omuibus

211 1262 255 1313 ed.
274 1263 378 1324 Franz„
397 1275 467 1326 quae
485 1275 566 1327 supra
578 1265 678 1312 Graece
691 1262 737 1311 ba-
774 1261 943 1314 abuudauter
967 1264 1100 1328 largitur.»
1142 1270 1183 1318 ·si
1207 1271 1300 1333 ιιοριιιιι

211 1337 277 1387 bae:
296 1337 400 1387 Portica
418 1338 497 1387 trinea
514 1338 669 1388 mereituum
687 1337 737 1386 lio-
774 1336 885 1402 legeris,
912 1342 973 1403 pest
993 1353 1112 1392 messem
1134 1345 1231 1408 scripta
1250 1349 1301 1398 en'l

209 1425 346 1462 maecum
372 1411 453 1474 spolio
480 1415 504 1460 el
533 1413 606 1476 aipein
633 1411 737 1460 reddere
775 1413 905 1478 Epistola3
935 1415 957 1465 si
980 1417 1104 1478 defundit,
1129 1420 1186 1481 ipso
1203 1424 1299 1473 messis

209 1487 270 1536 miii
292 1485 513 1548 supplicesque
534 1486 675 1536 amicitiam
689 1499 737 1548 po-
775 1491 925 1552 tempore.»
954 1490 1045 1540 Beana.
1091 1493 1179 1542 Lectio
1207 1495 1302 1558 defudit

209 1563 262 1624 puli
280 1562 387 1611 ιιοιιιιιιιι
399 1565 486 1624 petere
501 1561 579 1626 cot'yl.
601 1561 738 1611 anulem
775 1565 833 1613 orta
868 1564 976 1614 videtur
1010 1579 1041 1614 ex
1075 1567 1299 1630 praecedentibus

210 1637 469 1702 sipuoinpeuetroli,
488 1637 737 1700 quoduetiutemplo
774 1637 901 1701 perlectis
918 1639 1004 1688 cecidit
1016 1643 1043 1690 et
1059 1643 1161 1704 occepit.
1192 1645 1300 1694 Inversa

211 1713 302 1764 ldortie
315 1712 415 1773 Ultoris,
427 1713 535 1774 repositi.
559 1711 634 1763 idem
647 1713 737 1762 autem
775 1725 859 1762 cornu
869 1724 994 1776 expressa
1005 1717 1047 1764 est
1056 1716 1136 1778 Copia
1146 1717 1202 1766 slve
1212 1717 1301 1769 Abun-

212 1789 253 1838 eat
267 1789 308 1836 lua
323 1791 347 1836 et
356 1787 491 1850 imperium
503 1785 612 1836 alicuius
624 1787 739 1849 accipere
775 1786 863 1836 dantia
881 1785 931 1836 dea
945 1788 971 1836 in
984 1789 1178 1852 imperatorum
1189 1789 1300 1843 demum

211 1865 292 1926 atque
319 1863 448 1926 nimpedo
466 1875 577 1925 parere,
603 1861 686 1911 iuius
701 1861 739 1910 di·
775 1863 954 1926 posteriorum
967 1864 1091 1912 nummis.
1118 1863 1170 1915 Cir.
1184 1865 1300 1928 Bdttiger

211 1938 354 1997 ciouertque
372 1935 481 1986 alicuius
497 1935 607 1998 recipi.»
626 1937 680 1987 biv.
694 1935 735 1997 il,
774 1937 808 1985 ld.
827 1936 950 2000 Schriften
966 1937 997 1986 ll.
1016 1949 1043 2000 p.
1061 1937 1117 1987 376.
1154 1937 1301 2002 Elegantis-

212 2013 252 2062 at.
272 2011 325 2062 Cir.
343 2010 391 2060 0d.
405 2011 434 2072 3,
454 2012 482 2070 5,
502 2010 571 2073 3sq.
590 2011 650 2060 Tae.
670 2009 735 2060 illst.
775 2013 842 2062 sime
865 2009 999 2076 sculptum
1021 2025 1104 2062 cornu
1127 2015 1219 2078 copiae
1237 2017 1302 2067 sini·

211 2087 239 2146 ι,
258 2086 303 2154 iil:
326 2085 433 2148 inperio
456 2085 613 2146 accipientes,
641 2083 667 2133 id
686 2085 736 2144 est,
776 2085 830 2136 stra
848 2088 922 2135 tenet
936 2085 1066 2136 Fortunae
1084 2087 1256 2141 simulacrum
1274 2093 1301 2140 lu

213 2161 358 2224 «imperata
384 2159 538 2210 iacientes.»
578 2157 645 2208 Male
670 2157 738 2208 baec
776 2161 860 2212 Museo
873 2161 1001 2210 Ciioroeu.
1013 2163 1043 2210 ll.
1056 2161 1196 2213 Tabuit.
1216 2167 1301 2230 Atque

212 2247 319 2298 quaqua
337 2233 399 2284 olim
417 2235 591 2298 acceperunt,
611 2233 645 2282 ita
659 2233 738 2283 iuter·
776 2235 883 2285 omuino
901 2248 983 2300 saepe
994 2236 1100 2287 videtur
1111 2239 1242 2289 Fortunae
1254 2241 1303 2290 trl-

212 2311 307 2374 prelati
319 2323 326 2358 ι
347 2309 489 2360 “Phraates
507 2309 612 2374 accepit
628 2309 669 2359 ius
686 2309 738 2359 im·
775 2310 870 2360 butum
883 2323 952 2360 ease.
967 2309 1020 2360 Cir.
1034 2310 1132 2361 arnob.
1144 2307 1168 2374 ι’,
1182 2313 1228 2363 25:
1242 2313 1303 2364 For-

211 2384 384 2448 pedumque,
404 2383 500 2444 idest,
518 2385 739 2446 regnumnrme-
776 2389 839 2434 tuuc
870 2397 928 2434 cum
952 2397 1031 2434 comu
1051 2387 1148 2448 patrie,
1179 2387 1234 2452 licit
1258 2395 1303 2439 aut

212 2459 285 2520 uiae,
311 2461 455 2508 veneratus
480 2461 625 2522 propterea
647 2460 738 2521 Augu-
775 2459 890 2524 pupilme
909 2461 1111 2510 auctunuattous
1128 2461 1212 2523 pleno
1247 2461 1303 2513 nd-

212 2536 318 2592 utum„
353 2537 433 2597 atque
466 2533 527 2585 ideo
555 2533 597 2584 vel
626 2535 739 2598 turpiter
777 2532 905 2584 mirabilia
923 2538 1014 2585 autem
1035 2537 1076 2586 eet
1100 2535 1179 2586 buius
1205 2549 1303 2588 cornus

213 2621 318 2660 errasse
341 2606 384 2657 uel
409 2608 581 2672 impudenter
597 2609 738 2658 mentitum
777 2609 870 2672 copiae
895 2609 997 2672 pictura
1026 2609 1097 2673 apud
1125 2609 1303 2662 flabelaisium

214 2696 273 2734 ease
300 2683 437 2733 Horatium
458 2681 596 2744 dixerunt,
620 2695 682 2732 eum
699 2683 740 2732 'li-
777 2683 926 2746 Gargantua
951 2683 993 2733 Clu.
1013 2683 1046 2733 8:
1071 2697 1121 2734 une
1145 2685 1205 2736 belle
1229 2700 1304 2738 cotue

213 2769 310 2822 granea
335 2757 361 2806 ln
387 2769 500 2820 regnum
521 2755 585 2806 illud
607 2755 739 2806 deductus
777 2757 964 2818 d'obuudauce,
988 2757 1043 2807 telle
1059 2771 1107 2820 que
1122 2772 1201 2820 copel
1217 2771 1242 2809 ee
1259 2773 1304 2810 oee-

214 2833 264 2892 ait;
283 2843 336 2895 qua
353 2830 430 2895 culpa
442 2833 472 2881 ut
484 2832 592 2894 poetam
603 2827 738 2891 liberaret,
777 2831 932 2892 ticquailles,
959 2835 983 2881 et
1002 2831 1057 2881 telle
1073 2847 1120 2894 que
1136 2833 1221 2883 ιιοιιιια
1238 2835 1305 2885 lllte'u

213 2905 347 2957 Bentleius
384 2919 495 2970 prorsus
528 2903 740 2970 improbabiliter
778 2919 803 2956 ee
827 2907 895 2954 deuna
919 2907 1038 2968 nymphea
1061 2907 1185 2957 Adrasteo
1204 2913 1228 2958 et
1243 2909 1302 2971 ldo,

215 2981 335 3046 liproues
345 2994 394 3045 pro
406 2981 526 3030 Pbraotee
536 2979 683 3045 proposuit.
700 2980 739 3028 Da
777 2981 907 3030 uounicea
923 2981 953 3030 de
967 2980 1070 3043 Iupiter.
1100 2982 1232 3032 Tutuioura
1240 2997 1306 3048 pata-

214 3057 326 3106 Phraate
344 3055 377 3105 cl.
397 3056 478 3105 etiam
495 3053 544 3103 0d.
563 3055 592 3114 ι,
610 3055 640 3115 ι,
659 3055 701 3104 ll.
778 3055 859 3115 touta
885 3053 1037 3117 ncmleute,
1062 3058 1208 3118 resedente,
1234 3063 1304 3108 ιοιιι-

246 3131 288 3180 29.
317 3129 403 3194 Copia]
422 3129 600 3180 abundantiae
618 3133 645 3180 et
661 3129 742 3180 uber
778 3130 848 3178 lours
865 3129 1030 3191 vadmoute,
1057 3132 1181 3180 toudoure
1204 3134 1304 3196 llmrle-

215 3205 275 3256 tatis
293 3203 357 3266 dea,
377 3207 406 3254 ut
423 3205 511 3254 Carnu.
531 3206 589 3256 Sec.
609 3206 649 3256 60.
674 3205 740 3254 Eam
778 3209 863 3265 eunte,
889 3205 1015 3254 lotuioure
1038 3205 1203 3268 laetificate,
1231 3207 1305 3269 pleae

214 3293 320 3330 aureum
338 3281 430 3340 uocat,
455 3278 481 3329 id
500 3281 553 3340 est,
571 3279 693 3340 beatam,
712 3280 742 3328 ut
779 3279 934 3340 d'lrumeure,
949 3277 1021 3341 pleae
1037 3280 1067 3329 de
1082 3281 1170 3343 flaura,
1186 3279 1259 3342 plene
1275 3281 1304 3331 de

214 3353 270 3404 lere
287 3353 379 3414 odi,
396 3355 424 3415 5,
443 3353 467 3402 9.
486 3355 514 3414 ι,
535 3354 580 3415 tu,
598 3355 623 3403 5.
653 3355 741 3404 «ilaec
778 3359 857 3404 toules
868 3353 963 3405 delicet.
994 3354 1304 3406 Similesautemlaudee

214 3430 305 3479 auum
315 3430 401 3479 omnis
411 3429 516 3492 generis
527 3428 616 3492 fruges
625 3427 741 3479 tructus-
779 3429 903 3480 Caesaris
927 3429 1007 3479 aetati
1024 3431 1141 3495 impertit
1156 3432 1236 3495 polita
1253 3429 1301 3479 ou.

215 3515 267 3566 que
285 3503 362 3569 quasi
380 3503 414 3553 do
434 3500 509 3552 caelo
522 3503 658 3554 interram
670 3517 741 3554 nuuc
778 3504 807 3567 ι,
822 3505 850 3565 5,
864 3505 895 3554 47
908 3517 967 3568 sqq.
987 3503 1014 3566 i,
1029 3506 1072 3566 45,
1086 3506 1100 3554 5
1113 3519 1173 3570 sqq.
