3156 4972
589 431 650 481 Llli.
669 431 700 480 ll.
737 431 804 482 ΕΔΤ.
823 431 854 480 V.

225 587 285 652 Aut
307 605 401 672 spem
422 584 568 672 deponas
589 595 645 652 aut
666 595 768 653 artem
789 585 902 654 illusus
925 589 1060 654 omittas.

142 717 146 724 ’
225 707 338 794 lingna
360 706 506 773 minorve
529 706 597 772 loro
620 707 647 772 si
669 727 723 773 res
745 708 920 774 certabitur
942 708 1033 784 olim,

222 827 313 893 Vivet
333 835 406 894 uter
427 826 573 914 locuples
596 828 665 894 sine
687 829 806 915 gnatis,
830 829 1012 917 improbae,
1036 829 1119 896 ultro

223 947 285 1027 Qui
308 947 476 1014 meliorem
499 948 604 1015 audax
624 959 720 1016 vocet
742 950 774 1014 in
797 951 861 1028 ius,
886 950 970 1018 illius
992 961 1062 1018 esto

221 1069 396 1148 Deiens0r3
419 1069 503 1135 fama
526 1070 630 1136 civem
653 1091 818 1159 causaque
843 1073 984 1159 priorem
1225 1073 1267 1138 30

220 1191 363 1278 Sperne,
387 1190 475 1256 domi
498 1191 525 1257 si
548 1201 663 1278 gnatus
686 1192 746 1263 erit
768 1192 946 1260 fecundave
968 1195 1095 1261 coniux.

221 1311 355 1390 Quinte,
379 1322 471 1399 puta,
496 1323 551 1378 aut
567 1311 673 1389 Publi,
690 1351 732 1362 -
745 1313 885 1401 gaudent
896 1317 1105 1402 praenomine
1119 1314 1233 1382 molles

217 1431 392 1498 auriculae
405 1471 449 1482 -
463 1431 519 1499 tibi
542 1453 594 1500 me
617 1434 718 1500 virtus
740 1444 794 1500 tua
816 1435 891 1504 lecit
911 1437 1067 1518 amicum;

209 1724 227 1773 b
244 1651 285 1786 ῗθ.
305 1663 391 1788 arsag
407 1652 463 1702 tres
475 1639 612 1701 Torrentii.
629 1677 656 1687 -
670 1650 764 1715 ιιιιιειιι]
782 1651 849 1701 illius
859 1650 887 1702 b.
904 1680 930 1688 —
943 1652 984 1704 ιθ.
1000 1653 1071 1703 Vivat
1085 1667 1112 1718 p.
1129 1681 1155 1690 —
1168 1656 1235 1704 notis

257 1737 310 1774 non
346 1738 361 1776 c
395 1763 400 1774 .

174 1912 251 1961 terea
269 1911 401 1974 ingratam
419 1911 514 1974 ingerit
533 1912 701 1976 positionem.
738 1911 799 1972 bur,
816 1913 897 1974 ultro,
916 1913 1012 1965 nudus.
1029 1940 1056 1950 -
1065 1915 1140 1978 puta]
1158 1927 1265 1967 «axem-

173 1985 229 2036 Gb.
244 1985 332 2048 Reisig
348 1987 404 2036 lot.
417 1987 475 2048 spr.
488 1999 515 2050 p.
528 1985 586 2037 att.
600 1991 627 2036 et
641 1987 700 2037 ast.
738 1987 774 2052 pli
797 1999 906 2046 causam
931 1989 975 2052 qui
999 1989 1189 2052 imperativus,
1217 1991 1265 2042 ubi

173 2059 268 2122 ibique
291 2061 386 2111 Haase.
414 2087 441 2097 -
460 2061 702 2125 praeroso-bomo]
740 2063 817 2127 quasi
828 2061 948 2112 adverbii
959 2064 1033 2114 vices
1045 2065 1126 2128 gerit,
1145 2062 1265 2116 nltimam

173 2137 285 2185 «vorata
303 2148 382 2193 esca,
408 2137 574 2200 consumptis
600 2137 652 2185 tuis
676 2137 705 2185 et
740 2135 870 2199 syllabam
889 2138 1004 2202 corripit.
1045 2139 1265 2202 Antiquissimum

172 2209 489 2274 perditismuneribus.»
518 2212 602 2260 Corra.
622 2211 701 2268 Cruo.
739 2211 817 2261 huius
835 2224 900 2261 usus
912 2209 1065 2276 exemplum
1077 2213 1103 2262 in
1114 2226 1193 2277 prosa
1207 2227 1266 2264 ora-

172 2285 239 2336 Plin.
254 2286 351 2347 Paneg.
365 2283 412 2334 ts:
440 2284 577 2334 Consanum
596 2298 704 2334 munero
740 2287 1087 2339 tionevidetures'selihet.
1101 2289 1264 2340 adlterenn.

171 2361 250 2410 illitos
274 2359 336 2408 cibis
358 2359 459 2419 bomon,
486 2365 583 2421 opertos
603 2361 703 2420 praedo
739 2363 772 2422 i,
792 2363 836 2424 il,
857 2364 903 2413 ⁴6:
931 2364 959 2413 Sl
982 2363 1127 2428 ombipuum
1149 2369 1186 2415 est
1201 2367 1266 2414 sori-

171 2435 278 2497 lnqunos
304 2433 506 2483 uemulobontur.
541 2432 651 2484 Martini.
673 2435 700 2494 6,
735 2440 820 2497 ptum,
848 2441 889 2497 ιιι,
913 2442 990 2499 puto,
1017 2440 1083 2500 quod
1099 2439 1125 2488 tn
1142 2440 1206 2489 duur
1221 2445 1267 2490 out

173 2509 220 2569 63,
256 2509 290 2557 5.·
330 2509 439 2558 Munna
473 2521 568 2571 magna
604 2509 703 2568 quidam
735 2511 822 2572 plures
849 2513 983 2561 sententias
1009 2514 1076 2562 tratti
1100 2516 1192 2575 possit,
1220 2515 1266 2565 boc

170 2583 255 2643 misit,
279 2583 321 2631 sed
342 2583 409 2631 misit
430 2583 457 2630 in
479 2582 562 2632 tunm.
593 2583 701 2631 Luciau.
738 2588 811 2635 modo
826 2587 988 2636 tractandum
997 2592 1040 2637 ad.
1060 2586 1161 2638 Pluries
1174 2589 1267 2640 sicre-

171 2659 202 2708 D.
224 2657 261 2706 Μ.
279 2655 308 2714 6,
327 2655 352 2706 l.
375 2655 530 2719 baredipeta
556 2655 590 2706 de
616 2669 700 2706 sene:
740 2660 840 2723 peritur
851 2661 922 2723 apud
934 2659 1051 2711 Celsum.
1071 2662 1109 2713 Cl.
1124 2662 1227 2713 Colum.
1239 2664 1263 2724 5,

171 2724 188 2781 ὁ
206 2729 241 2782 δὲ
259 2725 402 2779 τοσοῦτόν
423 2745 475 2795 μοι
492 2727 592 2799 δέλεαρ
613 2745 703 2780 καται-
739 2736 768 2794 2,
787 2733 815 2785 l:
835 2735 880 2784 Sin
897 2741 981 2784 ιιιιιιιν
997 2742 1117 2785 curucam
1132 2749 1195 2800 ager
1209 2737 1267 2800 fru-

171 2802 250 2856 ιιιών
267 2801 434 2869 ἐφειστήκει
445 2804 618 2871 θαπτομένῳ
631 2803 703 2874 πρῴ-
738 2809 787 2870 rit,
810 2815 851 2870 ιιι,
872 2814 950 2871 ριιιιι,
975 2809 1063 2872 tenpus
1076 2812 1151 2872 pedes
1167 2817 1266 2860 centum

171 2897 207 2946 ην
235 2875 383 2945 ἐπιγελῶν.
416 2907 443 2914 -
471 2879 565 2943 artam]
594 2881 701 2929 Lucian.
740 2885 802 2942 cet,
829 2883 875 2932 ubi
901 2881 979 2947 paulo
1006 2886 1067 2933 ante
1093 2886 1135 2934 est
1159 2885 1266 2947 ωιιιιιριι

171 2956 239 3006 ibid.
253 2955 283 3004 3:
312 2955 387 3017 (Vos,
406 2955 556 3016 captatores
565 2953 580 3016 ,l
599 2951 703 3019 καινήν
739 2971 827 3006 curua.
849 2982 876 2992 -
899 2958 1071 3022 praenomine]
1098 2961 1265 3010 Praenomen

171 3045 239 3081 τινα
256 3023 365 3092 ταύτην
381 3029 486 3091 τέχνην
500 3025 703 3093 ἐπινενοήκατε
740 3031 790 3081 civi
815 3030 899 3081 libero
922 3031 1059 3094 proprium
1083 3035 1110 3081 et
1132 3033 1201 3082 inter
1218 3047 1266 3084 co-

171 3101 272 3176 γραῶν
289 3103 339 3152 και
355 3098 497 3170 γερόντων
508 3097 641 3172 ἐρῶντες,
653 3105 703 3154 και
739 3108 832 3168 gnatos
845 3104 1041 3168 familiaresque
1054 3107 1188 3156 usitatum.
1209 3107 1263 3158 Clr.

170 3178 303 3247 μάλιστα
320 3179 346 3228 et
367 3171 483 3227 ἄτεκνοι
505 3175 570 3228 εἶεν.
600 3181 702 3229 Seneca
740 3181 792 3229 Sat.
803 3181 828 3238 Ξ,
842 3180 866 3240 6,
880 3179 920 3230 37.
951 3179 1263 3240 Cic.edFam.l,9,t9.

172 3255 206 3306 de
225 3253 319 3304 Beaei.
333 3253 361 3312 6,
380 3253 426 3302 38:
448 3253 597 3303 Arruntium
613 3260 636 3304 ιι
647 3255 703 3304 Ha·
741 3255 770 3314 Q.
785 3254 879 3304 Cicero
892 3253 925 3304 de
939 3255 993 3304 Pet.
1007 3255 1086 3304 Cons.
1101 3254 1129 3315 i,
1148 3255 1195 3306 28:
1216 3255 1265 3316 (lui

171 3330 267 3380 eumn
283 3333 307 3377 ιι
322 3332 429 3388 ceteros,
456 3328 498 3388 qui
519 3330 703 3389 captandorum
740 3329 844 3391 incipiat
859 3327 1266 3392 Antoniusadinnpareatquetn·

171 3406 378 3454 testnsnentonnn
402 3407 483 3451 artem
503 3403 610 3465 professi
635 3409 701 3466 suna
738 3403 1030 3465 uituraodomteitiom,
1049 3417 1111 3466 quos
1123 3417 1172 3466 par
1185 3417 1266 3454 resno

172 3478 228 3529 Etsi
257 3478 331 3526 reete
360 3476 458 3526 dicitur
481 3489 566 3526 orcnn
591 3478 705 3527 οιιιιιιινι
738 3479 838 3528 nombre
854 3479 983 3540 ndpodnrn
997 3493 1047 3528 non
1062 3478 1162 3540 possit?
1189 3480 1263 3530 Pers.

171 3565 223 3616 pro
236 3549 431 3614 «relinquero»,
450 3553 540 3600 umen
559 3552 602 3601 hic
618 3564 702 3616 prope
739 3554 766 3612 a,
787 3553 830 3602 79:
850 3555 954 3604 Morcus
970 3555 1065 3604 Dama.
1101 3551 1198 3616 (Simile
1215 3553 1265 3602 Αι-

172 3624 303 3677 ridiculus
322 3629 364 3675 est
381 3639 457 3675 error
475 3625 559 3676 Codd.
573 3625 635 3690 aliq.
740 3627 816 3677 radio
834 3627 973 3678 consilium
999 3628 1112 3692 praebet
1137 3627 1264 3690 synesius

205 3699 297 3750 27-37.
321 3700 400 3750 sires
416 3701 561 3764 certabitur]
580 3701 633 3751 Cir.
647 3702 701 3751 Sat.
739 3702 773 3752 de
791 3703 880 3766 Regno
893 3703 932 3754 u.
946 3716 972 3767 p.
986 3705 1028 3753 22.
1054 3701 1189 3764 Κνιδίης,
1208 3705 1264 3750 uta

172 3777 202 3836 ἱ,
223 3775 252 3834 i,
270 3773 312 3824 ts.
336 3775 451 3836 Liuii,
470 3775 498 3824 3:
526 3777 566 3825 cui
586 3772 701 3839 (multae)
739 3776 808 3827 duce
835 3789 921 3840 usque
946 3777 980 3827 ad
1005 3777 1143 3840 signiferos
1170 3789 1264 3827 omnes

172 3849 310 3899 certandae
336 3862 394 3898 cum
422 3850 473 3899 dies
498 3851 643 3900 ιιιινιιιιιιιι.
673 3873 699 3886 -
739 3850 789 3902 sibi
808 3853 885 3901 notos
902 3852 1059 3901 nominatim
1076 3848 1211 3914 appellare
1229 3863 1264 3900 ne

173 3923 242 3988 οιιηι]
261 3921 433 3987 «aliquando,
461 3927 535 3974 certo
553 3925 702 3987 tempore.»
739 3925 906 3988 dedignetur.
947 3924 1021 3976 conl.
1041 3923 1115 3974 ovid.
1134 3926 1164 3974 Α.
1182 3925 1212 3974 Α.
1231 3925 1262 3985 2,

177 4027 204 4034 -
220 3997 312 4048 Vivet·
322 4023 334 4034 -
345 3998 480 4064 improbas]
493 3998 615 4049 Reiertur
626 4011 703 4062 prae-
738 4000 801 4050 253:
820 4000 926 4050 Nomine
942 4011 1063 4061 quemque
1081 3999 1206 4062 (sermm)
1219 4012 1265 4049 suo

173 4073 268 4124 sertim
291 4071 324 4122 ad
346 4071 430 4123 litium
450 4075 608 4124 iniustorum
629 4072 703 4124 calu-
738 4073 820 4138 (nodio
836 4072 1159 4137 naturamnatural-
1172 4073 1264 4138 ηιοιιιι]

174 4148 363 4210 malarumque
375 4146 501 4198 studium.
532 4146 580 4198 Alii
592 4149 703 4210 iungunt
739 4161 825 4212 «quae
841 4147 975 4198 blanditiis
992 4138 1153 4211 permulceri
1174 4152 1266 4199 amant

173 4235 200 4273 v.
217 4221 346 4284 improbus
371 4233 432 4272 curn
455 4236 480 4272 v.
498 4227 580 4282 uocet,
607 4233 701 4273 verum
738 4225 778 4284 et,
797 4224 819 4272 si
832 4235 885 4273 non
898 4221 1109 4286 permulcentur,
1122 4223 1264 4274 ellendun-

174 4297 214 4348 sic
232 4298 311 4348 nimis
329 4295 530 4348 cumularentur
547 4311 589 4346 vv.
605 4298 702 4360 impro-
738 4300 806 4346 tur.»
842 4296 905 4346 Ptin.
920 4299 1016 4360 Paneg.
1031 4297 1076 4348 68:
1098 4298 1180 4349 Scires
1199 4299 1264 4348 mol-
