3178 4972
286 447 348 510 cat
645 446 773 496 bonurn
791 443 1010 506 sersronlnuu

330 605 449 670 Cautus
471 602 556 666 enim
579 603 691 668 metuit
711 601 838 668 loveam
860 599 955 686 lupus
978 599 1197 686 accipiterque
1337 601 1378 662 50

330 725 506 809 Suspectus
528 720 664 806 laqueos
687 731 719 785 et
742 730 891 806 opertum
913 718 1031 784 miluus
1054 718 1192 784 hamum.

330 843 478 910 Oderunt
499 861 638 928 peccare
659 841 736 906 boni
758 840 884 904 virtutis
906 859 1035 916 amora;

331 966 376 1030 Tu
400 962 476 1030 nihil
499 962 648 1028 admittes
671 961 703 1026 in
726 971 757 1027 te
779 960 948 1028 formidine
972 940 1118 1048 poenaef

332 1086 379 1152 Sit
401 1105 478 1172 spes
500 1083 647 1162 lallandi,
671 1082 823 1149 miscebis
846 1103 939 1148 sacra
961 1081 1122 1170 prolenis;

328 1209 408 1272 Nam
430 1207 471 1272 de
495 1204 580 1272 mille
602 1204 695 1270 sabae
717 1203 833 1270 modiis
856 1223 931 1268 curn
953 1204 1089 1290 surripis
1112 1223 1226 1276 unum,
1336 1205 1378 1267 55

330 1329 488 1393 Damnum
513 1337 574 1402 est,
598 1347 663 1392 non
685 1326 823 1401 lacinus,
847 1323 924 1390 mihi
947 1334 1041 1413 pacto
1063 1323 1168 1390 lenius
1192 1325 1263 1391 isto.

353 1491 394 1538 bl.
412 1495 436 1539 et
451 1487 573 1551 ορονιννη]
591 1489 740 1550 adopertione
757 1485 840 1537 codd.
854 1481 916 1550 allq.
931 1485 1011 1544 Foeta,
1030 1490 1058 1534 at
1068 1489 1182 1547 opertam
1192 1495 1261 1534 unus
1274 1485 1346 1534 elus-

322 1563 385 1613 dem
402 1565 430 1613 at
446 1564 547 1614 Veneta
565 1561 638 1613 ttet.
659 1561 699 1624 (Ut
710 1574 771 1621 nos,
790 1560 883 1622 bSEc.)
904 1585 931 1594 —
949 1560 1052 1609 mitioris
1068 1561 1101 1620 E,
1120 1559 1220 1609 mimos
1237 1558 1298 1608 tet.
1315 1585 1340 1596 -

322 1641 384 1688 Post
400 1651 425 1686 v.
439 1638 479 1687 52.
493 1637 620 1686 Schmidii
638 1635 703 1686 Cod.
717 1636 819 1699 primus
830 1635 923 1685 inserit
933 1634 1019 1684 hunc:
1039 1634 1149 1684 Oderunt
1163 1645 1270 1695 peceare
1285 1633 1346 1681 muti

321 1712 455 1774 formidine
477 1724 580 1774 poenae.
603 1737 630 1746 -—
649 1711 690 1760 55.
709 1710 781 1773 cum]
800 1711 821 1757 si
839 1723 864 1772 p.
886 1735 913 1744 -
932 1709 974 1758 56.
995 1713 1071 1770 paeto
1085 1709 1148 1757 utibt
1167 1723 1183 1756 ν
1201 1719 1278 1756 acum
1296 1707 1349 1756 Ex-

322 1787 421 1850 cerptie
438 1787 465 1836 iu
483 1785 646 1836 Bibliotheca
663 1783 831 1844 Bodleinna»
849 1783 980 1847 probante
997 1782 1124 1834 Bentleio.
1156 1781 1210 1846 (list
1227 1783 1348 1831 maman

322 1861 399 1910 antu
415 1861 489 1921 indi,
507 1875 557 1910 non
572 1861 674 1922 samntio
690 1864 789 1908 tamen:
808 1864 858 1908 esto
876 1870 908 1906 ex
923 1859 1050 1908 Accursio
1066 1859 1099 1918 L,
1118 1858 1248 1907 bennun
1258 1861 1292 1906 ott
1303 1856 1348 1906 boe

290 1993 350 2050 ἀπὸ
371 1993 428 2048 τῶν
449 2001 556 2066 γονέων
579 1993 818 2068 προσαγορευθῆ-
853 2003 915 2047 mitt
930 2023 970 2034 -·
988 2009 1088 2055 maora·
1114 1998 1143 2046 tu
1169 1996 1276 2055 contra,
1302 1996 1379 2046 stanti

293 2089 348 2124 ναι.
368 2072 431 2124 Ptin.
445 2075 476 2124 Η,
489 2076 519 2124 N.
531 2075 555 2136 3,
568 2075 607 2134 ta,
620 2074 659 2122 tt.
678 2073 818 2136 ltaperitur
854 2070 988 2135 plerique,
1016 2083 1120 2135 poenae
1137 2071 1276 2120 dumtaxat
1292 2069 1381 2121 lormi-

291 2150 342 2198 boc
364 2161 461 2198 nomen
484 2149 540 2198 lare
561 2147 633 2211 opud
654 2149 761 2210 poetas,
790 2148 819 2196 ut
855 2147 916 2196 dine
943 2159 958 2195 a
982 2144 1085 2196 delictis
1107 2143 1154 2194 tibi
1171 2157 1260 2195 caves.
1293 2146 1380 2207 Atque

291 2222 362 2284 Virg.
376 2224 421 2272 Ge.
435 2223 464 2281 i,
484 2222 543 2271 idi:
568 2223 667 2272 Marsos
680 2221 819 2283 palenque
855 2223 1007 2284 propterea,
1023 2218 1381 2283 sitalishomosparetelam

294 2295 426 2345 Sabellam.
446 2297 485 2345 De
497 2296 756 2346 Sabinorumautem
767 2296 818 2346 ho·
855 2293 912 2344 lore
930 2291 1105 2354 maleficium,
1126 2293 1250 2356 pessimis
1267 2291 1381 2356 quibus·

294 2369 452 2420 uastissimis
478 2369 598 2420 moribus
620 2381 651 2419 ac
671 2363 818 2439 παρῥησίᾳ
855 2379 908 2429 que
935 2365 1096 2418 iecinoribus
1122 2379 1152 2418 ae
1176 2365 1380 2428 conscelerabit,

291 2444 324 2492 cl.
338 2443 393 2492 Cio.
407 2443 442 2492 ad
454 2442 525 2494 Fam.
539 2443 583 2502 to,
600 2443 641 2504 20,
656 2444 693 2504 t.;
721 2443 755 2494 de
773 2457 818 2494 eo·
855 2443 936 2492 etiam
947 2439 1112 2504 sacrilegio.»
1131 2441 1165 2492 lt.
1179 2441 1326 2492 Antoninus
1337 2442 1380 2501 tt,

291 2531 352 2566 rum
369 2517 464 2566 duritia
482 2517 509 2566 et
530 2517 682 2568 tortitudine
701 2519 762 2569 vide
783 2519 816 2569 ad
856 2517 895 2566 ta:
916 2513 1036 2566 οἴνινον
1047 2509 1266 2586 ἁμαρτημάτων
1274 2509 1380 2586 ἀπέχῃ,

292 2591 339 2638 0d.
354 2590 378 2650 3,
392 2591 416 2648 6,
430 2589 471 2638 38,
855 2581 928 2640 ἀλλὰ
945 2587 999 2655 τήν
1015 2605 1048 2657 γε
1059 2583 1119 2653 ἓξιν
1130 2585 1284 2655 ποιητικὴν
1294 2583 1380 2652 ἔχοις,

323 2662 411 2713 tio-tl.
440 2664 533 2712 cautu
550 2665 612 2727 oet]
635 2663 718 2716 «Talis
736 2666 817 2717 bomo
855 2667 882 2714 ai
904 2666 954 2715 καὶ
974 2663 1022 2715 διὰ
1044 2660 1151 2714 δειλίαν
1168 2657 1189 2728 ἧ
1205 2659 1382 2727 δοξοκοπίαν

291 2739 366 2788 matu
383 2736 521 2787 dumtaxat
531 2749 650 2800 poenae,
670 2751 722 2788 non
735 2739 817 2802 ipsius
855 2732 876 2802 ἢ
900 2735 1018 2788 τοιοῦτό
1043 2753 1071 2788 τι
1095 2734 1188 2788 κακὸν
1210 2732 1306 2810 ἀπέχῃ
1324 2736 1382 2788 τῶν

291 2812 394 2862 virtutis
416 2823 523 2871 amore,
550 2814 659 2875 peccata
682 2813 760 2874 vitat,
789 2816 818 2863 ut
856 2805 967 2877 ὁμοίων
978 2805 1205 2882 ἁμαρτημάτων.
1221 2811 1269 2862 llic
1279 2814 1380 2872 autam,

291 2887 364 2937 ferae
381 2889 461 2948 atque
479 2899 559 2945 aves,
579 2887 625 2936 ubi
642 2887 726 2937 semel
745 2902 759 2937 e
777 2887 817 2937 lo-
855 2888 901 2939 ubi
924 2889 1032 2938 omnino
1055 2887 1173 2938 Stoicum
1190 2887 1257 2950 agit,
1283 2887 1382 2938 horam

291 2975 340 3011 vea
358 2958 495 3024 laqueisve
518 2962 742 3022 mendicarunt,
770 2975 818 3012 ex-
855 2965 1044 3028 praeceptum,
1065 2963 1174 3013 «omnia
1192 2963 1303 3026 peccata
1320 2973 1382 3012 ease

290 3035 419 3099 parientia
429 3035 540 3084 edoctae
551 3033 616 3086 tales
625 3035 817 3086 insidiascaute
856 3035 976 3100 aequalia
986 3053 1013 3097 ,ν
1031 3037 1103 3100 qnod
1120 3037 1239 3087 irriserat
1250 3037 1303 3086 Sat.
1317 3037 1342 3098 l,
1355 3035 1380 3096 3,

290 3109 385 3167 vitant,
403 3109 492 3171 pisces
510 3108 603 3159 itidem
620 3121 720 3170 escam,
735 3121 816 3173 quam
856 3110 908 3169 96„
927 3111 984 3174 ipsa
997 3123 1105 3174 quoquo
1117 3123 1196 3161 suum
1209 3111 1278 3162 lacit.
1293 3135 1322 3146 -
1335 3109 1383 3158 mi·

292 3180 342 3232 sibi
360 3181 539 3244 perniciosam
557 3181 613 3232 lore
632 3184 731 3243 sciunt¹
755 3185 817 3247 quia
854 3185 931 3236 acab&
946 3185 1154 3250 sacroprofants]
1173 3185 1255 3236 Plani.
1268 3185 1341 3234 Trio.
1353 3185 1380 3244 2,

291 3253 341 3305 sub
360 3265 391 3304 ea
409 3251 473 3303 latet
493 3255 617 3306 bamus.»
639 3284 668 3294 -
694 3259 815 3322 opertum]
854 3261 922 3320 29:
949 3262 1059 3311 &mum
1076 3261 1228 3324 proteum,
1252 3259 1382 3321 paplim

293 3339 371 3378 reeca
392 3326 588 3388 occrdtatum‚»
611 3331 641 3378 ut
658 3331 724 3394 Epp.
745 3332 773 3392 l,
791 3333 815 3392 7,
851 3336 982 3397 micam
998 3335 1101 3396 labant,
1119 3335 1204 3384 madeo
1219 3347 1287 3398 pour.
1313 3333 1382 3384 Coo·

291 3399 337 3450 tl:
358 3400 653 3452 Oceanum-domum.
670 3429 697 3439 -
716 3405 815 3470 meum]
855 3413 895 3460 tra
912 3413 942 3460 l.
961 3412 989 3460 P.
1010 3409 1072 3460 396:
1100 3411 1158 3461 Fuit
1181 3411 1241 3460 baec
1256 3409 1382 3472 sapim

291 3473 371 3537 piscis
397 3487 479 3538 rapax
503 3488 536 3526 ex
552 3474 685 3528 doradum
708 3491 816 3541 genere,
855 3485 996 3543 quondam,
1015 3484 1235 3546 Prtbticcpricatis
1244 3495 1380 3542 mmm,

292 3561 345 3598 non
363 3547 485 3600 eiusdem
503 3553 617 3602 nominis
636 3553 705 3612 avis,
724 3566 818 3617 quam·
855 3569 931 3606 sacro
943 3557 1069 3618 profanis.

291 3635 373 3684 quam
389 3623 457 3674 Voss
474 3626 553 3676 vertit
569 3628 710 3688 derWailt,
730 3628 819 3678 sedet
887 3631 927 3680 55.
941 3631 981 3679 56.
1007 3631 1095 3694 uuum]
1114 3631 1298 3694 Cuningbamli
1315 3643 1382 3680 cou-

292 3696 359 3746 duas
371 3711 435 3748 aves
447 3711 599 3750 memorare
612 3698 675 3750 nibil
689 3702 818 3752 attinebat
855 3704 957 3754 iectura
974 3717 1053 3753 mm
1070 3703 1177 3768 (tabam)
1196 3717 1251 3756 non
1268 3705 1323 3754 hm
1340 3705 1382 3754 in-

292 3783 379 3834 neque
392 3772 472 3822 hamo
481 3774 532 3824 hae
542 3776 692 3838 capiuntur.
707 3777 745 3824 Da
757 3789 818 3838 pro-
855 3779 963 3840 geuiosa
981 3781 1023 3827 est
1040 3789 1121 3840 quam
1144 3781 1255 3842 propter
1271 3778 1381 3828 nimiam

291 3846 453 3896 nuntiatione
472 3849 615 3910 antiquitus
635 3847 770 3910 trisyllaba
781 3849 815 3899 cl.
855 3853 1086 3913 exaggerationem
1115 3851 1233 3902 ridicula.
1268 3855 1382 3902 Prorsus

291 3919 373 3981 Epod.
389 3921 433 3982 to,
449 3921 489 3970 32.
519 3921 704 3972 Lachmannus
718 3923 752 3973 ad
764 3925 817 3973 Lu·
855 3923 955 3976 nubam
981 3925 1053 3976 enirn
1074 3925 1203 3976 dammm
1226 3928 1268 3976 eat
1284 3927 1311 3975 in
1329 3939 1382 3976 uua

291 3995 356 4042 oret.
375 4005 435 4055 pag.
455 3992 511 4043 379.
534 4017 561 4032 ·-
584 3995 619 4044 Tu
644 3995 706 4059 cet]
730 3999 817 4047 Gana-
855 3997 916 4048 laba
933 4011 966 4047 ex
983 3996 1054 4049 mille
1072 3999 1183 4059 modiis,
1202 3998 1252 4049 sed
1268 4000 1321 4048 iam
1339 3997 1382 4048 vel

290 4065 367 4114 ratim
385 4067 510 4119 dicuntur
526 4070 593 4120 haec
611 4071 699 4120 omnia
716 4085 760 4121 vv.
770 4073 817 4121 δὶ-
855 4073 881 4121 in
898 4085 952 4122 uno
969 4071 1060 4123 modio
1078 4076 1211 4138 surrepto.
1236 4073 1269 4124 Et
1281 4074 1330 4124 olr.
1344 4071 1382 4122 lo-

291 4139 343 4196 56„
362 4141 391 4188 ut
407 4153 487 4205 saepe
506 4143 532 4192 in
547 4144 696 4195 Stoicorum
714 4141 817 4214 διατρι-
855 4157 917 4195 cum
935 4147 1071 4209 Augustini
1088 4147 1123 4196 de
1141 4145 1265 4197 mendac.
1285 4147 1325 4207 ta,
1339 4145 1379 4196 ta.

290 4209 371 4271 βαῑς,
400 4227 451 4264 non
476 4218 505 4266 ut
524 4217 557 4266 ad
576 4217 710 4278 Quintium
729 4219 816 4284 ipsum
855 4219 926 4283 apud
946 4220 1127 4272 Schmidium:
1155 4221 1229 4271 sido
1243 4221 1382 4270 imm

291 4282 449 4336 relocantur.
467 4289 726 4342 rrmsimshtcest:
742 4293 818 4344 avda·
854 4293 954 4344 alitibus
976 4295 1159 4357 [mmmm
1183 4296 1284 4344 omttut
1300 4307 1382 4342 uum
