3090 4974
317 445 379 510 683
757 489 761 495 ,
787 442 916 493 nonum
1085 419 1097 458 ¹

360 607 497 689 iungere
519 603 546 668 si
569 599 645 666 velit
666 610 698 667 et
719 601 825 665 varias
848 598 1002 665 inducere
1025 599 1150 686 plumas

360 725 508 812 Undique
531 722 654 791 collatis
677 721 844 798 membriS,
869 732 904 787 ut
926 721 1061 808 turpiter
1082 731 1185 785 atrurn

360 847 492 914 Desinat
514 846 544 910 in
567 845 689 932 piscem
712 842 827 908 mulier
849 843 988 908 iormosa
1009 861 1167 928 superne,

295 971 306 994 ⁹
361 971 544 1057 Spectatum
566 964 697 1032 admissi
721 965 821 1030 risum
841 963 991 1038 teneatis,
1015 963 1133 1030 anrici‘l

361 1090 504 1167 Credite,
529 1089 676 1162 Pisones,
702 1086 751 1152 isti
775 1085 903 1152 tabulae
924 1085 993 1151 scre
1014 1083 1130 1150 librum

386 1301 411 1348 Ξ.
430 1309 484 1348 om.
498 1297 527 1346 B.
549 1293 708 1358 -plurnos1
732 1305 829 1356 pennos
846 1292 911 1342 Cod.
931 1293 1026 1354 Regius
1049 1291 1120 1356 apud
1138 1291 1301 1352 Bentleium,
1318 1293 1370 1355 ter·-

350 1387 407 1425 mue
421 1369 549 1422 Bisciolae
567 1371 629 1420 iter.
642 1367 749 1419 subsec.
763 1368 794 1417 44.
807 1381 834 1431 p.
847 1367 905 1416 449.
918 1368 946 1416 44
961 1364 1071 1417 4444444ἰί
1087 1367 1211 1431 suspicio.
1233 1393 1260 1402 -
1279 1367 1304 1417 3.
1316 1381 1371 1416 444

351 1451 409 1500 lutis
424 1449 458 1507 T,
476 1447 582 1496 coluris
599 1457 666 1495 unus
685 1441 897 1492 vindobonensis
915 1443 974 1492 Sec.
993 1441 1058 1490 xlii.
1080 1467 1106 1478 -
1125 1447 1171 1492 errl
1187 1441 1321 1492 Sanadon.
1339 1465 1363 1480 -

352 1527 378 1574 5.
396 1521 507 1586 antur]
524 1521 592 1570 444444
603 1520 633 1580 Β,
651 1521 686 1568 ed
700 1519 770 1568 4444444
786 1517 813 1568 b.
829 1545 856 1554 -
869 1514 991 1568 tmeetir?
1006 1515 1098 1576 Amici,
1117 1515 1214 1566 Credite
1224 1515 1369 1572 Markland,

320 1702 380 1753 adv.
399 1701 502 1751 Stoicos
514 1698 554 1756 49,
568 1699 592 1746 4.
608 1722 635 1732 -
654 1696 771 1746 44444444
783 1693 845 1756 plu-
882 1707 963 1757 quam
980 1695 1030 1746 etsi
1046 1706 1179 1759 perquem
1194 1691 1334 1744 ridiculam
1345 1705 1400 1756 pro

319 1775 382 1840 mor]
401 1770 543 1838 «perierim
561 1769 732 1833 adiungere·
750 1769 842 1818 senon
881 1767 955 1819 bavit
980 1769 1144 1822 Gocriitzius.
1180 1771 1237 1820 Hoc
1257 1769 1329 1820 enim
1348 1769 1400 1832 epi-

320 1849 383 1902 Pliu.
397 1851 428 1900 44.
441 1851 472 1898 N.
485 1847 532 1906 ³5,
549 1846 579 1906 6,
595 1845 639 1895 26:
664 1844 692 1894 Sr'
711 1842 843 1907 (pictores)
882 1844 955 1894 theto
972 1850 1057 1896 4444444
1074 1847 1131 1910 ipso
1152 1845 1256 1896 foedior
1272 1843 1349 1895 nobis
1364 1844 1399 1892 44-

317 1937 461 1988 purpuram
476 1923 559 1986 [44444
573 1919 684 1980 44444444,
702 1917 845 1967 4444444444
881 1918 959 1968 detur
976 1919 1025 1970 ista
1043 1918 1152 1983 nigredo
1170 1919 1290 1983 opposita
1303 1917 1400 1981 corpori

319 1999 494 2056 sublinunt,
526 2009 588 2046 44444
607 1993 787 2057 purpurissum
812 2004 845 2040 eu
882 1993 1089 2044 4444404444.-
1108 1995 1250 2056 iupiscern]
1269 1991 1400 2044 «inbelu-

319 2088 366 2124 ouo
382 2073 534 2122 inducunt
554 2067 760 2133 (insuperticie).
781 2066 846 2114 4414-
882 2082 925 2118 am
944 2071 1088 2128 marinam,
1114 2069 1216 2128 idest,
1243 2067 1399 2132 pistricem·

320 2153 377 2199 4444
394 2145 516 2198 membra
533 2145 640 2208 praeter
657 2142 736 2206 ceput
753 2140 847 2190 huma·
881 2145 943 2192 Acn.
973 2143 1030 2202 Quo
1048 2143 1105 2207 ipso
1123 2155 1154 2191 ex
1174 2140 1275 2192 scholio
1294 2145 1349 2191 orta
1365 2141 1400 2188 ri-

320 2237 385 2275 num
403 2224 430 2272 et
446 2221 526 2284 piscis
540 2217 653 2269 caudam
666 2217 775 2280 insuper
786 2213 845 2279 pio·
883 2216 961 2266 detor
986 2218 1011 2266 in
1033 2215 1098 2267 Cod.
1120 2214 1269 2267 liciter-iano
1286 2215 1363 2265 lectio
1377 2215 1401 2261 trr

321 2300 371 2349 mis
382 2297 535 2356 variegare,
554 2291 622 2342 adeo
634 2293 664 2339 ut
675 2291 759 2340 totum
773 2301 846 2338 4444-
879 2291 985 2353 pristin,
998 2290 1133 2354 quomodo
1145 2289 1271 2340 volebant
1283 2291 1362 2340 etiarn
1372 2290 1398 2337 s.

321 2376 405 2424 strum
424 2367 601 2431 compositum
618 2365 653 2415 sit
673 2377 706 2414 ex
722 2361 844 2422 muliere,
884 2365 1005 2416 Heinsius
1026 2367 1055 2414 44
1075 2365 1222 2416 6444ο4444
1239 2364 1367 2416 04444444.
1379 2363 1399 2418 t.

321 2457 404 2510 equo,
432 2441 489 2492 aliis
505 2437 663 2491 animalibus
681 2437 845 2502 (nominatim
884 2439 924 2489 444.
937 2452 964 2503 p.
975 2439 1016 2490 78.
1027 2441 1129 2490 4444444
1141 2440 1221 2490 etiam
1234 2439 1311 2503 (4.3.)
1324 2439 1401 2490 torma

321 2523 346 2570 in
370 2522 465 2569 truneu
487 2518 514 2565 et
537 2513 675 2578 pedibus),
702 2510 796 2562 avibus
819 2512 847 2561 et
883 2513 1028 2564 masculine
1052 2519 1138 2564 atrurn
1156 2517 1183 2565 tn
1201 2514 1291 2564 iemiu.
1313 2519 1399 2564 444444.

321 2594 421 2658 pisces,
435 2603 519 2656 prope
532 2590 561 2638 ut
570 2585 668 2650 Virgilii
680 2584 766 2647 Scylla
777 2588 843 2635 Aen.
883 2587 936 2638 sed
953 2589 1042 2640 obstet
1058 2592 1209 2640 ceterorum
1222 2589 1351 2640 Codicum
1362 2599 1401 2635 44-

322 2669 346 2728 3,
360 2667 422 2719 tes:
441 2667 527 2716 444444
543 2663 649 2712 herinis
664 2662 741 2726 [44444
755 2659 846 2722 erpul-
884 2664 1000 2713 ctcrites.
1021 2691 1049 2699 -
1062 2663 1206 2725 Spectatum
1225 2663 1338 2725 nemim]
1359 2658 1400 2712 tbi

320 2744 380 2793 44444
399 2747 500 2805 pectore
519 2741 592 2801 uirpo
609 2735 673 2786 Pube
689 2741 773 2794 lenus,
796 2747 846 2796 po·
883 2736 1001 2804 tabulam
1014 2737 1118 2788 finierat
1128 2739 1226 2802 pictor,
1239 2737 1355 2801 primum
1367 2734 1401 2784 ia-

320 2825 414 2869 rlrenrc
430 2815 535 2865 immoni
546 2825 651 2874 corpore
658 2811 767 2873 pistris,
785 2809 847 2860 Del·
884 2810 1000 2868 mitteres
1012 2824 1075 2862 suos
1087 2813 1236 2876 spectatum
1247 2809 1399 2862 advocabat.

318 2895 424 2957 phium
447 2891 543 2940 euodes
565 2893 637 2937 utero
657 2887 789 2936 cocenim
806 2884 846 2932 lu·
886 2913 913 2922 —
931 2885 1019 2950 444444]
1044 2887 1147 2937 Primus
1165 2887 1235 2937 enim
1252 2899 1350 2937 sensus
1365 2883 1401 2934 est

318 2981 425 3031 purten,
439 2967 466 3016 et
476 2965 590 3014 Derceto
602 2963 628 3010 iu
641 2961 758 3010 nummis
767 2960 849 3008 44444-
883 2959 985 3012 ridiculi
1002 2962 1029 3010 in
1040 2961 1192 3012 huiusmodi
1207 2962 1292 3012 4444444
1305 2975 1338 3012 ex
1349 2971 1401 3024 per

322 3043 390 3092 lonis
406 3039 535 3097 iudaeae,
554 3037 617 3086 item
635 3033 731 3085 mulier
742 3035 767 3084 in
780 3032 847 3083 dues
883 3035 954 3086 tibus
962 3036 1113 3086 naturasibi
1120 3035 1401 3101 repugnantibuscom·

322 3116 435 3181 piscium
446 3112 546 3164 modas
558 3111 683 3162 desinens
694 3111 720 3158 iu
730 3108 846 3158 nummis
884 3110 981 3172 posite,
1000 3112 1031 3159 44
1047 3110 1200 3162 iudeorum
1217 3110 1367 3161 indicorum
1377 3111 1400 3156 44

324 3189 457 3242 Ualerii
470 3185 590 3238 asciculi.
611 3182 720 3248 (Eckhei
731 3187 761 3234 D.
771 3185 801 3233 N.
812 3184 843 3233 V.
882 3184 1033 3234 sinensium
1048 3186 1182 3238 monstris.
1202 3212 1230 3221 -
1250 3183 1400 3249 Languidiu

322 3280 348 3330 p.
362 3265 406 3314 344
414 3265 429 3325 i
448 3261 557 3312 Bentleii
568 3259 684 3322 suspicio
696 3271 745 3323 per
756 3271 785 3308 se
797 3259 846 3308 im·
883 3255 956 3308 souis
966 3255 1080 3308 nonnulii
1092 3258 1268 3321 distinguunt:
1286 3253 1401 3309 4444444444

323 3333 737 3404 probabilisscrruossigniflcarst
746 3346 846 3383 «mem-
882 3333 973 3394 444444,
987 3333 1096 3393 Credite,
1107 3333 1205 3382 44444444
1215 3336 1279 3392 cet,
1297 3347 1349 3398 qus
1360 3344 1400 3380 ra·

323 3415 370 3463 bra
390 3414 414 3461 in
432 3410 509 3461 aliam
527 3409 641 3459 termam
657 3411 794 3466 mutare,»
817 3409 847 3457 ut
882 3410 953 3458 tione
975 3409 1016 3458 vis
1038 3408 1114 3458 verbi
1131 3407 1227 3458 credits
1249 3407 1397 3472 infringitur,

323 3487 397 3538 Ovid.
412 3487 473 3537 Met.
486 3485 514 3546 7,
533 3483 596 3534 ete:
614 3483 752 3532 4444444444
767 3495 846 3531 444444-
883 3486 910 3532 44
922 3480 1103 3542 intervalium,
1119 3482 1191 3545 quod
1202 3485 1275 3533 recta
1288 3481 1398 3533 recitatio

322 3565 374 3614 44444
389 3560 666 3621 inducerrsorrrtom3
686 3558 712 3608 id
724 3558 795 3621 quod
808 3559 847 3622 pi·
883 3559 951 3608 inter
976 3557 1072 3608 miram
1097 3555 1168 3607 iilam
1189 3558 1308 3620 speciem
1328 3557 1399 3620 (444·

323 3639 382 3686 etur
398 3635 486 3686 iacere
504 3634 603 3698 nequit.
617 3659 646 3669 -
658 3633 755 3683 44444444
770 3647 847 3682 mern-
882 3633 961 3695 44444)
978 3635 1006 3682 44
1022 3632 1198 3697 praeceptum
1212 3631 1301 3682 iacere
1313 3629 1397 3686 debet,

323 3712 387 3775 bris]
413 3713 470 3760 Non
493 3711 534 3760 est
556 3708 660 3758 44444444
677 3721 702 3758 v.
720 3709 845 3769 seducere,
884 3719 992 3771 prorsus
1019 3704 1123 3756 tollitur.
1154 3707 1215 3756 Sine
1237 3705 1399 3758 distinctione

323 3785 372 3838 sed
389 3784 519 3836 4441444444
535 3781 686 3834 absolutus:
708 3795 786 3832 ecum
799 3795 847 3832 44-
882 3782 984 3832 44444444
1000 3781 1077 3830 4444444
1089 3779 1224 3838 deodatus
1242 3779 1339 3845 aliique
1350 3778 1400 3843 (444-

324 3860 404 3923 dique
417 3861 452 3908 ita
463 3857 634 3908 conterantur·
646 3855 784 3916 membra,
801 3862 844 3906 ut·
883 3869 926 3906 am
936 3855 1004 3918 Fen),
1017 3855 1089 3919 qaod
1099 3854 1215 3906 nonnulii
1224 3855 1398 3919 explicabant:

324 3938 377 3984 cet.
394 3959 417 3972 -
438 3934 545 3995 turpiter
567 3933 664 3993 utrum]
691 3933 733 3980 Sic
750 3933 843 3995 iunge,
884 3931 1023 3989 «admissi,
1041 3933 1132 3993 utpote
1145 3929 1225 3993 inepti
1242 3927 1399 3993 iiliuspicte·

324 4021 378 4059 non
394 4009 501 4070 trupiter
515 4007 619 4056 44444444.
641 4005 679 4056 Ci.
693 4007 759 4070 Epp.
774 4007 801 4066 4,
819 4005 843 4068 3,
883 4007 919 4056 ris
940 4005 1053 4064 amieipr
1076 4006 1105 4054 ut
1126 4005 1195 4068 virg.
1213 4007 1280 4055 Aen.
1296 4005 1324 4064 8,
1343 3999 1397 4051 rii:

324 4083 369 4132 22:
395 4082 659 4146 inportare-turpiter
678 4080 785 4136 lrr'rturn;
813 4093 844 4130 ex
883 4079 983 4142 4444444
1007 4079 1055 4128 truc
1078 4079 1179 4128 44444444
1198 4079 1284 4128 emim.
1312 4077 1398 4127 Nostra

324 4169 378 4220 qno
394 4157 452 4220 ipso
469 4153 528 4206 ioco
546 4156 589 4204 hic
606 4157 632 4204 iu
643 4155 712 4206 Artis
726 4157 845 4218 poeticae
883 4167 946 4204 vero
968 4155 1036 4204 ratio
1059 4154 1105 4203 totr¹
1123 4151 1297 4218 Epistularum
1314 4145 1397 4216 generi

324 4233 416 4280 vetere
433 4229 548 4280 editione
567 4243 589 4280 s.
607 4228 625 4279 Ι.
644 4233 672 4280 44
685 4241 712 4278 4.
731 4232 789 4278 orta
806 4231 847 4280 est
883 4228 960 4291 longe
978 4228 1073 4280 melius
1090 4229 1222 4278 convenit.
1236 4253 1266 4265 -
1280 4229 1397 4278 Ceterum

325 4304 404 4356 lectio
421 4311 449 4356 ut
459 4303 846 4366 turpitertr'rtarnnirrpircrrn,
884 4304 999 4366 graviter
1022 4301 1194 4367 reprehendit
1210 4301 1358 4366 4444444444
1374 4297 1397 4344 io
