3174 4974
621 449 680 499 tre.
701 451 731 499 u.
767 449 864 500 errsr.
887 452 904 500 r.
1242 449 1303 512 633

259 569 339 669 (lum
361 613 448 670 recte
471 613 606 669 tractent
627 603 695 679 alii,
720 603 853 671 laudare
877 605 1028 693 maligne:

259 722 314 790 llle
337 745 397 810 per
420 733 582 790 extentum
605 725 712 791 lunem
736 727 811 791 mihi
834 748 931 814 posse
954 727 1080 794 videtur
1239 730 1302 794 bit)

259 846 308 910 lre
331 853 441 932 potita,
466 866 573 911 meum
596 847 652 933 qui
674 857 788 934 pectus
811 849 947 916 inaniter
968 850 1070 937 angit,

259 967 375 1042 irritat,
401 964 532 1041 mulcet,
555 965 642 1033 falsis
667 969 845 1036 terroribus
869 970 992 1057 implet,

259 1089 297 1154 Ut
319 1109 448 1174 magus,
472 1099 505 1154 et
526 1088 622 1154 modo
645 1111 697 1156 me
720 1090 850 1169 Thebis,
874 1091 971 1159 modo
993 1093 1235 1181 ponitbthenis.

188 1254 193 1260 -
258 1212 375 1275 Verum
398 1229 458 1296 age
481 1208 599 1285 ethis,
623 1211 679 1299 qui
701 1232 738 1278 se
760 1212 871 1280 lectori
894 1213 1030 1281 eredere
1054 1215 1174 1282 malunt

258 1333 362 1410 Quam
385 1333 577 1418 spectatoris
598 1331 723 1399 fastidia
745 1333 830 1401 lerre
852 1335 1001 1422 superbi,
1239 1339 1302 1404 tte

260 1452 376 1518 Curam
399 1452 500 1520 redde
521 1455 670 1532 brevem,
696 1456 722 1521 si
746 1477 862 1522 munus
885 1455 1029 1545 Apolline
1052 1457 1183 1546 dignum

250 1633 384 1683 Schmidii.
406 1661 432 1669 -
456 1634 513 1684 240.
537 1639 666 1684 extensum
687 1647 727 1698 pr.
746 1633 773 1684 b.
795 1661 822 1670 -
847 1635 903 1685 etti.
928 1636 1022 1686 Curam
1038 1637 1181 1700 imperdere
1203 1641 1268 1691 Cori.

249 1706 313 1758 Coll.
327 1708 397 1756 irin.
411 1707 553 1758 Bentleius.
574 1710 613 1772 (Ut
631 1721 695 1768 nos,
714 1722 808 1760 omnes
827 1711 922 1771 nostri,
942 1713 1071 1774 Pottien'i,
1091 1713 1236 1776 Schmidii.)

216 1847 312 1910 pern).
340 1848 386 1898 Est
397 1848 486 1911 igitur:
508 1848 638 1908 inultm.»
652 1848 740 1898 additu
778 1848 898 1914 plerique
923 1848 1015 1917 μῦθοι
1040 1865 1055 1902 a
1078 1855 1182 1918 tragicis
1200 1857 1303 1907 tractati

217 1925 307 1973 tamen
325 1935 420 1982 causam
445 1936 512 1983 non,
532 1924 561 1972 nt
578 1921 619 1972 alii
636 1922 739 1974 volunt:
779 1924 874 1975 sedem
890 1939 967 1977 suam
984 1925 1128 1978 habebant.
1159 1929 1255 1981 Similis
1267 1930 1304 1982 lo-

218 2011 290 2048 rnon
309 2000 435 2062 possim.»
457 2025 482 2034 -
501 2000 608 2049 teodure
623 1999 741 2063 metipne]
778 2011 826 2048 cus
845 2001 930 2050 estin
948 2000 1062 2054 Platonis
1078 2004 1141 2053 lone
1158 2018 1184 2068 p.
1198 2005 1254 2055 535.
1272 2008 1302 2058 C.

217 2075 347 2136 epropter
363 2073 454 2123 nescio
472 2085 552 2136 quam
571 2072 741 2124 invidentiam
811 2073 940 2124 ult-err.
966 2077 1056 2126 Verum
1073 2092 1120 2141 apr
1136 2084 1159 2128 et
1176 2080 1238 2144 cet]
1262 2083 1303 2131 Sic

216 2161 297 2212 perce
309 2161 340 2197 ec
352 2147 445 2211 trigide
457 2146 580 2208 laudare,
600 2150 627 2198 et
640 2149 674 2197 ita
686 2149 743 2212 qui·
779 2149 834 2198 Cic.
848 2149 882 2199 de
900 2151 930 2199 N.
944 2151 974 2200 D.
990 2153 1014 2213 l,
1034 2151 1080 2214 30,
1094 2151 1140 2204 8l:
1159 2151 1210 2217 Ape
1227 2159 1249 2204 et
1265 2155 1303 2203 its

217 2221 294 2283 dem,
323 2224 351 2271 ut
376 2233 445 2283 quae
467 2220 524 2272 laus
548 2220 684 2282 videatur,
712 2235 742 2272 re
777 2223 905 2273 uocabulis
921 2225 978 2274 deos
994 2238 1045 2276 esse
1059 2226 1196 2289 factumue,
1216 2228 1304 2290 quibis

216 2303 278 2346 vera
297 2296 331 2345 sit
346 2293 450 2344 occultu
467 2296 579 2345 irrisio.»
595 2320 621 2331 -
636 2295 686 2359 rte]
705 2297 742 2346 Ex
779 2311 796 2346 a
813 2297 882 2347 nobis
892 2300 1063 2348 nominantur.
1084 2300 1122 2350 Cl.
1137 2301 1213 2351 Hand
1226 2305 1301 2352 Turs.

216 2371 396 2420 recentiorum
422 2368 570 2432 linguarum
597 2368 685 2420 indole
703 2371 742 2420 sic
779 2373 809 2422 ll.
831 2386 856 2436 p.
873 2374 930 2424 stt.
962 2376 1019 2425 lem
1044 2389 1059 2425 a
1082 2378 1167 2440 poetis
1191 2380 1304 2430 scenicis

217 2443 384 2508 pergendum
397 2443 479 2494 iuret:
498 2445 544 2494 boc
559 2445 634 2506 scite,
652 2447 743 2495 rete
779 2449 917 2513 imperitae
935 2448 1091 2514 plebeculae
1109 2451 1218 2503 fastidiis
1231 2465 1305 2504 sem·

216 2519 283 2580 beto,
305 2517 377 2567 titum
391 2518 600 2568 mutuumve.
629 2520 667 2570 Cl.
686 2521 739 2570 Sat.
777 2536 827 2586 per
844 2524 971 2587 expositis
989 2524 1023 2574 ud
1041 2537 1102 2586 eos,
1127 2527 1173 2590 qui
1190 2525 1240 2576 eliu
1257 2541 1304 2591 ge-

216 2594 241 2652 2,
256 2594 279 2652 l,
293 2592 333 2642 8⁰.
353 2593 407 2642 Cic.
421 2593 455 2642 ed
467 2593 539 2643 Fam.
553 2595 582 2654 t,
601 2595 646 2654 ts,
661 2593 689 2644 9:
709 2595 742 2643 Ac
779 2610 841 2647 nere
860 2596 965 2658 colunt,
984 2600 1079 2650 transit
1095 2613 1197 2664 eosque
1214 2603 1305 2665 nugu-

216 2680 247 2716 ne
262 2667 327 2730 forte
342 2667 448 2728 mirere,
466 2681 514 2716 cur
524 2695 537 2704 -
547 2693 561 2704 -
573 2681 590 2716 u
606 2673 629 2717 te
645 2669 671 2716 id
687 2673 743 2718 tua-
778 2672 812 2721 sti
820 2669 1023 2722 benevolentiae
1033 2685 1064 2724 ac
1073 2675 1219 2737 patrocinio
1229 2689 1304 2727 eorn-

216 2745 300 2804 topere
321 2746 454 2803 petemus:
480 2741 525 2790 illu
550 2755 595 2790 ros
619 2743 743 2804 mptuttas
779 2745 975 2796 mandata-se
992 2747 1194 2812 tectoricrcdere]
1209 2748 1305 2800 «lecto-

216 2815 336 2865 cecenrtit.
353 2841 379 2851 —
396 2829 444 2877 per
460 2819 588 2864 munitur
598 2816 741 2881 funenlre]
779 2819 815 2868 ris
833 2819 960 2870 iudicium
975 2824 1146 2884 exspectare,
1165 2823 1237 2886 qnod
1250 2822 1305 2888 ple·
1351 2815 1360 2829 '

217 2888 391 2940 proverbium
409 2890 444 2939 de
462 2890 568 2953 incepto
592 2888 689 2940 dilticili
710 2904 742 2941 ac
779 2905 893 2955 rumque
916 2894 1000 2956 magis
1020 2895 1152 2958 integrum
1171 2899 1198 2946 et
1215 2899 1305 2948 consi-

216 2963 376 3029 periculoso.
404 2965 506 3015 Ari-ian.
521 2965 603 3029 Epict.
618 2964 642 3024 3,
656 2965 697 3026 li,
711 2967 741 3014 2:
780 2968 902 3020 uerutum
921 2981 981 3019 esse
999 2967 1068 3019 solet
1078 2983 1160 3033 quarn
1171 2972 1265 3023 turbae
1278 2973 1304 3023 in

217 3035 369 3091 Δύσκολόν
394 3038 456 3090 ἐστι
477 3039 526 3089 κα)
543 3035 577 3088 τὸ
594 3038 641 3090 ἐπὶ
659 3054 743 3099 σχοι-
779 3042 883 3091 theatro
896 3046 1096 3106 congregatam
1113 3072 1140 3081 -
1153 3059 1190 3107 sp.
1200 3047 1305 3108 fastidio

217 3117 281 3166 νέου
308 3119 490 3186 περιπατεῖν·
517 3115 566 3165 not
591 3108 626 3165 ori
649 3112 743 3179 μόνον
778 3116 963 3181 serrosuperbt]
976 3118 1046 3180 Virg.
1060 3117 1114 3168 Ecl.
1128 3119 1153 3180 2,
1168 3119 1211 3169 ll:
1230 3120 1305 3172 Amu-

217 3186 378 3250 demotos,
397 3185 470 3240 ἀλλὰ
487 3191 537 3240 καὶ
553 3187 741 3241 ἐπικίνδυνον.
779 3191 924 3252 muido„
938 3191 1045 3254 superba
1063 3193 1120 3254 poti
1140 3194 1252 3256 fastidia.
1276 3223 1302 3232 ·-

219 3263 283 3315 «ille
302 3267 359 3314 rein
378 3264 447 3314 iactu
465 3277 596 3329 perquam
609 3264 743 3316 difficilem
779 3265 862 3329 redde]
880 3267 988 3316 lieddem
1005 3269 1111 3316 nonest
1128 3266 1199 3317 idem
1217 3281 1249 3317 ac
1265 3281 1306 3318 re-

217 3341 354 3403 praestare
376 3352 464 3402 neque
481 3339 523 3390 vel
547 3339 676 3392 tantillum
693 3340 744 3390 ab·
778 3340 892 3400 riuum,
919 3338 953 3388 ab
979 3338 1030 3389 alio
1056 3340 1128 3405 quod
1154 3343 1303 3405 acceperis,

217 3425 308 3462 errare
333 3413 368 3463 ab
394 3414 458 3464 artis
485 3413 594 3477 regula,
621 3427 744 3466 summus
781 3427 831 3463 nec
848 3415 910 3464 dure
921 3412 1088 3478 simpliciter,
1107 3416 1156 3467 sed
1169 3415 1249 3466 adure
1262 3429 1303 3476 ea,

217 3488 295 3551 igitur
323 3490 400 3551 poeta
429 3501 490 3539 esse
521 3489 583 3538 mihi
611 3489 742 3540 videtur.»
780 3501 849 3551 quae
881 3490 927 3538 eut
957 3491 1067 3552 propter
1091 3488 1305 3556 quulemcqque

218 3563 352 3625 «Exponit
380 3562 493 3624 deinde,
528 3563 592 3627 quid
621 3566 744 3614 scenicus
780 3575 889 3614 causam
907 3561 1041 3614 debentur
1057 3564 1103 3627 iis,
1122 3564 1219 3628 quibus
1236 3565 1304 3614 dun-

217 3640 296 3700 poeta
308 3638 333 3687 in
347 3638 742 3691 audientiumanimosreleat.»
780 3639 837 3699 tur,
864 3637 960 3686 autad
981 3651 1027 3688 eos
1044 3650 1205 3701 quocunque
1224 3638 1305 3688 modo

217 3711 335 3762 Dimum.
353 3713 511 3776 -inantterl
525 3714 586 3777 quia
600 3714 745 3766 detumeat
779 3712 926 3776 pertinent,
949 3710 1022 3762 velut
1038 3713 1140 3762 reddere
1156 3713 1194 3760 dis
1209 3717 1303 3774 votnm,

217 3787 412 3848 argumentum.
427 3815 453 3822 —
468 3789 564 3849 imitat]
579 3789 745 3838 «Vehemen-
779 3788 882 3837 reddere
899 3787 975 3836 attero
991 3787 1130 3848 epistotam.
1161 3785 1217 3848 (οᾱ.
1230 3788 1258 3847 2,
1277 3789 1302 3847 i,

218 3861 258 3910 tes
284 3861 364 3911 enimi
391 3860 504 3912 allectus
530 3865 655 3920 moretm
691 3875 743 3912 non
780 3862 827 3910 ti:
860 3861 996 3925 obttputmn
1020 3861 1095 3910 rodite
1118 3861 1170 3908 loci
1194 3861 1305 3926 dapem.)

217 3933 385 3998 simpliciter:
406 3935 454 3985 uad
473 3937 540 3985 irem
557 3934 693 3999 impellit.»
713 3963 741 3972 -
780 3936 810 3985 li.
825 3934 841 3984 l.
855 3935 1053 3986 modestissime
1070 3934 1166 3984 suadet
1176 3935 1303 3997 Augusto,

219 4009 248 4057 ur
263 4009 360 4072 mepte]
382 4010 427 4061 «ot
444 4010 513 4074 megi
531 4007 647 4072 exempli
662 4023 743 4060 cause
779 4011 811 4058 ut
827 4022 875 4072 pro
892 4012 1031 4074 potiturum
1049 4008 1150 4058 meritis
1168 4009 1202 4070 (v.
1220 4008 1303 4072 li8.],

216 4081 320 4134 umbris
339 4096 372 4133 ex
388 4084 457 4133 Orco
475 4083 608 4144 excitatis,
627 4082 743 4134 cadere·
780 4084 860 4133 etiam
886 4097 934 4148 pro
960 4083 1060 4143 studio,
1089 4095 1142 4145 quo
1160 4082 1242 4146 ipsius
1260 4096 1304 4134 res

217 4155 291 4208 ribus
308 4158 341 4207 ad
359 4160 467 4223 tempus
480 4159 505 4208 in
518 4158 599 4208 vitam
612 4159 743 4210 revocatis
780 4160 867 4221 gestas
886 4157 1036 4218 celebrent,
1063 4159 1166 4220 reddat,
1193 4157 1220 4208 id
1247 4161 1302 4220 est,

217 4232 384 4284 consultores
392 4233 744 4298 perterrefaciunt.»-lbe-
778 4233 894 4283 ‘vicissim
925 4232 1062 4296 impendat
1090 4234 1120 4284 iis
1146 4245 1238 4283 euram
1256 4232 1304 4283 eli-

216 4305 421 4372 bis--AtlrentsJ
452 4307 549 4372 quibus
575 4308 601 4358 in
628 4307 742 4359 urbibus
779 4320 860 4374 quem
888 4306 1001 4358 brevem
1030 4307 1167 4360 dumtaxat
1194 4312 1304 4374 propter
