3082 4968
579 419 638 470 LlB.
658 419 677 468 l.
713 417 780 469 SAT.
799 418 841 468 Vl.

563 885 773 948 ΕΔΜ
790 885 865 947 Π.

209 1031 292 1108 Ν44,
316 1028 409 1117 quia,
433 1028 617 1106 Maecenas,
640 1026 807 1119 Lydorum
829 1025 989 1117 quidquid
1012 1027 1163 1096 Etruscos

209 1149 344 1218 incoluit
365 1150 462 1228 lines,
488 1171 585 1218 nemo
607 1149 798 1238 generosior
818 1159 869 1216 est
890 1159 937 1228 te,

206 1274 274 1341 Nec
295 1270 385 1362 quod
407 1293 487 1338 avus
511 1271 567 1340 tibi
589 1281 753 1338 maternus
775 1271 832 1337 luit
856 1281 954 1360 atque
976 1281 1144 1360 paternus,

196 1471 241 1521 vl.
259 1471 385 1522 Horatius
405 1473 548 1536 postquam
565 1473 593 1521 et
614 1469 692 1521 iaml-
729 1469 855 1522 omnibus
873 1483 942 1536 quae
960 1473 1051 1522 narrat
1067 1483 1100 1522 eo
1112 1472 1255 1522 certiorem

162 1545 291 1605 44444444,
318 1559 388 1610 quae
414 1546 439 1596 ei
458 1558 522 1596 cum
538 1545 691 1596 Maecenate
730 1545 812 1597 fldem
829 1545 962 1608 concillet,
986 1548 1013 1598 et
1030 1547 1139 1598 nimiam
1157 1547 1256 1599 summi

162 1619 365 1682 intercedebat,
392 1622 419 1671 et
442 1619 576 1672 Luciliano
597 1622 692 1672 satire-
730 1623 808 1674 amici
827 1621 1020 1685 laudationem,
1048 1624 1074 1673 in
1091 1636 1173 1687 quam
1190 1622 1256 1672 alio·

161 1709 226 1746 rann
243 1707 343 1759 genere
361 1695 450 1746 denuo
469 1697 583 1747 44444444
601 1692 692 1746 multi·
730 1698 794 1761 quin
812 1695 938 1748 aberrare
960 1699 1077 1761 poterat,
1104 1694 1256 1747 {elicissime

161 1769 264 1821 tudinis
290 1771 317 1820 in
340 1783 371 1820 se
395 1768 486 1821 oculos
503 1771 690 1831 converteret,
730 1771 829 1835 effugit.
860 1772 1146 1822 Znunexllsmnosrro
1177 1772 1257 1836 (Scri-

160 1845 294 1896 desinon
311 1846 409 1910 potuit,
436 1845 515 1909 quin,
542 1859 605 1897 cum
622 1857 692 1896 non·
729 1849 774 1910 pta
796 1847 864 1896 haeo
882 1847 962 1896 satira
978 1845 1085 1896 videtur
1106 1845 1217 1896 Franlrie
1229 1849 1256 1896 44

160 1921 214 1972 nisi
230 1932 364 1985 perquam
380 1920 459 1985 pauci
477 1921 523 1970 aut
539 1919 628 1984 ipsum
646 1921 692 1969 aut
730 1919 900 1970 Groteiendio
911 1933 935 1970 a.
949 1933 976 1970 u.
990 1934 1014 1970 4,
1028 1921 1097 1980 ltu,
1110 1920 1256 1970 Kirchneru

159 1995 326 2047 llaecenatis
343 1995 370 2044 in
388 2007 451 2044 eum
467 1995 587 2062 animum
609 2006 692 2044 accu-
729 1994 798 2056 444,
820 1995 974 2046 weicherto
990 1995 1048 2047 72⁴.
1079 1994 1131 2045 Sed
1154 1995 1256 2045 Fraukll

159 2070 247 2120 ratius
276 2069 495 2132 introspicerent,
526 2082 540 2118 a
569 2067 690 2133 plurimis
729 2070 817 2134 opinio
835 2070 950 2120 maxime
968 2071 1010 2120 est
1029 2069 1190 2134 probabilis;
1217 2070 1257 2120 444

159 2155 233 2196 unus
259 2156 292 2194 ex
317 2141 472 2206 vulgaribus
496 2141 545 2194 illis
570 2142 690 2194 icrtunae
729 2146 801 2196 enim
818 2145 939 2210 proxime
956 2144 1131 2210 subsequitur
1151 2146 1202 2196 itar
1223 2143 1256 2194 il-

161 2219 224 2271 tiliis
241 2217 404 2280 baberetur,
430 2217 524 2282 quales
542 2221 605 2283 post
626 2219 691 2268 civi-
728 2217 773 2269 lud
790 2217 979 2269 Brundisinum
996 2219 1049 2268 Sat.
1068 2218 1103 2280 5.)

159 2293 228 2346 lium
239 2293 448 2344 conversionum
459 2292 552 2344 turbas
561 2295 589 2344 et
603 2295 629 2344 in
640 2293 692 2344 hac
762 2292 817 2343 l-ti.
846 2293 1122 2355 reeompensatus]
1144 2293 1203 2343 vid.
1222 2293 1257 2343 ad

160 2365 392 2420 nobilissimarum
409 2366 568 2419 iamiliarum
584 2369 690 2420 ruinaa
729 2365 813 2432 Epod.
832 2367 861 2428 44,
880 2368 905 2417 4.
934 2368 972 2417 Ex
990 2367 1098 2430 antique
1115 2367 1184 2418 lama
1198 2367 1257 2430 (lle-

160 2443 277 2494 oivitatis
294 2441 409 2493 dominis
431 2445 477 2492 aut
499 2455 691 2507 oppressarum
729 2441 788 2492 rod.
808 2442 836 2504 l,
854 2440 905 2505 94.)
923 2440 1037 2492 refutata
1054 2442 1193 2505 aDionys.
1206 2441 1258 2492 lla-

160 2521 207 2570 aut
225 2516 323 2583 opibus
335 2515 523 2567 destitutarum
535 2517 624 2582 amplo
640 2531 692 2570 nu·
729 2513 771 2566 lio.
796 2516 819 2566 4.
843 2528 870 2580 p.
894 2516 923 2566 m
952 2528 1013 2580 sqq.
1040 2517 1070 2566 44.
1095 2517 1161 2580 Lydi
1187 2517 1256 2566 duce

161 2605 240 2644 mero
257 2592 343 2642 exorti
361 2593 449 2654 erant,
471 2593 518 2656 qul
534 2604 617 2658 prava
632 2607 692 2644 em-
729 2589 882 2653 Tyrrbeno,
899 2591 973 2652 Atyis
989 2591 1058 2654 regis
1075 2589 1141 2653 illio,
1160 2592 1187 2642 ln
1204 2591 1257 2641 lta·

161 2667 263 2718 bitione
280 2665 405 2730 malaque
417 2665 558 2718 sedulitate
574 2669 602 2718 in
614 2668 692 2719 lami·
729 2662 791 2714 liam
803 2677 865 2715 cum
878 2665 1126 2728 transmigrassem,
1138 2665 1176 2716 ibi
1188 2655 1257 2737 liop-

160 2741 305 2794 llaritatem
333 2742 495 2792 Maecenatis
522 2743 690 2805 irrepsisset,
729 2735 827 2805 σηνῶν
860 2751 882 2790 4.
912 2739 1113 2802 Tyrrhenorum
1146 2741 1257 2791 nomine

161 2819 192 2868 ut
208 2817 327 2868 honores
340 2817 367 2866 et
384 2829 450 2881 opes
461 2819 616 2867 venaretur.
648 2819 694 2867 m-
730 2814 861 2864 Etruriem
878 2813 1054 2865 incoluerunt.
1074 2813 1137 2878 (Alia
1155 2817 1197 2866 est
1209 2829 1258 2880 ge-

161 2903 217 2956 444
228 2889 362 2942 adversus
376 2890 447 2941 banc
457 2890 544 2954 ipsam
556 2891 691 2943 sinistram
730 2887 849 2954 nealogia
866 2890 892 2939 in
910 2887 998 2940 schol.
1012 2888 1077 2940 Plat.
1094 2903 1121 2954 p.
1135 2889 1193 2940 448.
1207 2889 1255 2940 Ed.

161 2967 198 3018 de
214 2979 245 3017 se
258 2965 440 3030 suspicionem
452 2968 479 3015 et
496 2965 635 3016 hominum
646 2968 693 3016 aut
730 2965 850 3014 nostrae:
878 2957 1029 3034 4υρρηνοῦ
1045 2961 1098 3013 τοῦ
1115 2956 1258 3035 Ἄγρωνος

161 3038 339 3106 morantium
347 3041 393 3090 aut
401 3038 614 3091 malevolentiam
623 3041 691 3090 baec
729 3035 782 3088 τοῦ
798 3032 900 3100 ’Ἄτυος
920 3032 973 3088 τοῦ
999 3033 1119 3102 Λυδοῦ.)
1138 3064 1166 3075 -
1184 3040 1258 3089 lnoc-

161 3115 244 3167 satira
266 3115 416 3178 conscripta
438 3125 498 3166 essa
520 3113 599 3165 nobis
614 3115 692 3165 vide-
729 3113 783 3176 toll]
802 3111 1216 3176 «quotquotollmimmigrarunt
1231 3115 1259 3164 st

163 3192 216 3240 tur.
245 3189 399 3239 Generosua
414 3189 578 3253 enimpoeta
589 3189 692 3240 vinulis
729 3199 779 3252 per
799 3188 927 3251 nepotum
949 3187 1049 3237 seriem
1070 3186 1158 3237 adhuc
1183 3188 1258 3238 inco-

163 3275 229 3315 suae
255 3262 307 3314 sibi
333 3263 457 3314 conscius
479 3265 506 3314 et
531 3264 692 3328 sapientium
730 3261 799 3322 lunt,
826 3261 883 3310 4444
904 3261 932 3310 in
953 3261 1011 3325 ipsa
1028 3261 1132 3312 Etruria
1149 3273 1259 3312 manse-

163 3337 316 3403 prasceptis
332 3337 386 3388 iem
403 3351 419 3388 a
436 3338 536 3388 4444444
553 3339 630 3390 annis
642 3339 693 3390 444-
729 3336 805 3397 runt,
830 3336 887 3386 slve
909 3336 1021 3387 Romam
1034 3349 1063 3387 se
1075 3334 1256 3396 contuderunt,

164 3425 261 3464 norum
284 3426 316 3464 44
333 3412 486 3464 divitiarum
509 3413 618 3464 inanem
635 3411 692 3478 glo·
729 3413 761 3461 ut
776 3410 884 3476 praeter
900 3409 999 3462 Cilnies
1016 3411 1160 3474 Caecinae,
1187 3413 1259 3476 Spu-

163 3489 232 3538 riam
249 3498 379 3552 spernere
392 3487 504 3538 edoctus
521 3488 573 3538 boc
585 3490 613 3539 et
623 3489 693 3540 4444-
729 3486 844 3536 nanae»
873 3486 925 3536 oet.
957 3513 985 3522 —
1021 3487 1258 3549 ocra-motantur]

165 3563 251 3613 cenati
268 3575 319 3614 suo
337 3560 490 3612 et‘sibimet
512 3562 563 3626 ipsi
586 3561 691 3624 debuit,
730 3558 860 3624 Singulari
884 3571 960 3610 mora
983 3560 1061 3612 44444
1082 3562 1260 3624 metronymi·

164 3639 194 3687 ut
209 3635 313 3688 ciuibus
330 3637 385 3688 suis
403 3635 614 3698 demonstraret,
639 3650 692 3704 qua
731 3635 769 3684 cis
804 3633 970 3697 frequentius
999 3635 1080 3686 etiam
1114 3633 1260 3685 utebantur

165 3713 266 3763 ratione
292 3710 453 3762 llaecenatis
472 3711 617 3762 amicitiam
642 3711 693 3764 sibi
731 3721 814 3773 qrram
841 3709 1049 3772 patronymicis,
1085 3709 1115 3758 ut
1148 3710 1261 3772 apparet

166 3783 347 3848 conciliasset,
374 3787 402 3835 et
426 3797 509 3850 quem
530 3787 639 3837 minime
660 3800 691 3837 ee
732 3781 820 3834 multis
838 3795 871 3832 ex
891 3781 1111 3846 lnscriptiombus
1131 3782 1258 3842 Etruscis,

165 3858 198 3910 ad
216 3858 357 3924 splendida
375 3859 401 3910 in
413 3872 444 3910 re
460 3858 567 3924 publica
580 3872 691 3912 munere
730 3857 861 3922 imprimis
879 3870 912 3908 es
929 3855 1039 3920 bilingui
1060 3855 1133 3920 apud
1154 3855 1260 3906 Vermi-

166 3933 296 3999 captenda
314 3931 366 3997 [vel
383 3933 419 3984 ad
435 3935 540 3998 irriquos
554 3946 617 3986 suos
629 3948 694 3999 qua-
730 3929 848 3996 gliolium
860 3932 957 3996 Opuso.
971 3931 1015 3981 lV.
1028 3943 1055 3995 p.
1067 3931 1113 3980 st:
1132 3931 1257 3982 GVINTE.

165 4021 272 4073 cunque
297 4008 399 4060 ratione
426 4009 622 4074 aggrediendus
650 4009 693 4061 444
729 4003 1257 4067 zsNT1.an1illt.=o.ssNr1t¹s.

166 4083 245 4134 etiam
274 4082 476 4148 opprimendos]
506 4083 580 4135 abuti
603 4082 691 4136 vellet.
731 4083 759 4133 l.
788 4081 817 4132 F.
846 4079 950 4132 4444444.
977 4079 1089 4130 les.
1133 4081 1260 4145 Loquitur

166 4157 220 4208 lloc
243 4167 352 4222 quoque
378 4155 588 4222 prudentissime
614 4158 691 4221 lecit,
732 4169 785 4208 non
807 4156 841 4208 de
860 4154 950 4207 Ciluim
975 4156 1113 4218 liomanls,
1143 4167 1259 4218 quonum

167 4231 237 4296 qnod
263 4230 298 4283 ad
315 4231 500 4284 Maecenatem
522 4233 693 4298 potissimum
732 4245 812 4284 nemo
824 4243 944 4296 unquam
955 4229 1048 4283 consul
1065 4230 1113 4282 4444
1123 4231 1170 4281 aut
1181 4242 1260 4280 exer·

166 4303 234 4358 bono
250 4306 362 4359 satiram
378 4307 493 4372 scripsit.
528 4307 566 4360 lta
582 4309 655 4360 enim
666 4310 694 4362 et
732 4307 800 4359 citus
818 4305 907 4368 duxit,
926 4305 976 4358 sed
993 4306 1027 4360 de
1045 4307 1143 4358 borum
1154 4305 1261 4358 maiori·
