3156 4972
603 435 662 485 titt.
681 435 712 485 lt.
748 435 815 484 SAT.
835 435 876 484 tv,

244 593 370 660 Picenis
394 591 513 658 cedunt
535 591 639 678 pomis
663 590 804 656 Tiburtia
827 610 923 668 suco;

244 717 323 780 Nam
345 713 427 780 facie
451 721 623 800 praestant.
668 711 832 777 Venucula
853 711 1003 777 convenit
1025 711 1110 788 oilis3

244 835 373 903 Rectius
395 833 551 900 Albanam
573 832 661 898 sumo
683 831 853 899 duraveris
875 853 980 899 uvam.

244 958 334 1023 Hanc
356 975 418 1043 ego
441 975 515 1022 cum
537 953 642 1032 malis,
666 973 728 1041 ego
750 955 874 1023 faecem
897 955 1020 1042 primus
1043 965 1075 1021 et
1097 955 1192 1033 allec,

246 1078 373 1144 Primus
396 1088 429 1144 et
451 1077 597 1144 invenior
618 1076 711 1164 piper
732 1075 842 1144 album
863 1096 938 1144 cum
960 1075 1028 1145 sale
1050 1077 1142 1166 nigro

248 1201 410 1266 lucratum
431 1199 522 1286 puris
545 1199 819 1285 circumposuisse
841 1197 963 1265 catillis.
1251 1202 1290 1266 75

248 1322 391 1387 immane
415 1332 466 1387 est
487 1321 599 1387 vitium
620 1319 699 1386 dare
720 1318 809 1386 milia
831 1330 920 1388 terna
944 1321 1078 1388 macello
1289 1292 1298 1306 ⁸

269 1482 311 1532 74.
329 1481 465 1546 Scriptura
482 1494 540 1531 44444
557 1483 642 1532 estin
659 1480 721 1531 bSc.
742 1505 769 1517 —
788 1481 829 1531 74.
847 1483 964 1532 4444444444
980 1495 1114 1547 superscr.
1127 1484 1186 1546 ub,
1204 1499 1260 1535 uer-

236 1557 331 1606 444444
348 1571 376 1616 c,
393 1557 536 1608 4444444444
551 1557 602 1607 LC.
622 1583 651 1592 -
669 1555 709 1606 43.
727 1555 798 1606 ictae
814 1557 855 1606 FJ.
892 1557 931 1621 (Ut
948 1569 1011 1620 nos,
1030 1556 1083 1608 bSc
1101 1561 1128 1608 et
1144 1560 1260 1610 Pettierii

204 1762 240 1814 ad
251 1763 384 1814 secundas
396 1775 504 1814 mensas
515 1764 657 1828 pertineat,
676 1776 729 1813 uon
765 1763 903 1824 pretiosam
917 1763 1045 1814 matorum
1057 1764 1166 1826 piscium
1182 1766 1291 1826 4444444444,

203 1837 301 1901 liquet3
321 1837 464 1902 utrobique
482 1841 585 1898 autem,
605 1851 674 1902 quae
686 1838 730 1887 hic
767 1849 818 1885 44444
834 1838 914 1887 444444
929 1851 1004 1888 arere
1020 1838 1088 1888 salsa
1104 1839 1160 1888 tote
1172 1852 1294 1901 praecor·

203 1915 403 1972 memorantur,
427 1912 461 1963 ad
479 1911 646 1962 excitandam
663 1924 730 1962 con·
768 1909 835 1960 44444
859 1939 886 1947 -
902 1913 978 1974 piper
1002 1912 1094 1977 44444444]
1122 1912 1238 1964 Plinii.
1261 1916 1291 1965 N.

202 1989 308 2037 tinaam
333 1987 403 2037 sitim
430 1988 562 2038 destinata
588 1990 671 2038 erant.
701 2013 728 2023 -
769 1985 814 2046 ta,
834 1985 858 2034 ’4.
877 1987 1294 2050 candidumvocatlenicsqueni·

201 2060 308 2125 [44444444]
328 2061 477 2126 «liquamen
490 2065 517 2112 et
530 2062 731 2112 condimentum
766 2072 833 2122 pro.
855 2086 882 2096 -
900 2061 953 2110 sote
974 2062 1057 2126 444944]
1081 2063 1228 2127 Opponitur
1250 2065 1295 2114 'l'i-

203 2136 310 2187 exvini
328 2134 563 2200 iaeceparatum.»
590 2136 729 2198 (4454444,
768 2131 836 2196 gellii
862 2135 910 2184 4444·
930 2149 1007 2197 paro.
1044 2137 1104 2200 (Sat.
1128 2138 1157 2198 4,
1184 2138 1214 2198 3,
1243 2138 1293 2201 44.)

204 2211 234 2270 8,
260 2209 292 2259 9;
320 2210 421 2273 saecuto
446 2211 560 2261 Goa.—
533 2211 731 2272 -uprtmua
766 2205 834 2258 Ptin
853 2209 885 2258 H
904 2211 934 2258 N.
953 2209 999 2272 34,
1024 2211 1053 2271 4,
1075 2211 1122 2261 tc:
1150 2212 1297 2276 (4444444444

204 2283 477 2348 Primaa1Cir.v.iti.
497 2283 731 2349 ctiiegesippiil-
767 2281 835 2344 lieno
851 2285 926 2346 confit
942 2284 992 2346 4444,
1010 2286 1084 2349 niger
1100 2291 1193 2337 444-
1208 2288 1296 2336 444444-

203 2357 251 2408 ind
268 2358 341 2421 apud
357 2359 497 2421 Athena,
516 2359 564 2410 36:
590 2355 625 2409 ui
643 2362 731 2431 πέρας
767 2355 828 2442 tum]
848 2369 913 2420 uper
929 2358 1160 2411 incernicuiums.
1175 2360 1296 2412 cribrum

203 2429 257 2496 τῆς
274 2431 458 2504 μαγειρικῆς,
481 2431 570 2506 Σύρε,
597 2375 731 2505 Εὑρημέ-
768 2431 952 2494 inspersum.»
1004 2432 1053 2484 Alii
1088 2435 1297 2498 interpretantur

203 2521 257 2556 νον
274 2505 379 2558 εἰδέναι
395 2505 494 2574 νόμιζε
509 2507 603 2575 μόνον
620 2509 729 2576 ipe.-
769 2505 858 2554 «haud
883 2508 1012 2558 cretum.»
1048 2510 1175 2560 Ceterum
1200 2523 1295 2562 omnes

204 2581 276 2646 444444]
295 2583 420 2634 04444444.
456 2585 566 2636 Ρ444..44
585 2587 615 2634 N.
634 2585 680 2644 34,
699 2585 728 2633 8:
768 2593 793 2630 v.
817 2581 940 2631 incretam
965 2581 1066 2634 ducunt
1088 2597 1103 2634 a
1126 2598 1152 2634 v.
1177 2597 1294 2647 44444444,

206 2657 301 2706 Vitium
316 2657 390 2707 44444444
408 2659 479 2722 (gari)
497 2664 532 2709 444
549 2659 650 2719 4444,’
640 2671 732 2720 4444444-
768 2657 876 2718 praeter
892 2657 1068 2718 Diintzerum,
1097 2659 1173 2709 euius
1196 2659 1294 2721 verba,

202 2733 270 2796 secta
291 2745 336 2781 4444
354 2733 439 2782 colata
462 2733 532 2797 [aaa.
553 2760 569 2770 -
588 2759 603 2770 ·
624 2733 733 2782 Transiit
769 2741 803 2777 ne
838 2729 987 2781 calumniae
1021 2733 1190 2794 incusamur,
1228 2735 1296 2784 haec

203 2809 293 2859 44444444
307 2809 335 2858 444
352 2808 485 2859 luceriam
500 2814 681 2870 crematque
691 2821 733 2873 pe-
770 2806 847 2853 sunt:
869 2805 968 2854 44444444
984 2806 1102 2856 incretus
1118 2808 1150 2856 ist
1166 2809 1234 2858 4444444
1246 2823 1296 2858 con

202 2897 269 2934 444444
286 2885 321 2932 444
337 2884 469 2948 infinitum.
489 2885 582 2934 --Stc
597 2885 657 2934 ctae
669 2897 732 2946 per-
770 2877 892 2939 incerao,
911 2881 1018 2930 soctan
1033 2895 1082 2930 von
1099 2882 1220 2933 increseo
1237 2884 1297 2933 444·-

202 2959 271 3008 444444
294 2958 328 3006 cd
350 2963 459 3019 ostreas,
485 2959 594 3019 44444444,
620 2961 731 3020 urticas,
768 2952 874 3002 aetiam
895 2955 948 3004 4444
969 2954 1043 3004 444444
1064 2957 1185 3008 mucci
1200 2959 1296 3022 4444444-

203 3046 362 3094 coanmaroa,
387 3033 524 3084 4444444444
539 3035 664 3096 iocinera,
679 3035 733 3084 ,444-
769 3025 817 3075 licit
842 3029 891 3076 wic
917 3029 1128 3091 aneewcctuen.»
1157 3059 1185 3068 -
1207 3034 1294 3098 pm]

203 3108 366 3168 maeque
393 3109 524 3172 ymbe,
551 3111 586 3159 aa
616 3123 732 3172 saporem
771 3100 902 3164 «ideoque
928 3101 1086 3166 elegantiam
1109 3108 1184 3169 grato
1207 3111 1296 3172 sapori

203 3182 280 3247 petae
296 3183 376 3245 coepit
394 3183 434 3232 sat
455 3183 585 3234 tabescere,
621 3185 733 3234 videtur
770 3174 1297 3246 addentibus.»-circumpoautasehcir-

204 3269 258 3307 non
277 3259 331 3306 tem
349 3256 455 3320 dicere
482 3271 512 3308 ee
536 3259 653 3322 primum
677 3259 733 3308 see·
771 3263 833 3300 ctim
858 3264 980 3304 mensam
1005 3255 1149 3308 rotundam
1175 3259 1295 3308 0044444444

203 3343 266 3382 cem
284 3333 312 3380 et
333 3329 400 3381 allec
417 3333 562 3396 seperatim
580 3331 712 3396 singulis'
705 3345 732 3382 m
769 3327 939 3389 apposuisse,
959 3327 1000 3378 vel
1018 3329 1295 3393 singulisvelbinisp

204 3404 298 3456 catillis
315 3407 472 3470 apposuisse
490 3408 623 3468 convivis,
651 3421 733 3472 quam
771 3402 800 3450 ut
824 3403 897 3450 certe
921 3405 963 3452 est
987 3404 1058 3468 apud
1083 3406 1191 3456 Lucian
1211 3407 1293 3457 Conv.

203 3493 234 3532 ae
252 3478 319 3530 allec
343 3479 446 3532 sueonia
463 3483 572 3532 conare
591 3481 730 3544 docuisse,
770 3474 819 3525 38
841 3471 994 3565 προῦκειτο
1011 3476 1042 3529 ct
1059 3473 1115 3540 οὐκ
1132 3475 1165 3531 ἓν
1181 3477 1296 3548 ἑκάστῳ

203 3557 315 3620 propter
336 3556 468 3607 rationem
494 3559 547 3608 iam
573 3556 731 3619 indicatam,
770 3548 916 3614 πινάκων,
943 3547 1004 3604 ἀλλ’
1021 3549 1215 3628 Ἀρισταινέτῳ
1240 3557 1294 3628 μὲν

203 3632 235 3680 ut
251 3629 434 3681 diversissima
452 3644 576 3695 quaeque
592 3633 733 3682 coniuncta
769 3626 819 3676 καὶ
843 3622 972 3714 Εὐκρίτῳ
989 3627 1036 3681 int
1060 3629 1131 3696 μιᾶς
1154 3635 1294 3703 τραπέζης

204 3704 294 3768 gulam
322 3705 406 3768 magis
433 3707 575 3756 irritarent.
614 3707 681 3756 Nam
706 3708 758 3756 et
769 3697 878 3752 κοινόν.

204 3780 308 3830 faecem
330 3782 358 3829 et
382 3778 449 3830 aliec
473 3782 572 3831 Romae
595 3781 648 3831 iam
670 3783 732 3832 ante

204 3855 310 3904 Catium
333 3857 394 3904 nota
418 3855 499 3906 fuisse
520 3861 732 3908 consentaneum
802 3852 890 3902 46-80.
907 3856 978 3905 «Nou
991 3855 1017 3906 in
1030 3854 1096 3905 cibis
1108 3855 1211 3905 tantum
1223 3867 1296 3905 sum·

204 3929 257 3989 est,
277 3942 329 3978 nec
346 3929 493 3993 quidquam
508 3931 578 3981 inest
594 3931 621 3981 in
634 3931 732 3981 Neratii
769 3927 831 3989 ptus
848 3928 998 3990 faciendus,
1018 3930 1124 3979 44444044
1138 3941 1238 3980 coenae
1250 3943 1297 3993 ap-

204 4001 310 4062 verbis,
339 4003 412 4067 quod
438 4017 488 4055 nos
513 4019 575 4056 cum
602 4003 732 4055 Kochlero
769 4004 872 4063 paratui
898 4016 962 4053 cura
988 4004 1166 4054 adhihenda.»
1186 4029 1215 4040 -
1234 4005 1297 4054 dare

203 4071 331 4147 Τάριχος
356 4091 384 4142 p.
405 4077 462 4130 toa.
482 4083 561 4144 cogat
586 4078 731 4142 intelligere
768 4077 840 4127 mitia
864 4080 953 4140 ternu]
979 4079 1020 4129 «in
1046 4079 1148 4142 singula
1174 4080 1295 4130 convivia

202 4149 238 4201 de
252 4150 337 4202 allece
355 4165 408 4202 non
425 4152 536 4218 volgari,
557 4155 607 4205 sed
624 4167 733 4218 compo-
769 4151 926 4216 impendere
938 4153 988 4202 tria
1000 4152 1071 4203 milia
1083 4166 1232 4214 nummum,
1247 4154 1297 4204 cir·

203 4226 254 4278 cito
267 4224 311 4275 iiio
323 4227 351 4275 et
363 4225 505 4288 artificiali,
532 4228 566 4278 de
580 4229 732 4290 quoSenc-
770 4227 837 4278 citer
853 4227 901 4277 640
918 4228 1011 4278 Franc.
1031 4227 1112 4279 Gall.»
1132 4257 1160 4265 -
1182 4226 1295 4291 4444444444]

203 4313 234 4353 ca
252 4300 336 4365 Epist.
349 4299 396 4350 95:
414 4302 731 4367 44444844444444449444444,
768 4303 795 4352 in
814 4301 871 4354 toro
893 4302 1017 4366 piscario.
1048 4302 1087 4354 Cf.
1110 4303 1176 4367 Epp.
1199 4304 1229 4364 4,
1250 4303 1293 4364 ta,

291 4389 497 4440 Nonar.'von.tt.
527 4405 635 4440 uu.arar.
652 4393 689 4439 444.
1083 4397 1110 4443 43
