3192 4974
289 441 368 516 '388
665 451 795 502 uoaxrn
812 450 1033 504 srrsronlnuu

348 611 381 677 Si
405 619 535 677 curatus
558 609 719 698 inaequali
743 619 875 677 tonsore
897 608 1031 696 capillos

349 733 501 809 Occurri,
525 731 631 810 rides3
657 731 683 797 si
707 731 788 798 forte
810 729 970 826 subucula
991 749 1096 818 pexae
1353 732 1394 796 95

302 893 306 902 ·
346 853 431 920 Trite
452 852 565 920 subest
587 853 715 920 tunicae
737 852 788 919 vel
811 853 837 919 si
859 862 934 940 toga
957 851 1093 919 dissidet
1114 853 1232 940 impar,

345 974 460 1042 Rides:
484 975 580 1062 quid,
604 996 678 1041 mea
700 995 774 1042 cum
796 984 917 1062 pugnat
939 975 1098 1043 sententia
1120 995 1248 1053 secum,

346 1096 440 1176 Quod
463 1096 554 1184 petiit
577 1096 714 1183 spernit,
739 1096 855 1184 repetit
877 1095 966 1184 quod
988 1117 1094 1184 nuper
1115 1097 1236 1174 omisit,

368 1265 408 1318 94.
427 1271 544 1316 curtatus
560 1267 621 1317 LCt.
638 1294 664 1302 -
679 1267 719 1316 95.
739 1266 844 1316 Occuari
862 1266 1012 1327 seducto:
1033 1267 1148 1316 Occursx't
1163 1266 1197 1329 b,
1216 1268 1358 1319 Occurres

337 1341 422 1391 codd.
441 1339 475 1390 δκ
493 1339 627 1392 Bentleius
645 1343 671 1391 et
689 1341 755 1392 inJ.
778 1367 804 1377 -
824 1341 865 1391 97.
883 1354 980 1391 mecum
997 1340 1074 1391 Codd
1090 1339 1199 1406 aliquot.

300 1491 419 1553 euboeam
435 1491 590 1552 mmmm,
609 1491 718 1540 trirenis
735 1491 825 1552 instar,
866 1490 918 1540 lum
934 1491 1164 1553 aspendensium.
1178 1517 1205 1528 -
1215 1492 1328 1554 waste]
1341 1492 1392 1544 Cu·

297 1566 493 1627 pulcherrimam
524 1570 600 1626 atqua
630 1564 826 1615 ornatissimam.
865 1566 989 1616 rationem
1013 1565 1102 1628 capitis
1128 1578 1177 1630 pro
1203 1571 1303 1629 aornptu
1327 1567 1392 1618 dixit

300 1641 372 1690 Haec
384 1641 474 1689 autem
491 1639 629 1689 Horatium
641 1651 674 1688 ex
689 1641 766 1704 parte
778 1638 829 1690 sal·
865 1640 947 1690 etiam
969 1641 1076 1690 Petron.
1098 1639 1153 1690 ror.
1177 1639 1233 1690 Val.
1253 1639 1388 1702 Flacci,

301 1718 356 1765 tem
368 1728 383 1764 a
393 1727 422 1765 se
435 1713 645 1779 deprompsisse,
658 1714 827 1778 frequentem
864 1713 925 1764 238:
945 1727 977 1764 oc
992 1728 1039 1764 saio
1054 1715 1130 1779 pavis
1144 1715 1249 1766 Reddite
1264 1729 1329 1766 miro
1345 1729 1390 1766 co-

299 1787 470 1850 balneorum,
496 1791 634 1839 tonsorum
653 1790 827 1839 mutationem
863 1790 924 1847 mis3
943 1786 1391 1854 etallaexemplaattuleruntGro-

300 1865 362 1924 cet.‚
385 1864 448 1913 mihi
468 1875 601 1928 perquam
618 1862 757 1927 probabile
776 1867 824 1914 est.
863 1864 957 1915 novius
975 1864 1051 1914 Obss.
1071 1865 1099 1927 4,
1123 1865 1164 1914 23.
1189 1877 1221 1915 uc
1243 1865 1385 1917 Bentlelus.

299 1939 352 1988 loci
361 1937 433 1988 enim
441 1937 485 1987 bio
493 1949 602 2001 semper
611 1937 772 1988 comitantur
782 1951 826 1988 ve-
863 1939 952 1988 Lectio
971 1943 1086 1988 cerutus
1103 1941 1145 1989 est
1166 1940 1274 1990 omnino
1294 1939 1327 1990 ab
1350 1941 1389 1992 in·

298 2026 357 2063 ram
367 2015 394 2063 et
402 2013 471 2062 vitae
481 2013 569 2076 uptam
580 2010 785 2076 philosophiam
798 2015 826 2062 et
862 2011 1034 2077 terpolatore‚
1057 2013 1103 2078 qui
1124 2011 1195 2064 illam
1217 2014 1388 2077 significatio-

298 2087 390 2151 quidni
407 2087 434 2136 in
455 2085 552 2136 talibus
575 2085 669 2136 luserit
689 2087 715 2136 in
738 2090 825 2137 semet
862 2099 925 2138 nem
937 2088 1079 2151 ignoraret.
1103 2087 1287 2140 Obstctetiam
1301 2089 1384 2141 codd.

297 2163 404 2226 ipsum‘i
431 2162 557 2211 Senserat
583 2160 634 2210 boc
660 2163 714 2211 iam
739 2163 824 2212 mirus
862 2175 986 2213 meorum
999 2163 1026 2212 et
1042 2163 1158 2213 Pottierii
1170 2164 1324 2224 auctoritas,
1340 2165 1386 2228 qui

296 2234 339 2286 llle
352 2235 499 2298 Grunnius,
519 2247 600 2298 saepe
618 2234 705 2285 latuus
717 2248 748 2285 ec
759 2249 823 2300 per·
861 2249 923 2285 cum
939 2236 1028 2286 Xlllll.
1053 2235 1137 2286 codd.
1162 2238 1335 2301 inspexisset,
1359 2239 1385 2289 in

296 2322 405 2370 versus,
425 2309 559 2359 interdum
577 2311 672 2360 acutus
687 2310 714 2358 et
731 2321 820 2373 sagax.
860 2322 914 2360 uno
938 2309 1076 2360 dumtaxat
1100 2311 1159 2362 Sec.
1180 2312 1245 2362 XIV.
1267 2313 1387 2378 repperit

296 2386 339 2435 Sic
355 2385 429 2435 recle
452 2385 495 2434 hic
513 2386 652 2447 comparat
669 2385 721 2434 Sat.
735 2386 766 2446 2,
785 2385 820 2447 7.‚
859 2389 981 2443 curtulis.
1002 2411 1031 2421 -
1050 2385 1178 2448 inaequali
1198 2387 1305 2450 lamere]
1324 2389 1385 2452 equl

296 2463 323 2510 in
335 2473 387 2525 qua
399 2471 486 2522 aeque
497 2459 612 2524 propriis
625 2459 658 2509 ds
671 2460 740 2510 vitiis
752 2473 822 2511 sem·
858 2461 969 2524 propter
977 2459 1136 2523 imperitiam
1147 2459 1321 2524 inaequaliter
1328 2463 1386 2511 ton·

295 2547 345 2599 per
368 2536 472 2596 iocose,
499 2535 616 2584 attamen
640 2535 703 2585 satis
726 2548 821 2599 aspere
859 2533 906 2584 det
922 2534 1063 2584 dexterum
1082 2535 1109 2584 et
1125 2533 1230 2585 laevum
1244 2535 1384 2600 cepitisla-

294 2606 449 2672 loquentem
466 2608 566 2659 inducit
583 2609 686 2660 Davum
701 2620 819 2660 servum.
859 2609 927 2658 tus.»
956 2610 996 2659 De
1014 2609 1211 2658 constructione
1228 2615 1333 2660 emotae
1342 2611 1384 2660 in-

294 2681 446 2732 Simillimus
472 2683 572 2734 Horatii
595 2684 675 2746 atquc
698 2683 820 2736 aemulus
857 2683 960 2744 manati
976 2681 1118 2733 tomoreoi.
1131 2683 1179 2732 Od.
1195 2684 1221 2744 4,
1235 2683 1264 2744 6,
1283 2685 1320 2746 2.,
1336 2684 1381 2734 ubl

294 2756 461 2807 lelicissimus
479 2759 521 2806 est
542 2758 567 2806 in
592 2757 682 2808 Satiris
701 2771 818 2823 nupera
858 2755 998 2822 explicavi:
1029 2770 1113 2808 «oum
1139 2757 1285 2822 inaequalis
1311 2761 1384 2810 esset

293 2845 337 2882 me
355 2831 432 2882 editis
449 2833 586 2882 Areostus.
855 2834 949 2883 tonsor
966 2845 1072 2894 meus»,
1092 2834 1120 2882 et
1135 2833 1202 2897 Epp.
1217 2835 1247 2894 4,
1267 2833 1312 2896 to,
1332 2835 1380 2884 ⁴3:

325 2907 413 2958 iti-ci.
443 2906 539 2968 «Quid,
562 2908 635 2971 quod
652 2909 681 2958 tu
699 2923 816 2974 quoque,
854 2907 1005 2971 Ecipucque
1021 2913 1095 2971 topos
1111 2908 1210 2957 simulet
1226 2912 1323 2958 tentore
1334 2909 1383 2960 Ge·

292 2981 388 3032 dilecte
414 2983 569 3044 Maecenas,
600 2984 656 3047 ipse
683 2985 817 3034 interdum
854 2985 943 3032 wacca.
974 2981 1056 3033 Aliter
1073 2981 1168 3033 lacobs
1186 2982 1212 3031 in
1228 2983 1308 3032 Antb.
1326 2980 1378 3034 Pal.

291 3057 387 3108 iudicia
411 3055 477 3106 ‘iacis
504 3057 592 3107 minus
618 3059 711 3108 recta‘l
739 3057 818 3108 Velut
854 3058 896 3107 lll.
916 3071 942 3122 p.
958 3057 1013 3108 isi.
1034 3071 1150 3122 eumque
1169 3059 1278 3109 secutus
1299 3059 1381 3108 llein-

291 3143 352 3182 cum
371 3144 414 3181 me
431 3130 504 3181 rides
526 3135 637 3195 propter
659 3131 747 3183 levem
769 3131 817 3182 ali·
854 3131 911 3181 rich
923 3131 958 3181 ad
967 3133 1059 3182 luven.
1075 3133 1102 3194 4,
1117 3133 1157 3182 43.
1174 3145 1318 3198 personam
1330 3143 1379 3197 pro

290 3219 372 3269 wau]
389 3219 420 3255 uc
444 3205 578 3257 lortuitam
601 3207 626 3255 in
648 3205 817 3257 babitucul-
853 3205 1004 3270 redemere
1020 3209 1203 3271 protensum,
1222 3213 1319 3258 tentore
1330 3219 1380 3272 pro

288 3283 371 3344 tuque
385 3278 585 3343 negligentiam.
599 3293 650 3330 nec
662 3294 726 3330 vero
739 3279 815 3345 longe
854 3280 964 3343 textura)
986 3283 1100 3344 positam
1123 3281 1293 3332 arbitrantur.
1324 3281 1376 3333 Cir.

289 3357 390 3407 maiora
406 3356 481 3416 vitia,
509 3356 536 3405 in
553 3369 623 3418 quae
641 3355 755 3407 subinde
773 3357 816 3406 in·
853 3357 943 3405 tamen
961 3356 1124 3406 Sobmldium
1143 3357 1177 3407 sd
1195 3358 1260 3422 Epp.
1281 3360 1311 3418 4,
1331 3357 1376 3418 49,

289 3429 363 3490 cido,
389 3429 565 3493 reprehendis
584 3431 611 3479 et
632 3431 760 3493 castigas,
788 3430 816 3480 id
853 3429 893 3479 43.
916 3429 1046 3480 Videlicet
1062 3433 1124 3481 sunt
1135 3429 1241 3494 ablativi
1253 3430 1376 3494 absoluti,

288 3503 361 3567 quod
388 3505 477 3552 mmen
507 3503 584 3551 tuum
613 3504 654 3552 est
682 3503 813 3564 cilicium,
853 3505 882 3552 ut
898 3504 923 3552 in
940 3503 988 3554 cd.
1003 3506 1030 3564 4,
1049 3505 1077 3564 6,
1096 3507 1120 3555 i.
1139 3506 1242 3570 primus
1259 3505 1378 3558 44444440-
1414 3501 1417 3506 ’

288 3591 351 3629 cum
388 3577 425 3628 sis
460 3576 619 3638 praesicias
655 3577 815 3640 colonosque
852 3577 953 3641 sophus
970 3577 1098 3641 §caligem
1117 3579 1160 3629 bio
1178 3591 1285 3630 mecum
1297 3583 1378 3633 sentit

288 3665 380 3703 meum
393 3651 492 3714 (Odi,
512 3650 541 3711 4,
560 3651 585 3700 2.
604 3651 634 3710 2,
655 3652 702 3712 44,
721 3650 755 3714 4.)
768 3653 816 3704 ita·
853 3653 932 3701 etiam
962 3652 1201 3704 Rauobensteinius
1229 3667 1315 3704 meus.
1347 3681 1375 3692 —

288 3739 340 3790 que
359 3724 432 3776 cordi
450 3723 496 3775 tibi
514 3737 575 3776 esse
592 3723 704 3788 debeat,
726 3728 757 3775 ut
772 3724 813 3776 illa
852 3726 970 3788 oerum]
988 3721 1147 3798 ἀορίστως,
1166 3729 1291 3791 «quoties
1308 3729 1376 3779 torte

287 3803 451 3867 deponam.»
491 3801 558 3853 Nihil
588 3803 696 3852 omnino
722 3801 813 3852 acerbi
851 3798 895 3850 tali
912 3799 1004 3850 habitu
1022 3799 1143 3864 neglecto
1161 3814 1252 3852 coram
1270 3805 1297 3853 te
1313 3817 1377 3854 ven-

286 3877 388 3944 lmbere
403 3878 523 3928 iocosam
541 3878 609 3928 banc
622 3876 813 3942 expostulatio·
849 3887 920 3924 sora
955 3876 1028 3926 llaec
1050 3875 1129 3927 lectio
1151 3877 1273 3927 firmatur
1294 3879 1376 3928 etiam

287 3964 351 4003 nem
361 3954 435 4003 recte
447 3951 538 4002 docuit
550 3951 691 4002 Obbarius.
717 3953 814 4012 Quam·
849 3947 942 4000 alulio
952 3949 1090 4000 Rufinienc
1102 3950 1150 4001 Ed.
1161 3951 1264 4002 liubai.
1278 3965 1305 4016 p.
1315 3951 1373 4004 238.

287 4038 369 4088 quam
394 4027 428 4076 de
457 4027 508 4078 boc
537 4028 564 4076 et
591 4024 722 4076 similibus
747 4023 812 4076 locis
848 4025 887 4074 Ne
900 4024 1181 4078 remedendemasin
1197 4024 1376 4090 ropetitesyl-

285 4111 351 4149 vere
368 4099 497 4150 iudicarat
514 4101 567 4150 iam
578 4099 709 4151 Persiusl
722 4137 728 4160 ,
748 4098 809 4148 llil:
848 4097 909 4148 laba
926 4101 963 4160 ri,
986 4101 1076 4150 vetant
1099 4097 1199 4151 similes
1221 4101 1288 4152 scnl.
1323 4099 1372 4152 Od.

287 4174 364 4224 Omne
383 4175 458 4238 veser
481 4175 570 4224 citima
593 4173 685 4224 matti
709 4173 814 4222 Flaccus
849 4173 877 4234 3,
890 4172 920 4235 4,
934 4174 980 4224 68:
1000 4176 1078 4225 omne
1092 4175 1163 4236 nelos
1174 4176 1260 4224 ocimo
1275 4189 1374 4226 macerr-

287 4249 812 4314 mnicoToapitetodmtssmoir-omaproe·
848 4253 891 4298 tos.
921 4249 1016 4310 suti,
1036 4250 1066 4307 3,
1086 4249 1309 4310 titzessepores
1323 4261 1372 4300 res.

285 4325 373 4375 cordia
390 4325 465 4386 ludit,
484 4323 595 4376 Callidus
610 4337 714 4376 accusso
727 4335 810 4386 popu·
847 4323 919 4385 virg.
932 4325 998 4374 Aen.
1012 4325 1042 4384 2,
1056 4323 1103 4373 ti:
1121 4323 1217 4374 Dorica
1232 4327 1327 4374 codro.
1342 4349 1371 4362 -·
