3178 4972
543 437 547 446 '
623 437 682 490 iiii.
702 440 721 488 i.
741 438 838 490 enisi.
858 438 888 488 ii.

293 597 379 662 Pane
402 613 485 681 egeo
508 595 571 660 iam
593 593 723 660 mellitis
745 595 872 682 potiore
895 593 1060 681 placentis.

292 717 407 784 Vivere
431 725 564 782 naturae
587 717 614 781 si
637 715 868 782 convenienter
889 725 1017 803 oportet

293 836 534 928 ponendaeque
557 837 655 904 domo
678 836 867 924 quaerenda
889 846 939 904 est
960 858 1037 904 area
1059 839 1213 924 primum,

291 959 456 1026 Novistine
481 959 588 1026 locum
610 959 771 1046 potiorem
793 977 869 1024 rure
894 957 1014 1024 beato?

292 1082 347 1148 Est
367 1079 423 1148 ubi
446 1079 519 1168 plus
542 1090 671 1168 tepeant
692 1079 831 1158 hiemes,
856 1078 911 1146 ubi
934 1080 1054 1168 gratior
1075 1101 1154 1148 aura
1297 1084 1336 1148 ie

291 1203 404 1270 Leniat
425 1211 458 1270 et
480 1202 603 1269 rabiem
627 1201 723 1269 Canis
744 1211 778 1268 et
799 1209 960 1268 momenta
982 1202 1113 1279 Leonis,

282 1379 433 1446 complures
457 1383 518 1444 (nou
540 1380 685 1444 Aldinae),
704 1382 769 1432 item
786 1379 936 1442 Bentleius,
955 1380 1005 1432 sed
1022 1381 1093 1432 uude
1115 1384 1301 1448 assumpserit,

282 1456 429 1582 qpncplcin
451 1459 493 1508 est
509 1460 600 1508 tamen
616 1457 642 1507 in
660 1457 708 1508 Ed.
728 1455 872 1508 scireveiii
890 1471 913 1508 c.
933 1470 959 1507 n.
978 1469 1035 1508 var.
1055 1457 1139 1520 tolia.)
1165 1483 1192 1494 -
1213 1460 1254 1510 ta.
1272 1461 1301 1521 ti]

280 1689 376 1741 to-ti.
407 1693 542 1742 acerdoti
564 1693 685 1757 {tietmar
710 1695 773 1756 cet]
809 1707 933 1744 mnium
956 1695 1047 1744 boumn
1070 1694 1116 1756 sit,
1140 1695 1169 1743 id
1194 1699 1241 1756 est,
1268 1697 1336 1746 vito

248 1765 311 1816 Liba
328 1764 444 1830 (Florian)
461 1767 495 1818 ab
513 1769 557 1828 iis,
584 1769 629 1833 qui
651 1781 710 1820 rem
732 1769 774 1819 di·
808 1769 928 1819 modica
948 1773 975 1819 et
994 1773 1072 1831 apic
1091 1769 1212 1820 uirtute
1224 1771 1333 1834 perstat.

247 1840 336 1890 unam
353 1839 499 1902 iaciebant,
517 1841 633 1893 allataet
649 1842 774 1892 sacerdo·
809 1844 911 1893 seneca
928 1843 1010 1906 Epist.
1029 1845 1057 1904 5,
1076 1843 1105 1893 3:
1132 1844 1226 1905 Narnpe
1237 1858 1335 1907 propc-

248 1913 318 1965 tihus
335 1913 439 1976 relicta,
465 1915 563 1966 horum
583 1917 669 1967 servis
690 1916 773 1966 inter-
808 1918 883 1966 sitien
906 1921 1020 1966 cosman
1045 1922 1080 1966 ost
1103 1918 1237 1968 modam
1256 1924 1335 1970 natu·

247 1987 312 2038 dum
328 2001 377 2052 pro
394 2002 463 2054 pane
481 1990 542 2039 data
560 2003 620 2040 esse
637 1989 770 2050 videntum
807 2004 866 2042 rain
889 1992 981 2042 civero.
1012 1992 1085 2042 iiiuc
1104 1993 1195 2042 autem
1221 1995 1336 2056 pertinet

247 2063 300 2114 iam
317 2064 367 2114 ioci
390 2077 470 2114 cause
492 2067 595 2124 narrat,
622 2079 707 2116 unum
724 2063 772 2114 oli-
809 2066 889 2116 etiam
911 2063 1038 2116 hahitatio
1056 2067 1166 2116 naturae
1183 2067 1277 2118 usibus
1293 2069 1336 2118 iu-

247 2136 354 2200 quandc
378 2151 454 2188 mero
480 2139 558 2189 huius
581 2138 634 2190 cibi
660 2139 770 2190 nimium
808 2141 942 2200 serviens,
978 2141 1020 2190 cui
1055 2143 1116 2190 ente
1150 2142 1238 2192 omnia
1272 2155 1336 2192 oreo

247 2211 330 2264 dulcis
357 2213 444 2263 taedio
469 2213 504 2263 ab
529 2214 595 2264 hero
621 2214 770 2278 aufugisse,
807 2213 996 2277 (linostimo,
1015 2227 1069 2264 nou
1088 2216 1196 2276 Tenue,
1214 2217 1335 2266 utvertlt

247 2301 300 2352 quo
317 2287 427 2338 tandem
441 2300 506 2337 vero
523 2301 592 2352 pane
603 2291 769 2339 vesceretur.
808 2289 920 2351 Pessov)
937 2287 1057 2352 eligenda
1070 2292 1123 2349 est,
1142 2290 1169 2339 id
1186 2289 1257 2353 quod
1270 2292 1336 2356 opli-

246 2361 313 2412 Fieri
330 2361 410 2412 etiam
426 2363 527 2425 potest,
546 2365 576 2413 ut
591 2364 667 2414 iocus
678 2377 711 2413 ex
723 2364 771 2413 mi·
807 2377 851 2412 me
870 2363 899 2413 tit
916 2365 985 2424 ruri,
1004 2363 1050 2413 uhi
1067 2362 1162 2414 beatae
1180 2364 1250 2415 vitae
1271 2363 1334 2417 nihil

245 2435 576 2500 mcaiiquorepetitussit.
596 2439 772 2489 iocumamc-
807 2436 921 2488 obstat.»
936 2465 963 2474 -
986 2438 1068 2503 dom]
1087 2438 1167 2488 dativi
1184 2438 1269 2489 torma
1289 2452 1335 2490 an·

246 2513 321 2572 vent,
340 2511 385 2572 qui
401 2510 535 2574 stipitivmn
551 2510 707 2574 simpliciter
723 2525 771 2561 ex·
807 2514 880 2577 tique
902 2525 952 2576 pro
975 2513 1074 2575 domm,
1103 2527 1171 2577 quae
1195 2512 1334 2578 aliquoties

246 2583 344 2649 plicant
361 2597 510 2645 «sermm,-
528 2583 570 2635 vel
589 2598 713 2636 «servum
725 2599 771 2636 ne-
807 2586 878 2651 apud
887 2589 1020 2652 platonem
1031 2587 1128 2651 legitur
1140 2590 1176 2653 (ii.
1188 2589 1217 2638 R.
1229 2587 1285 2649 tsi,
1299 2589 1333 2652 ἲ.)

245 2673 357 2723 mem»,
375 2662 405 2709 ut
421 2671 485 2710 sane
504 2661 545 2710 est
565 2659 637 2723 apud
662 2662 768 2710 Terent.
806 2661 926 2712 Eandem
943 2663 1065 2712 Lucretio
1085 2664 1237 2712 coniectura
1254 2663 1334 2714 resti-

245 2735 312 2785 Eun.
327 2732 358 2794 l,
380 2733 410 2794 i,
429 2735 458 2783 l:
484 2735 536 2784 lici
551 2735 635 2796 soros,
659 2736 769 2786 materiei
806 2736 1052 2786 tuitLaclrmannus
1069 2737 1099 2798 5,
1119 2738 1192 2788 ⁴267.

244 2809 276 2858 At
296 2809 372 2859 diam
392 2809 505 2870 restitas,
530 2807 662 2872 Faqitw
689 2810 770 2860 Cete-
840 2809 927 2859 lit-ti.
954 2809 999 2858 list
1013 2809 1130 2873 edicet]
1148 2808 1332 2860 Villamsuam

245 2895 306 2933 rum
321 2881 372 2932 tito
384 2895 471 2932 recuso
482 2885 533 2932 cet.
547 2881 631 2932 verba
642 2886 704 2934 sunt
715 2884 770 2934 iio-
806 2881 932 2932 Sabinam
944 2883 1053 2947 respicit
1070 2883 1206 2944 Horatius,
1225 2897 1294 2947 quae
1307 2887 1335 2934 et

245 2958 316 3019 retii,
335 2970 401 3017 non,
419 2959 450 3008 ut
466 2957 509 3008 elii
526 2957 630 3020 volunt,
655 2958 768 3022 fugitivi,
807 2955 841 3005 ab
858 2954 988 3020 Aquilone
1006 2958 1034 3005 et
1050 2956 1084 3006 ab
1101 2959 1198 3008 Austro
1222 2957 1334 3010 collibus

245 3045 362 3095 quocum
384 3031 473 3084 illese
492 3035 637 3097 comparat.
666 3033 771 3084 Placet-
807 3032 870 3080 setis
887 3028 945 3080 aitis
963 3033 1083 3094 protecta
1096 3032 1161 3082 erat.
1197 3033 1262 3084 Vide
1275 3034 1333 3084 eius

245 3113 285 3158 tce
306 3107 426 3172 (Kuclcri)
453 3121 486 3158 ex
509 3107 595 3158 lerina
619 3109 647 3158 et
672 3121 768 3170 caseo,
807 3106 1015 3169 descriptionem
1053 3104 1140 3169 lapide
1178 3121 1333 3171 expressam

245 3179 304 3232 cleo
332 3181 438 3242 dictae,
467 3193 616 3246 papavere,
646 3195 767 3243 sesamo,
807 3179 878 3244 apud
892 3177 1068 3230 Walckenaer
1084 3180 1112 3229 i.
1126 3180 1157 3230 ii.
1172 3208 1200 3218 -
1212 3182 1279 3247 ptus]
1292 3183 1331 3233 ci.

245 3253 324 3306 melle
345 3254 456 3314 oblitae;
479 3255 507 3306 h.
531 3253 549 3305 i.
573 3255 686 3306 eaedem
707 3269 769 3306 cum
807 3254 885 3306 Haud
907 3254 1175 3319 Turs.iV.pag.lit.
1188 3258 1333 3323 -tepeaatl

245 3332 314 3390 litis,
337 3332 387 3382 etsi
403 3331 511 3394 proprie
528 3330 597 3381 haec
614 3331 655 3382 dis
672 3330 770 3381 odere-
807 3329 846 3380 ei.
860 3330 908 3380 od.
920 3329 949 3390 ἢ,
968 3328 998 3390 i,
1018 3329 1048 3378 ti
1067 3341 1108 3394 sq.
1129 3357 1156 3366 -
1175 3330 1272 3380 ration
1283 3331 1334 3382 Co—

244 3404 354 3466 buntur,
373 3404 432 3456 illae
449 3407 518 3455 inter
535 3405 651 3456 crustula
667 3419 690 3456 s.
710 3403 771 3456 dul-
805 3404 854 3467 nis]
871 3399 997 3454 Canicula
1014 3403 1131 3453 exoritur
1146 3404 1255 3468 quidem
1266 3418 1290 3454 a.
1304 3405 1331 3456 d.

245 3482 323 3532 clario
345 3479 540 3531 referebantur.
565 3507 593 3517 —
614 3482 700 3532 Vicere
720 3495 770 3530 na-
806 3479 871 3529 iiiii.
885 3476 940 3528 Kal.
954 3479 1019 3541 Aug.
1035 3477 1083 3540 (ΞΟ.
1097 3476 1140 3528 die
1152 3481 1185 3530 ti.
1196 3477 1272 3542 Iulii),
1284 3479 1333 3530 sed

244 3555 532 3620 aeae-convenienter]
549 3549 771 3622 Δεϊὸμολογου-
806 3554 919 3617 apparet
934 3553 987 3602 vti.
1002 3550 1057 3602 Kal.
1078 3553 1126 3616 (26.
1146 3552 1203 3616 Iul.)
1222 3553 1333 3603 Schnei-

244 3631 338 3695 μένως
362 3627 398 3700 τῇ
424 3627 514 3691 φύσει
538 3631 589 3700 ζῇν
616 3629 770 3695 pervolgata
806 3626 856 3678 der
872 3627 906 3678 ad
924 3624 1026 3677 Colum.
1042 3628 1088 3688 tt,
1106 3628 1137 3688 2,
1156 3627 1196 3676 53.
1227 3625 1270 3676 Sol
1292 3628 1333 3678 in·

245 3706 394 3756 Stoicorum
419 3707 478 3755 erat
501 3704 621 3756 doctrina
647 3705 710 3768 (Cic.
735 3704 769 3754 de
805 3704 859 3752 trat
875 3703 993 3752 Leonem
1008 3701 1048 3751 23.
1063 3700 1106 3750 die
1117 3701 1151 3750 M.
1165 3698 1230 3750 iulii.
1244 3700 1331 3752 Manil.

245 3779 362 3840 onice,
380 3779 408 3842 3,
428 3780 472 3830 ⁴3:
495 3781 707 3842 Ouodrtmmmm
725 3777 770 3830 bo·
805 3779 835 3838 li,
854 3777 918 3826 206:
945 3776 1007 3827 Cum
1026 3788 1086 3824 cero
1106 3775 1134 3823 in
1154 3779 1237 3826 costos
1252 3777 1334 3840 erepit

243 3868 305 3904 num
321 3868 339 3904 c
355 3855 445 3904 Stoicis
466 3854 572 3915 dicitvr,
598 3854 771 3904 communior
805 3853 944 3902 Neneacrc
959 3849 1042 3898 itam
1063 3849 1237 3910 Emeritorquc
1258 3850 1333 3901 conis

244 3935 354 3980 mirae
375 3930 471 3990 υἰυονο,
498 3929 525 3976 id
548 3927 620 3979 lubet
638 3929 716 3988 hanc,
742 3933 771 3978 ut
806 3927 933 3987 intratque
948 3924 1069 3975 Οαηίωὶα
1084 3924 1202 3987 flammas
1216 3925 1250 3974 iit
1265 3924 1333 3976 rabit

244 4004 345 4066 opinior,
364 4003 524 4064 munitm
542 4003 770 4052 crtmoirtutecon-
805 4003 862 4064 iptio
885 3999 1104 4063 amoenumque
1119 3998 1235 4048 incendic
1256 3999 1328 4050 Solis.

243 4091 334 4142 more
343 4091 440 4141 semper
451 4078 523 4140 ceti:
539 4090 634 4127 verum
646 4077 769 4127 Horatius
808 4099 836 4110 -
848 4072 982 4135 momentrq
995 4072 1111 4132 «motus,
1131 4072 1255 4123 circuitus
1268 4087 1331 4124 cae-

243 4151 271 4202 h.
290 4149 308 4203 l.
326 4149 491 4216 populariter
511 4147 640 4213 loquitur,
666 4151 696 4200 ut
712 4151 767 4200 cic.
805 4146 901 4208 lestes,
924 4145 969 4208 qui
986 4158 1019 4194 ec
1036 4145 1156 4208 tempore
1174 4145 1254 4208 flunt,
1276 4160 1330 4212 quc

245 4224 279 4276 de
296 4226 375 4290 Legg.
390 4227 419 4288 i,
437 4225 483 4286 it,
502 4224 546 4274 iiii:
573 4224 622 4274 Sed
644 4228 710 4274 corte
729 4237 770 4274 ree
806 4221 849 4273 Sci
872 4223 914 4271 est
937 4221 964 4268 in
987 4219 1082 4268 Leonis
1103 4219 1178 4284 signo
1199 4223 1280 4284 atque
1304 4220 1330 4272 vi

243 4301 282 4354 ita
299 4313 325 4352 to
348 4300 433 4362 latet,
458 4303 487 4350 at
510 4312 544 4352 ec
567 4303 664 4348 natura
686 4298 769 4350 moero
805 4293 900 4346 caloris
913 4295 997 4343 terras
1008 4295 1110 4358 urget.»
1130 4295 1172 4344 Sic
1183 4293 1331 4346 verneme-
