3192 4974
277 419 339 486 aot
639 425 767 477 uonirn
785 423 1005 477 srrsromnuu

320 583 404 648 Dum
425 593 458 648 tu
482 582 645 650 declamas
668 583 803 660 Romae,
829 582 1003 648 Praeneste
1027 579 1146 668 relegi3

321 705 392 784 Qui,
409 704 488 792 quid
503 705 544 771 sit
555 701 735 792 pulchrum,
753 702 833 792 quid
847 713 950 791 turpe,
968 702 1048 791 quid
1062 701 1149 778 utile,
1166 702 1245 790 quid
1261 723 1334 778 non,

321 825 449 893 Planius
472 847 511 894 ac
532 825 648 893 melius
671 824 854 916 Chrysippo
881 835 914 892 et
935 825 1089 892 Crantore
1113 823 1198 890 dioit.

343 1007 391 1057 EP.
410 1007 441 1056 ii.
477 1005 501 1057 l.
519 1006 624 1057 Plenior
634 1016 798 1070 superser.e
814 1017 843 1066 c,
861 1004 959 1054 Plenius
969 1002 1026 1068 Edp
1038 1005 1066 1054 ot
1076 1005 1192 1054 Pottierll
1204 1002 1334 1069 plerique,

312 1080 375 1130 item
393 1081 475 1131 tcto.
507 1081 547 1144 (iit
568 1093 630 1143 nos,
653 1079 702 1139 bs,
720 1077 831 1129 Bentleii
851 1079 975 1128 «dimidia
992 1079 1048 1129 iere
1065 1091 1129 1143 pars
1147 1078 1291 1130 Codicum·
1310 1081 1338 1130 el

310 1155 428 1205 Pottierii
445 1156 589 1218 quattuor.)
610 1181 638 1192 -
657 1155 772 1218 Crispino
789 1165 925 1218 superscr.
945 1153 1059 1216 crispae
1077 1153 1132 1216 (eici
1150 1153 1176 1204 S.

277 1304 349 1369 apud
375 1305 448 1354 Grut.
469 1304 532 1366 638,
559 1304 584 1354 t.
613 1331 641 1341 -
668 1303 801 1368 ανσὶανιαε]
841 1303 922 1353 etiam
947 1315 963 1352 a
988 1303 1114 1354 Panaetio
1138 1303 1174 1353 ita
1197 1301 1368 1354 dividebatur

278 1377 470 1430 «declamando
503 1379 538 1429 de
572 1379 642 1429 fletis
678 1380 803 1430 thematis
840 1375 997 1428 deliberatio
1015 1377 1049 1428 de
1072 1377 1174 1428 olilcio:
1204 1379 1370 1428 Honesticorre

278 1453 401 1517 [quorum
424 1452 568 1517 benignam
590 1454 696 1518 copiam
722 1453 805 1505 habet
838 1451 910 1514 factu
926 1451 958 1501 rit
973 1465 1008 1502 aa
1025 1457 1098 1513 torpe
1109 1451 1223 1502 emicem
1239 1453 1281 1513 tc,
1300 1453 1369 1514 quod

277 1528 378 1578 Seneca
403 1530 430 1578 et
459 1527 632 1589 Quintilianus
658 1529 684 1579 in
710 1526 803 1592 Decii.)
838 1526 866 1576 in
883 1527 1085 1578 deliberationem
1100 1526 1177 1576 cedit.
1190 1552 1228 1564 --
1241 1527 1302 1576 Tace
1318 1541 1369 1576 ao-

276 1602 346 1654 duca
358 1603 466 1654 rhetore
479 1601 581 1669 aliquo,
594 1604 742 1655 domestico
753 1615 804 1668 po-
839 1607 889 1652 tem
913 1607 958 1652 cet
982 1603 1123 1664 mrquiramt
1146 1606 1193 1651 cut
1211 1601 1367 1663 coemam,

277 1677 423 1741 tiusquam
439 1676 563 1742 publico,
583 1680 749 1730 teexercere
762 1691 805 1729 so·
839 1679 874 1728 od
899 1678 967 1728 vitae
995 1677 1196 1727 cornmodttotem
1223 1677 1369 1727 iucundo-

277 1754 342 1803 les.»
368 1753 623 1817 StcCic.Brut.90‚
642 1755 703 1805 aio:
729 1754 804 1805 Coct-
839 1757 947 1814 uroque,
974 1754 1009 1803 od
1025 1751 1158 1816 sumitates
1181 1763 1269 1801 renem
1291 1755 1368 1814 atque

276 1827 408 1878 mactator
425 1829 589 1879 declomttcos
605 1829 651 1894 (sic
662 1829 805 1880 monnone
839 1827 942 1891 copies,
976 1828 1011 1878 cd
1043 1839 1117 1890 opes,
1152 1827 1187 1877 cd
1210 1827 1367 1890 potetatem,

276 1903 423 1968 toquentur)
445 1917 520 1966 serpe
538 1917 596 1954 crem
617 1905 653 1956 ii.
673 1905 759 1955 Perire
782 1910 805 1955 et
839 1903 928 1967 quibus
947 1907 970 1953 et
989 1915 1014 1953 re
1030 1902 1127 1966 possiet
1148 1903 1240 1952 terrere
1255 1907 1279 1952 et
1295 1913 1367 1964 ecoe,

276 1978 804 2042 memoranpetoeuraanaiqeoque
838 1979 962 2028 conducet
985 1978 1012 2028 td
1036 1990 1126 2039 came,
1155 1978 1257 2039 dequo
1277 1975 1369 2027 deiide-

277 2053 344 2104 tidie.
375 2053 428 2105 Cir.
442 2054 600 2105 succende
617 2056 693 2106 ithai.
708 2056 732 2106 t.
759 2057 805 2105 Se-
838 2052 1077 2102 rena--i'errtum
1088 2051 1218 2102 dubitandi
1231 2063 1310 2116 peace
1320 2056 1365 2112 est,

277 2139 345 2178 neca
371 2129 496 2179 Controv.
515 2129 600 2179 Praei.
623 2143 649 2192 p.
669 2129 709 2180 63.
729 2131 802 2194 Hip:
838 2141 896 2177 cum
917 2140 1035 2192 poqnure
1057 2129 1157 2177 otdeietr
1181 2141 1239 2176 mem
1265 2127 1366 2177 coemto

276 2201 428 2252 Declamare
450 2207 486 2252 est
508 2203 655 2253 donresttcee
676 2206 805 2254 exacue-
839 2203 880 2262 td,
898 2203 1079 2264 quaeritatur
1095 2215 1146 2252 esce
1160 2203 1229 2252 utile.
1260 2203 1315 2252 Cio.
1329 2201 1363 2252 da

278 2275 360 2326 tiocia.
400 2277 554 2327 ludicrorum
586 2279 723 2341 tmcptnem
755 2279 804 2330 iras
841 2276 960 2338 Oldei,
978 2276 1008 2337 3,
1027 2277 1051 2326 9.
1082 2277 1206 2328 Horatius
1224 2277 1302 2340 igitur
1313 2276 1368 2326 duo

278 2351 481 2401 exercitationes
497 2355 577 2402 vocat
594 2350 699 2412 Quintil.
713 2354 742 2414 2,
761 2354 802 2413 40,
841 2351 929 2416 priora
953 2352 1038 2416 capita
1064 2351 1203 2403 doctrinae
1227 2352 1291 2423 crept
1315 2347 1368 2402 τοῦ

278 2425 329 2486 iz,
349 2425 410 2489 quia
429 2425 507 2476 fictae
523 2439 619 2477 causae
637 2429 745 2478 tractari
762 2441 804 2479 so-
842 2422 1026 2492 καθήκοντος
1042 2429 1185 2478 memorat.

277 2497 377 2549 lebant.
397 2499 674 2562 CinetiamPersd,
692 2501 725 2553 44
743 2514 803 2565 sqq.
874 2501 898 2553 l.
926 2500 1044 2566 Plenius]
1070 2500 1139 2551 Κατ’
1157 2502 1304 2572 εἰρωνείαν
1326 2501 1369 2552 liic
1405 2551 1414 2561 ,

278 2576 306 2624 et
321 2572 437 2624 iuvenal.
451 2575 481 2636 7,
497 2575 543 2626 tto
555 2587 615 2639 sqq.
646 2577 702 2628 Hoc
713 2579 804 2628 autem
842 2589 950 2639 quoque
960 2577 1109 2627 Stoicorum
1122 2575 1218 2628 tastum
1231 2577 1366 2643 deprimit.

277 2647 395 2699 studium
412 2648 447 2700 ab
465 2650 572 2700 Horatio
590 2651 660 2701 leole
678 2651 721 2702 liic
733 2653 805 2702 vitu·
841 2651 995 2701 Lectionem
1019 2647 1123 2713 plonius
1147 2654 1255 2715 praeter
1280 2651 1364 2702 codd.

277 2723 365 2787 parari
396 2725 530 2774 immerito
558 2723 677 2776 nonnulli
705 2727 805 2791 opinati
841 2727 947 2776 nostros
957 2726 1156 2789 antiquissimos
1165 2726 1368 2778 firmantamon

277 2799 351 2858 sunt;
379 2811 430 2850 nec
453 2811 518 2849 vcro
541 2801 568 2850 in
593 2803 689 2865 poetae
714 2801 804 2853 verbis
842 2800 1002 2863 «apertius»,
1021 2803 1048 2850 et
1070 2801 1218 2866 Porphyrio
1238 2802 1367 2853 «manlie-

278 2873 362 2933 inest,
389 2874 462 2938 quod
486 2875 575 2926 visum
601 2879 642 2926 est
665 2876 802 2928 iacobsio:
841 2875 927 2926 silus·
957 2872 1132 2939 explicantem
1164 2877 1263 2940 plenius
1295 2880 1369 2929 esset

278 2947 526 3012 «Dixerimpotius‚
545 2950 684 3000 Horatium
696 2952 804 3002 Homeri
842 2949 1156 3015 ‹uberius‚copiosius.»
1186 2953 1260 3004 Hanc
1277 2950 1367 3003 lectio-

278 3019 445 3086 aliorumque
455 3025 597 3088 poetarum
610 3027 804 3089 praestantium
840 3037 904 3074 nem
921 3023 1069 3076 detendunt
1086 3026 1216 3091 imprimis
1233 3027 1368 3078 Burman-

278 3094 396 3146 studium
424 3109 488 3149 cum
515 3097 682 3163 eloquentiae
716 3100 804 3151 studio
841 3109 891 3149 uus
908 3099 942 3150 ad
959 3099 1066 3150 Patron.
1080 3102 1104 3151 d.
1119 3103 1147 3151 et
1156 3100 1297 3152 Obbarius.
1311 3103 1366 3153 Cio.

278 3171 494 3235 coniungeudum
522 3186 583 3225 esse
614 3174 745 3226 docere.»
775 3203 803 3212 -
840 3170 949 3235 Phila,
969 3174 996 3235 4,
1014 3174 1043 3224 t:
1075 3175 1140 3236 (tctd
1164 3176 1230 3226 esim
1252 3175 1366 3239 panim,

277 3245 415 3308 amsa]
433 3246 492 3297 Vid.
509 3247 557 3298 0d.
575 3247 606 3310 3,
631 3247 659 3310 4,
678 3249 725 3299 22:
754 3249 805 3312 (ti-
841 3247 902 3308 quid
916 3247 1018 3298 meter
1036 3261 1113 3310 qoam
1135 3250 1196 3300 otili
1217 3255 1241 3301 et
1261 3263 1311 3313 pro
1328 3263 1369 3302 ote

278 3319 366 3384 pidum
384 3321 523 3372 Praeneste.
558 3320 626 3372 Flor.
646 3324 674 3384 4,
699 3323 745 3382 44,
769 3323 802 3372 i:
841 3327 864 3372 et
879 3321 1116 3374 contrementem
1127 3324 1225 3374 dice-e?
1248 3323 1369 3388 sadote-

278 3395 388 3445 eeettoee
402 3395 532 3445 Praeneste
549 3396 659 3446 delicta
689 3399 805 3448 Nouau·
839 3397 898 3446 etes
913 3395 1175 3460 praeterendumest
1191 3401 1368 3464 propterepi-

278 3472 334 3519 tem
351 3467 388 3518 ibi
402 3466 492 3520 villam
509 3469 628 3521 habebat
641 3473 735 3536 poeta,
755 3471 804 3522 sed
841 3483 937 3522 nosum
959 3473 1040 3537 etque
1057 3472 1213 3525 abstmsum
1231 3473 1367 3527 scribendi
1383 3469 1385 3474 '

278 3543 350 3608 apud
367 3545 484 3595 amicum
501 3542 618 3610 aliquem
635 3545 752 3610 degebat
762 3544 804 3596 vel
841 3559 925 3610 genus
951 3547 1046 3599 Stoicis
1071 3547 1274 3613 complacitum,
1305 3563 1367 3601 cum

278 3618 390 3669 domum
414 3617 587 3670 conduxerat.
615 3647 642 3656 —
666 3622 715 3684 Qut
740 3620 803 3685 cet]
841 3621 1213 3686 condemnassem,
1231 3627 1366 3690 utpotte,

278 3693 334 3744 Hoc
360 3693 468 3744 Homeri
493 3693 609 3758 elogium
634 3695 660 3746 in
684 3697 805 3746 mentem
841 3697 887 3760 qui
895 3695 1024 3760 exemplis
1034 3699 1177 3763 propositis
1189 3696 1273 3751 multo
1284 3701 1369 3752 maio-

278 3767 355 3819 nobie
366 3771 477 3820 revocat
492 3771 550 3820 eius
559 3763 750 3831 Ἀκοθέωσιν,
763 3783 806 3821 sa·
840 3783 870 3821 re
882 3768 1014 3842 ἐναργείᾳ
1025 3772 1106 3824 docet
1118 3787 1200 3839 quam
1211 3775 1299 3838 quiris
1310 3775 1368 3840 plri-

278 3843 311 3894 tis
328 3843 494 3907 ingeniosum
521 3844 642 3897 Archelai
667 3858 750 3910 opus,
778 3846 804 3896 in
840 3843 981 3910 losophus‚
1015 3849 1076 3912 qui,
1108 3861 1171 3900 cum
1200 3849 1311 3900 Ethicen
1334 3861 1367 3900 ex

278 3931 331 3980 quo
356 3918 519 3986 oinoopcvq
545 3933 608 3972 eum
636 3921 747 3972 coronat
778 3922 807 3971 et
840 3919 962 3986 professo
980 3923 1089 3985 tractat,
1107 3923 1208 3986 plmtrer
1222 3925 1366 3990 praecepta

278 3988 394 4062 Χρόνος
411 3995 469 4046 eius
492 3997 634 4046 conservat
651 3993 803 4058 volumina,
843 3995 930 4046 tradit.
964 3997 993 4046 in
1024 3995 1095 4049 nullo
1120 3999 1211 4049 eutem
1236 3999 1367 4064 scriptore

279 4077 397 4131 eumque
422 4069 536 4120 adorant
561 4065 664 4132 Φύσις,
690 4063 804 4139 Ἀρετή,
842 4071 971 4122 maiorem
984 4083 1045 4124 esse
1053 4073 1109 4124 vim
1120 4071 1268 4145 ἐναργείας
1279 4075 1307 4126 et
1316 4088 1368 4124 ea»

279 4140 389 4204 Πίσης,
403 4143 509 4205 Σοφία.
521 4145 739 4209 inghiramiGell.
749 4147 803 4196 Om.
841 4147 964 4212 φηνείας
980 4159 1062 4212 quam
1079 4149 1106 4198 in
1124 4149 1251 4211 Homero,
1269 4159 1366 4199 omnes

280 4217 299 4266 i.
317 4217 346 4267 T.
364 4220 389 4268 t.
410 4245 437 4256 -
453 4221 594 4286 mirrea]
617 4222 673 4272 iem
691 4219 725 4272 ab
743 4222 804 4272 Ari-
842 4235 895 4274 uno
920 4236 967 4274 ore
992 4223 1133 4276 aldrmant.
1163 4227 1276 4278 Proreus
1300 4237 1366 4277 vero

279 4291 374 4344 stotele
386 4293 478 4358 (Ettric.
491 4296 593 4348 Hicom.
606 4297 636 4359 ²,
650 4296 696 4359 4.),
706 4296 804 4349 deinde
841 4297 964 4352 diversus
981 4299 1029 4351 luit
1046 4299 1224 4366 chrysippus,
1243 4300 1367 4365 saepissi-
