3156 4972
269 399 330 464 336
649 402 777 452 nonani
795 402 975 485 earrnnnuu

311 558 380 622 Non
403 555 492 622 dices
516 555 628 632 hodie,
652 577 808 644 quorsum
831 556 912 624 haec
934 568 997 624 tam
1020 557 1130 644 putida
1153 558 1299 632 tendant.

310 677 474 745 Furcifer?
497 677 543 743 Ad
559 687 604 752 te,
623 679 762 766 inquam.
785 681 857 760 Quo
873 689 981 766 pacto,
1000 681 1163 767 pessime?
1186 681 1313 748 Laudas

312 803 483 866 Fortunam
507 809 539 864 et
562 819 669 866 mores
692 801 844 888 antiquae
866 800 985 888 plebia
1009 812 1041 868 et
1064 801 1164 876 idem,

313 922 345 987 Si
362 894 443 1008 'quis
465 919 506 986 ad
529 919 581 987 iila
603 920 686 987 deus
708 922 814 989 subito
836 933 867 990 te
890 933 981 1010 agat,
1005 944 1110 1012 usque
1138 943 1283 1000 recuses,

313 1045 373 1108 Aut
395 1043 472 1130 quia
494 1062 558 1106 non
581 1043 694 1118 sentis,
718 1042 808 1131 quod
830 1043 966 1120 clamas,
993 1045 1112 1111 rectius
1135 1066 1226 1120 esse,
1314 1046 1355 1110 25

311 1166 372 1230 Aut
393 1166 470 1252 quia
492 1187 555 1232 non
578 1165 690 1232 firmus
714 1175 837 1231 rectum
859 1164 1005 1232 defendis
1028 1176 1060 1232 et
1082 1165 1214 1242 haema,

312 1287 514 1374 Nequiquam
535 1306 638 1353 coeno
661 1287 795 1373 cupiens
819 1285 959 1352 evellere
981 1286 1130 1373 plantam.

311 1410 431 1474 Romae
453 1429 509 1473 rus
532 1419 640 1494 optaS,
665 1406 834 1474 absentem
856 1409 996 1475 rusticus
1019 1409 1133 1475 urbem

334 1654 375 1702 at.
394 1653 451 1702 Non
467 1653 545 1714 dices,
563 1653 633 1701 hodie
650 1665 769 1714 quorsum
786 1653 904 1703 distinxit
920 1653 1044 1717 Doering.
1061 1681 1087 1690 -
1107 1655 1147 1704 27.
1167 1655 1325 1717 Nequiquam

303 1729 345 1788 Et
365 1729 503 1792 (scriptura
522 1726 634 1792 probata
650 1728 784 1790 Wagnero
805 1727 830 1776 in
849 1725 962 1790 Vergilio
979 1729 1013 1778 ad
1033 1729 1170 1792 pristinam
1184 1731 1324 1793 orthogra-

304 1803 394 1867 phiam
419 1805 545 1853 revocato
570 1815 596 1865 p.
618 1801 666 1852 469
688 1815 729 1865 sq.
749 1804 776 1852 et
795 1801 966 1852 Lachmanno
986 1801 1020 1852 ad
1044 1803 1148 1854 Lucret.
1168 1805 1197 1864 6,
1223 1805 1323 1866 4448.);

302 1879 475 1941 Nequicquum
492 1878 568 1938 LCN,
587 1877 763 1939 Nequidquam
779 1877 820 1926 FJ.
843 1904 869 1912 -
888 1877 994 1928 mettere
1010 1889 1144 1942 superscr.
1161 1893 1175 1930 e
1192 1880 1216 1928 S.

269 2106 310 2156 444.
334 2119 360 2169 ρ.
381 2105 421 2155 98,
454 2106 580 2168 (Languet
597 2103 679 2156 altera
700 2105 794 2156 distm-
832 2105 881 2154 25:
907 2103 938 2152 464
960 2103 1077 2166 uminum
1098 2104 1211 2154 animum
1233 2104 1260 2152 in
1282 2105 1358 2169 prout

269 2180 336 2229 ctio:
363 2179 434 2230 hodie
451 2191 570 2240 quereiam
587 2179 649 2241 cet.)
671 2207 697 2215 -
716 2193 795 2241 quor-
832 2177 1002 2240 deretinquere
1018 2191 1102 2228 coeno.

268 2266 324 2302 eum
347 2253 433 2302 tuac-
448 2279 463 2288 -
479 2253 612 2315 tmduiit‘i]
642 2252 795 2313 eQuamdiu
864 2251 952 2302 28-35.
972 2251 1356 2317 uommmopuqcmtsat.

270 2341 328 2388 me,
347 2326 448 2388 noetus,
467 2329 522 2378 tam
540 2329 630 2391 inepto
645 2325 795 2398 (φορτικῷ)
831 2327 859 2386 2,
879 2326 907 2388 6,
927 2326 972 2376 60:
992 2327 1012 2376 Ο
1028 2340 1081 2388 rue,
1100 2329 1201 2388 quando
1218 2341 1263 2391 eqo
1280 2333 1303 2378 te
1314 2329 1358 2378 ud·

270 2413 395 2452 sermone
417 2400 563 2462 obtundas,
592 2401 663 2452 haud
689 2401 793 2462 dicens,
830 2399 955 2462 spiciam?
981 2401 1133 2466 Epp.t‚8,
1153 2402 1197 2454 ta:
1217 2403 1359 2452 Nantuati-

270 2476 334 2539 quid
351 2475 398 2525 tibi
420 2473 524 2525 velis‘ie
546 2503 573 2512 -
592 2476 716 2540 Furcifer]
741 2478 795 2527 Do·
832 2477 879 2525 bur
891 2489 973 2525 umero
989 2481 1118 2537 vettones,
1139 2475 1227 2526 Tibure
1243 2478 1355 2527 Romam.

270 2554 347 2600 nutus
364 2549 398 2600 ad
415 2550 520 2600 Terent.
541 2550 622 2601 Andr.
642 2550 671 2612 3,
694 2553 722 2612 5,
748 2552 793 2601 ta:
834 2577 861 2586 -
875 2549 1007 2612 absentum]
1029 2563 1059 2599 aa
1072 2553 1098 2600 te
1110 2549 1256 2600 relictam.»
1272 2577 1301 2587 -
1318 2564 1357 2601 ee-

271 2625 410 2688 «Furcisem'
426 2623 598 2686 dicebantur,
621 2626 667 2688 qui
684 2625 719 2676 ob
736 2625 794 2676 leve
831 2637 921 2674 eurum
932 2624 995 2686 otus]
1008 2623 1164 2675 «coenulam
1177 2624 1211 2674 ab
1223 2626 1297 2675 omni
1307 2623 1358 2676 soi·

271 2695 399 2748 delictum
434 2698 598 2762 cogebantur
631 2713 647 2749 a
680 2700 795 2751 dominis
831 2698 965 2750 licitudine
979 2698 1117 2750 liberamur
1151 2700 1189 2749 De
1202 2698 1274 2749 olere
1287 2699 1355 2750 coni.

270 2773 428 2836 ignominiae
457 2775 541 2837 magia
567 2787 648 2838 quam
674 2773 795 2840 supplicii
832 2773 926 2834 Sati,
947 2774 974 2834 4,
994 2771 1033 2823 74.
1053 2773 1081 2834 2,
1101 2775 1129 2834 2,
1150 2773 1206 2822 447.
1224 2773 1296 2835 6,6,
1315 2773 1354 2824 64.

270 2861 351 2900 causa
374 2849 444 2898 circa
468 2849 569 2899 vicinos
591 2849 694 2900 turcam
713 2850 750 2914 (V)
769 2851 795 2900 in
835 2877 860 2884 —
880 2847 995 2911 utquam]
1021 2861 1083 2898 cum
1102 2847 1192 2898 verbis
1210 2849 1300 2898 motus
1317 2851 1357 2898 cst

270 2920 339 2974 collo
356 2923 427 2974 terre
444 2923 582 2987 subligatis
594 2925 629 2974 ad
640 2939 702 2976 eam
713 2927 796 2976 mani-
831 2922 1063 2986 irqendeuoittn;
1087 2935 1178 2983 mque,
1198 2935 1356 2986 asemper,-

270 2999 333 3060 bus,
353 3002 379 3049 et
391 2999 548 3064 praedicare
561 3003 702 3064 peccatum
715 3013 794 3052 suum
831 2997 874 3047 hic
901 2995 991 3048 locum
1017 3009 1069 3046 non
1095 2995 1185 3046 habet.
1207 3021 1234 3032 -
1260 2997 1358 3046 Vinctus

269 3071 402 3136 simulque
420 3087 593 3125 summonere
611 3078 731 3137 ceteros,
760 3088 794 3125 ne
831 3070 881 3135 uu]
900 3071 992 3134 «quasi
1004 3069 1114 3121 vinculis
1126 3073 1251 3122 oneratus
1262 3071 1289 3120 in
1301 3083 1358 3122 car-

269 3147 334 3212 quid
360 3147 444 3198 simile
470 3149 637 3200 admittant.»
666 3179 693 3188 -
721 3149 794 3214 aqut]
831 3159 922 3197 cerem
945 3149 1097 3210 pertractus
1120 3146 1355 3208 cneocaesarea,

271 3222 374 3286 :adigat
398 3222 433 3273 ad
457 3225 573 3287 priscam
595 3227 727 3276 maiorum
744 3238 796 3276 no·
832 3233 894 3270 cum
912 3223 1005 3270 contra
1023 3219 1356 3272 libentissimcomnesin·

269 3299 386 3348 atrorum
402 3299 485 3348 vitam
502 3299 695 3363 sequendam.»
717 3301 795 3349 Simi—
831 3296 971 3346 vitationes
1001 3296 1149 3359 accipias.»
1193 3293 1303 3346 Nuntiat.
1327 3295 1356 3356 2,

269 3369 301 3422 lie
318 3373 508 3423 estsententia
525 3375 623 3434 Satt,
643 3375 671 3434 4,
691 3375 793 3437 tttsqq.
832 3371 880 3430 69,
906 3371 937 3419 t:
972 3371 1080 3419 Invitum
1103 3383 1209 3420 euenere
1234 3371 1298 3434 soris
1319 3375 1355 3430 tc,

272 3473 298 3482 -
318 3445 379 3508 quta
399 3461 450 3496 uon
473 3447 555 3511 centu]
579 3448 660 3507 «Quia
684 3461 736 3498 non
763 3461 795 3498 ex
832 3443 951 3506 Claeeicc,
986 3445 1062 3494 dicis:
1097 3445 1125 3494 Si
1153 3457 1204 3494 nou
1229 3445 1356 3505 mentiris,

270 3519 351 3570 animi
375 3521 411 3570 tui
434 3521 565 3572 sententia
587 3521 676 3572 credis
697 3524 795 3573 rectius
832 3519 951 3581 cumae,
980 3520 1127 3582 dispeream.
1163 3545 1188 3556 -
1223 3518 1357 3583 amesque]

270 3607 331 3644 csse
349 3592 412 3644 illud
430 3595 499 3646 vitae
517 3609 615 3659 genus,
634 3597 707 3661 quod
724 3600 795 3646 tam-
832 3595 861 3644 ut
877 3595 930 3643 Sat.
952 3595 980 3654 4,
999 3595 1031 3654 2,
1053 3593 1094 3644 64.
1115 3595 1221 3644 «tecum
1247 3595 1359 3644 conten-

271 3682 352 3733 quam
369 3668 533 3720 declamator
550 3669 602 3720 alta
619 3684 686 3722 voco
709 3670 796 3722 dilau-
832 3670 874 3718 tus
892 3680 921 3718 es
947 3667 1028 3730 idque
1054 3668 1221 3732 praedicas.»
1251 3669 1305 3718 Cic.
1324 3665 1358 3718 ad

270 3743 343 3794 daem
365 3745 599 3809 -defendieJnon
621 3747 675 3795 tom
697 3745 795 3795 adver·
831 3740 925 3803 atat,
946 3742 989 3801 46,
1010 3743 1357 3793 tt÷tueomeuatdeamm
1410 3769 1412 3774 ·

269 3816 405 3880 suscites,
419 3832 500 3883 quam
514 3819 652 3884 «provirtti
666 3823 794 3883 tuaparte
833 3843 860 3852 -
888 3816 1156 3880 cuum-couvivmn]
1187 3817 1289 3868 Fesu've
1317 3813 1359 3866 lu-

270 3893 296 3943 in
322 3895 404 3943 temet
430 3895 487 3958 ipso
513 3907 605 3944 servas
631 3897 658 3944 et
683 3893 794 3944 tuens.-
831 3893 869 3943 dit
887 3892 1047 3942 interhuec:
1077 3893 1099 3955 4)
1119 3891 1180 3942 «uhi
1201 3905 1262 3943 sero
1286 3893 1359 3943 ttae·

271 3991 299 4002 -
319 3972 342 4015 ct
358 3967 453 4033 tuum]
472 3968 577 4018 Terent.
595 3967 702 4018 Phorm.
716 3969 745 4030 e,
764 3969 793 4030 2,
831 3967 917 4017 cenati
935 3965 1038 4016 venerit
1055 3968 1080 4016 iu
1099 3969 1232 4030 mentem,
1252 3968 1278 4017 te
1290 3979 1359 4030 quo-

271 4040 314 4090 tt:
333 4041 359 4089 in
376 4043 460 4092 eodan
476 4043 527 4092 tuto
544 4041 665 4103 haesitae,
690 4043 730 4092 uin
749 4055 795 4092 ea·
832 4055 884 4105 que
897 4041 1063 4092 invitandum
1075 4055 1168 4100 essem
1187 4041 1211 4104 2)
1225 4040 1287 4090 «ubi
1298 4041 1359 4105 post

270 4114 333 4166 dem
351 4115 537 4177 difficultatem
560 4117 586 4167 h.
604 4115 621 4167 l.
643 4117 795 4168 «intricatus
832 4115 929 4168 multas
947 4113 999 4167 diei
1017 4116 1183 4180 negotiorum
1207 4114 1276 4180 pieni
1300 4127 1359 4165 mo-

271 4203 395 4241 rcmancs
421 4193 446 4242 in
472 4193 560 4256 priore
585 4193 741 4257 pravitate.»
766 4219 792 4228 -
832 4190 921 4242 {estias
945 4191 1057 4242 dilectus
1081 4193 1142 4241 tuus
1166 4191 1307 4241 Maecenas
1333 4193 1358 4238 to

270 4265 352 4329 coeno]
376 4265 495 4329 Figurate
517 4267 597 4318 etiam
619 4265 736 4318 Catullus
755 4267 794 4326 47,
832 4279 900 4330 opue
923 4265 1059 4328 habuerit,
1087 4277 1141 4328 quo
1160 4264 1280 4316 adiutore
1303 4261 1358 4314 ilias
