3156 4972
576 449 636 501 Lm.
657 449 688 500 it.
723 448 791 500 sni.
811 449 876 500 viti.

235 611 315 676 Nam
337 607 413 674 mihi
435 609 604 696 quaerenti
631 609 800 674 convivam
821 607 926 672 dictus
949 605 1027 673 here
1050 603 1113 673 illic

235 733 282 797 De
305 730 413 797 medio
435 739 549 817 potare
571 728 634 794 die.
680 729 749 804 Sic,
773 738 809 794 ut
829 727 906 796 mihi
931 749 1096 816 nunquam

235 855 270 918 ln
293 852 357 919 vita
378 851 474 918 inerit
495 849 619 917 melius.
664 851 725 926 Da,
750 850 777 915 si
800 869 899 937 grava
922 870 986 915 nou
1009 860 1072 926 est,

256 1035 281 1084 4.
295 1033 424 1096 quaerenti
435 1033 566 1082 convivam
580 1030 686 1093 bSEcp,
699 1029 783 1079 LCtF:
802 1030 934 1078 convivam
945 1029 1075 1088 quaerenti
1086 1043 1101 1079 e
1113 1029 1248 1080 Priscianc

226 1108 274 1169 (46,
293 1107 319 1167 3,
338 1106 389 1168 44.)
407 1103 541 1156 Bentleius
559 1107 586 1154 44
602 1105 636 1156 44.
657 1129 684 1140 -
708 1103 762 1152 leri
778 1115 912 1167 superscr.
930 1103 989 1154 iere
1004 1104 1030 1153 S.
1051 1104 1176 1167 (Firmani
1192 1106 1249 1155 iere

224 1182 374 1232 Priscianus
390 1178 407 1231 l.
429 1179 446 1230 l.
470 1183 497 1231 44
515 1179 590 1241 444344
611 1203 638 1215 -
658 1179 682 1228 3.
702 1178 742 1228 dic
757 1191 790 1228 ea.
818 1177 860 1227 Sic
876 1179 1010 1242 Doeringii
1027 1179 1153 1244 suspicio.
1175 1205 1203 1216 —
1221 1179 1245 1230 4.

224 1257 312 1306 incline
326 1257 404 1320 [04444
420 1257 445 1305 S.
467 1283 494 1292 -
513 1254 563 1319 lla]
582 1255 622 1304 dio
637 1253 739 1318 hSEcp‚
759 1254 785 1302 44
802 1251 945 1305 Bentleius.

223 1415 247 1463 4.
277 1415 306 1464 lit
323 1415 385 1478 cet]
413 1415 460 1464 ilic
483 1426 548 1464 usus
569 1411 716 1477 particulae
753 1425 836 1476 quern
852 1415 994 1477 propterea
1018 1411 1103 1474 444440,
1133 1416 1162 1463 ut
1187 1415 1281 1478 opina-

189 1495 219 1540 nt
235 1491 261 1539 iu
279 1490 484 1552 interrogatione
497 1488 600 1538 directa
610 1487 717 1538 videtur
753 1487 845 1546 batur,
864 1488 985 1538 convivio
998 1489 1111 1552 excepit.
1143 1487 1217 1539 Alius
1228 1490 1281 1538 No-

190 1566 323 1617 sermanis
335 1564 481 1628 quotidiani
492 1564 626 1629 proprius.
648 1563 714 1627 Epp.
752 1563 861 1612 sidienua
877 1565 1043 1612 memoratur
1060 1563 1169 1614 44444444.
1183 1564 1213 1625 4,
1230 1563 1279 1624 444,

191 1643 221 1700 4,
240 1639 270 1700 3,
290 1640 338 1690 ts:
360 1640 390 1688 Ut
404 1639 490 1690 valet?
506 1644 534 1689 nt
549 1639 662 1688 meninit
672 1651 717 1687 no·
753 1637 789 1695 8,
808 1637 902 1687 tertius
920 1637 946 1686 in
956 1638 1077 1701 inscript.
1090 1638 1163 1702 apud
1175 1639 1278 1701 Hagen-

189 1713 487 1774 calalaunensi,
506 1715 536 1774 4,
554 1714 584 1764 8:
607 1713 716 1763 044444-
752 1710 834 1760 buch.
858 1711 924 1776 Epp.
948 1712 1035 1776 Epigr.
1056 1714 1118 1764 4444.
1136 1714 1210 1763 4746,
1229 1714 1277 1774 44,

189 1787 254 1837 tar?
278 1787 384 1838 Terent.
407 1789 501 1838 Heaut.
519 1789 548 1849 4,
567 1787 598 1848 3,
616 1787 662 1836 464
689 1791 717 1836 nt
753 1785 782 1834 6:
807 1785 835 1834 L.
857 1786 1014 1837 Nasrnrsnus
1038 1786 1134 1837 Anarrr
1160 1789 1278 1851 4444444444

189 1861 275 1912 vous?
288 1890 315 1899 -
328 1862 466 1926 Nasidieni]
486 1863 628 1913 Pronuntia
641 1864 717 1925 quet-
755 1859 855 1909 Tarsrn.
879 1861 942 1910 444,
966 1872 1035 1911 44444.
1057 1862 1124 1912 Gna.
1154 1887 1181 1899 -
1205 1862 1279 1928 44444]

189 1943 250 1989 trior
266 1936 376 2001 syllabis
393 1939 469 2002 quasi
487 1939 625 2000 Nasidieni.
660 1937 714 1988 Cir.
754 1933 883 1995 «(1444ῒί84,
901 1937 931 1984 ut
947 1936 1039 1996 0443,
1058 1937 1086 1998 7,
1105 1937 1130 1986 3·
1164 1934 1280 1988 96041-

189 2026 215 2062 v.
229 2013 270 2063 76.
284 2015 312 2063 44
323 2012 364 2064 84.
394 2013 485 2074 0443,
503 2012 535 2074 4,
554 2013 595 2064 44.
618 2014 671 2062 Sat.
687 2013 714 2073 4,
752 2010 818 2060 visio
846 2009 955 2059 44044444
982 2010 1116 2061 Nasidieni
1143 2024 1276 2075 perquam

189 2088 219 2148 ’4,
238 2087 279 2137 30.
314 2087 385 2150 Virg.
406 2091 473 2137 Aen.
495 2088 523 2148 6,
548 2086 593 2137 334
621 2088 715 2148 44444440.
753 2083 844 2144 simili,
863 2087 965 2135 Seneca
983 2085 1064 2150 Epist.
1078 2086 1124 2136 27:
1142 2087 1281 2149 Nunquam

189 2162 218 2222 4,
237 2161 299 2212 4344
324 2162 466 2224 precantia.
496 2163 587 2212 iuven.
610 2161 640 2222 6,
667 2161 714 2210 844
752 2161 804 2209 vidi
820 2160 943 2210 nominent
960 2160 1058 2210 4444444
1074 2161 1234 2211 indecentiae.

189 2236 294 2298 tndjm.
319 2234 477 2297 4144444464,
496 2237 541 2286 57:
569 2235 714 2298 40404444,
785 2235 837 2284 4-6.
857 2235 1135 2300 pacnmttconcivom]
1149 2237 1280 2285 44444444

189 2309 223 2360 de
241 2323 295 2374 quo
311 2311 363 2362 vid.
377 2313 495 2374 Wagner
512 2310 547 2360 ad
565 2311 634 2374 Virg.
649 2312 714 2360 Aen.
753 2308 814 2359 diue
823 2307 906 2360 libros
913 2310 990 2376 sequi
999 2310 1080 2358 tutius
1087 2312 1129 2360 est
1137 2323 1217 2373 quam
1226 2310 1279 2359 Pri-

188 2385 219 2446 4,
238 2385 279 2434 43.
310 2386 378 2436 Feae
394 2384 488 2447 444440,
508 2385 558 2436 etsi
575 2385 716 2450 probatae
753 2385 874 2436 sciauum
883 2385 1048 2446 memoriter,
1056 2386 1086 2434 ut
1093 2385 1208 2445 videtur,
1218 2398 1279 2450 pro-

189 2459 280 2509 44444444
298 2460 340 2522 (444
363 2459 488 2523 quidem:
517 2461 566 2522 (4444
587 2459 717 2510 Nasidieni
752 2461 812 2523 pter
824 2458 936 2509 formam
947 2458 1085 2522 lcrsapud
1097 2458 1217 2509 Plautum
1229 2458 1280 2509 irc·

189 2533 250 2596 444.)
269 2533 502 2597 interpolatoribus
514 2533 643 2594 debetur,
662 2535 716 2584 Pri·
753 2537 881 2599 quantem
897 2535 969 2584 huuc
981 2547 1006 2584 v.
1019 2533 1182 2584 laudantem.
1196 2561 1222 2570 -
1237 2535 1279 2583 di-

187 2608 279 2658 4444444
296 2612 383 2670 certe,
410 2609 456 2672 qui
480 2611 602 2658 nostram
626 2607 715 2658 firmat
752 2609 814 2674 ctus]
826 2624 859 2659 44
873 2621 999 2660 sermone
1012 2608 1164 2672 quotidiano
1176 2621 1225 2672 pro
1238 2609 1279 2658 di-

187 2683 234 2743 tr,
253 2683 283 2740 4,
302 2681 353 2742 38..
372 2681 579 2746 posterioribus,
598 2682 625 2732 id
642 2681 715 2746 quod
752 2689 844 2742 4444444,
855 2687 884 2734 ut
893 2696 974 2748 saepe
984 2684 1056 2748 apud
1065 2683 1186 2734 Plautum
1195 2685 1223 2732 et
1231 2684 1279 2732 Te-

187 2756 355 2808 demonstrat
370 2769 395 2806 v.
415 2761 460 2819 4444
481 2770 529 2822 pro
545 2762 574 2807 nt
590 2756 634 2807 vel
651 2771 715 2820 qno·
752 2759 881 2820 rentium,
899 2758 972 2822 apud
986 2770 1053 2820 quos
1065 2755 1182 2807 nonnulli
1195 2757 1279 2807 edunt

185 2833 261 2882 niodo
277 2832 366 2882 minus
383 2835 458 2882 44444
476 2833 602 2896 positum.
636 2833 715 2884 Esset
752 2835 855 2893 dictv's;
882 2833 910 2882 id
927 2832 1000 2895 quod
1020 2832 1128 2882 Horatio
1151 2831 1277 2895 equidem

188 2909 273 2957 enim:
293 2907 439 2968 0444444444
452 2907 543 2967 Weiss,
562 2918 630 2956 non:
648 2905 715 2957 acie?
752 2911 870 2961 tribuere
888 2907 985 2970 nolim,
1004 2909 1092 2958 miuus
1110 2909 1190 2957 4444444
1207 2909 1278 2957 4444-

189 2983 250 3045 «qui
263 2981 321 3034 lieri
331 2983 429 3045 potuit,
442 2984 472 3031 ut
482 2981 618 3032 Nasidieni
629 2993 714 3031 coena
752 2998 817 3050 pare
829 2984 961 3046 Dccringii
973 2980 1037 3032 illud
1050 2983 1083 3045 (r.
1094 2981 1129 3044 3.)
1139 2983 1178 3030 dio
1189 2994 1222 3030 44.
1236 2981 1278 3032 Sic

187 3059 214 3106 ts
232 3057 371 3106 inveratin
394 3070 476 3120 prava
493 3057 586 3119 utique
604 3059 715 3107 senten·
752 3064 802 3111 444.
815 3059 919 3122 -ierel
938 3057 1043 3118 Quintil.
1059 3058 1086 3117 4,
1100 3057 1128 3117 4,
1147 3057 1191 3105 444
1210 3056 1279 3106 tere

186 3131 231 3181 tia.
267 3131 485 3195 Operamautem
503 3133 530 3181 et
546 3129 633 3181 oleam
651 3144 715 3195 per·
750 3148 817 3185 nnnc
833 3135 855 3184 li
871 3133 957 3182 littero
973 3131 1152 3190 seminamus
1170 3135 1276 3180 444444-

187 3205 266 3266 (44404,
287 3207 331 3268 qui
349 3206 462 3256 credunt
473 3206 536 3256 44444
548 3207 656 3257 nominc
668 3206 715 3256 de·
751 3224 809 3260 ram
825 3209 978 3258 cornicorvm
995 3207 1076 3256 adine
1092 3205 1162 3254 libris
1177 3206 1278 3255 inuenio

187 3281 268 3330 rideri
298 3284 344 3332 ant
374 3283 404 3342 Q.
429 3281 580 3343 Nasidium,
608 3282 713 3332 Antonii
751 3284 816 3334 lieri
838 3281 1059 3341 nomenonii,
1086 3279 1233 3342 quodidnn
1250 3280 1278 3328 in

187 3355 356 3418 ducaminis
369 3358 443 3407 cass.
458 3357 505 3417 440,
520 3355 581 3418 43),
600 3354 714 3406 autSal-
750 3358 859 3422 444444444
882 3357 1003 3420 apptati,
1033 3367 1097 3417 onas
1123 3367 1171 3403 444
1197 3367 1277 3404 mann

186 3431 323 3482 vidieuum
352 3431 463 3491 Rufum,
493 3430 610 3494 legatum
635 3433 715 3481 Octa·
750 3435 849 3496 scripsit
869 3437 915 3482 ant
936 3431 1088 3492 4444444444,
1115 3429 1278 3492 4444444444-

185 3505 269 3565 444444,
298 3504 332 3554 de
358 3519 412 3569 quo
437 3503 509 3555 nulle
534 3505 616 3556 modo
642 3504 714 3569 loqui
751 3513 845 3558 444.-
862 3505 1082 3568 4444444444-4444]
1100 3505 1212 3569 Eppl,
1232 3503 1275 3564 44,

186 3581 294 3642 poterat
310 3579 444 3630 Horatius.
464 3578 629 3632 Salvidienus
641 3581 714 3630 enim
751 3582 797 3634 34:
824 3582 908 3632 media
929 3583 959 3630 cte
979 3581 1041 3630 lace.
1072 3578 1151 3630 Solita
1176 3591 1276 3629 coenae

186 3652 293 3703 44444444
316 3654 358 3704 444
380 3652 415 3703 ab
432 3655 576 3704 Octaviano
595 3668 619 3704 a.
640 3668 667 3704 u.
688 3669 712 3705 c.
752 3658 817 3708 hora
835 3656 882 3706 luit
894 3669 973 3706 nona.
992 3657 1057 3720 Epp.
1073 3657 1096 3716 4,
1110 3656 1138 3715 7,
1157 3655 1203 3704 ll:
1221 3655 1278 3704 Post

185 3726 243 3778 444.
274 3727 332 3790 (Dio
350 3728 424 3779 Cass.
441 3728 487 3790 48,
505 3729 546 3779 33.
576 3729 712 3792 Vellent,
750 3746 844 3783 44444444
859 3735 941 3782 venies
958 3730 1001 3794 (nd
1017 3728 1148 3792 coenam).
1177 3729 1276 3779 Cicad

185 3801 247 3864 75·)2
271 3801 340 3852 44444
361 3805 452 3852 autem
470 3805 555 3854 Satira
571 3805 670 3869 scripta
687 3817 711 3854 a.
751 3807 823 3857 Fam.
841 3807 870 3864 9,
889 3806 934 3866 46,
959 3805 988 3853 l:
1017 3803 1190 3854 4444444404
1213 3803 1278 3852 noro

184 3890 211 3927 u.
226 3891 250 3928 c.
264 3876 321 3928 444.
342 3877 468 3942 (44444444.)
486 3878 528 3930 vel
542 3880 611 3941 446,
628 3882 659 3930 444
670 3878 713 3930 alii
749 3893 826 3931 nona.
855 3876 965 3932 Nartial.
979 3877 1009 3942 4,
1022 3878 1051 3936 8,
1065 3878 1093 3926 64
1112 3877 1223 3938 4444444404
1233 3890 1277 3927 44-

184 3951 285 4002 volunt.
321 3953 478 4004 Nasidienus
497 3954 578 4006 Rufus
600 3955 713 4006 testibus
749 3960 856 4006 44444404
870 3955 990 4018 [ranam
1006 3965 1075 4002 nono
1090 3957 1166 4002 toros.
1201 3952 1276 4004 idem

185 4025 338 4079 Scholiastis
368 4026 416 4077 44444
444 4042 529 4092 eques
560 4031 711 4092 4404444444,
750 4031 780 4092 7,
799 4032 844 4091 64,
864 4031 904 4078 44.
923 4029 1018 4079 horam
1036 4027 1158 4078 4444444044
1174 4040 1275 4078 coenae

185 4100 299 4152 tortasse
317 4101 487 4166 publicanus,
507 4107 537 4154 ut
553 4105 662 4156 Porcius
677 4107 711 4168 (v.
751 4105 876 4174 assignat.
905 4105 936 4153 V.
958 4104 1061 4154 Becker
1078 4103 1165 4152 Gallus
1184 4103 1226 4152 lii.
1248 4115 1274 4166 p.

184 4174 248 4238 434,
273 4177 315 4226 cui
338 4175 409 4228 utilis
426 4189 488 4228 esse
505 4181 612 4243 poterat
628 4181 655 4230 in
672 4180 713 4230 his
752 4181 808 4230 449.
845 4180 1007 4230 Censorinus
1018 4177 1059 4228 44.
1073 4176 1153 4227 docet
1166 4177 1276 4241 quadri-

184 4247 269 4302 illisre
282 4251 394 4314 negotiis
403 4251 559 4304 adiuvandis
571 4255 598 4303 44
609 4255 634 4304 44
647 4267 714 4305 con·
751 4255 848 4319 partito
860 4252 975 4304 divisum
992 4251 1073 4302 inisse
1086 4252 1172 4303 diem:
1190 4266 1274 4312 440444,

186 4324 317 4377 ducendis
349 4325 524 4390 vectigalibus
558 4329 711 4392 4444404444,
751 4329 786 4378 ad
801 4327 942 4390 meridien,
961 4329 990 4377 de
1005 4328 1109 4379 meridie
1126 4325 1202 4391 (ins.
1216 4321 1276 4376 ἀπὸ
