3174 4974
274 406 336 470 600
624 401 767 454 'noarru
787 401 1007 486 srrsronrnuu

315 561 435 627 Ennius
458 571 490 628 et
512 557 642 646 sapiens
666 566 699 624 et
720 556 808 624 lortis
831 566 864 623 et
885 555 966 623 alter
988 555 1162 628 Homerus,
1321 554 1363 617 50

315 683 356 751 Ut
376 681 477 750 critici
501 680 626 758 dicunt,
649 677 764 746 leviter
785 697 900 744 curare
922 677 1064 753 videtur,
1294 743 1306 782 ,
1337 741 1365 804 H

1234 889 1267 972 ἲ,

1251 975 1271 1026 4

1381 939 1389 950 ο

1277 966 1394 1076 liatQ

340 1122 380 1172 53.
399 1136 449 1172 uon
466 1126 515 1183 est,
535 1126 562 1170 ct
577 1120 699 1170 mentibus
714 1120 799 1170 iceret
815 1119 873 1169 sine
891 1118 1017 1182 interrog.
1036 1119 1112 1182 signo
1129 1131 1192 1170 cum
1209 1119 1330 1170 Daoierio

316 805 388 884 Quo
411 801 570 891 promissa
593 800 709 868 cadant
730 809 762 866 et
788 799 912 866 somnia
934 798 1147 907 Pythagorea,
1236 798 1413 1007 3&ss

315 924 455 992 Naevius
478 924 509 988 in
532 921 680 990 manibus
702 942 766 988 non
789 931 839 988 est
863 930 896 988 et
916 919 1077 988 mentibus
1100 920 1212 988 haeret

274 1293 396 1340 «morsp
415 1279 508 1344 «quasi
525 1277 800 1343 ahipsoleretrove-
838 1288 901 1340 ergo
919 1278 960 1326 est
982 1279 1076 1340 poen,
1103 1277 1133 1327 ut
1155 1277 1241 1328 lauder
1256 1289 1362 1338 me,

274 1355 440 1405 neretionem
457 1353 591 1416 acceperit
607 1355 686 1416 poeta
704 1351 800 1402 delun·
837 1363 948 1414 prorsus
958 1362 1070 1401 secums
1086 1363 1145 1402 esse
1158 1352 1242 1415 possit
1253 1351 1287 1402 de
1298 1364 1363 1402 suo-

274 1431 359 1480 ctusn
388 1431 481 1479 Poura.
512 1427 551 1478 Gi.
573 1427 621 1478 Od.
645 1427 673 1488 3,
700 1426 746 1487 30,
774 1426 798 1475 7.
837 1437 898 1474 rum
927 1425 1120 1490 promissorum
1150 1427 1263 1488 eventu,
1292 1437 1361 1489 qnae

274 1505 328 1554 Sat.
341 1503 371 1563 2,
390 1502 421 1563 6,
441 1501 481 1552 to.
838 1499 1011 1562 nnncmagis,
1022 1511 1103 1563 quarn
1114 1499 1227 1552 tortasse
1237 1502 1294 1564 ipse
1303 1513 1363 1566 spe-

308 1577 397 1627 60-52.
416 1574 521 1640 Ειιιιίιιι]
539 1574 578 1627 Ci.
592 1575 641 1626 0d.
658 1574 689 1637 l,
707 1576 738 1636 8,
756 1575 799 1626 20.
837 1575 921 1634 rarat,
939 1572 1047 1638 impleta
1063 1576 1196 1626 sunta.-
1210 1576 1364 1640 minium-

274 1653 340 1716 Epp.
356 1653 382 1712 t,
397 1651 441 1712 ⁴9,
455 1651 470 1700 7
482 1663 542 1713 sqq.
558 1676 584 1686 -
597 1649 800 1712 mpem1suum
838 1647 967 1712 munerea]
986 1649 1221 1700 Pseudocornutus
1237 1650 1271 1700 ad
1288 1654 1362 1702 Pers.

275 1726 410 1789 ingenium
428 1726 485 1789 ipse
498 1724 640 1789 descripsit
651 1725 690 1787 (Α.
704 1721 801 1775 Gellius
838 1724 891 1774 Sat.
914 1722 944 1784 a,
971 1723 1020 1773 lh:
1051 1723 1101 1774 Gor
1124 1723 1191 1774 tutet
1213 1724 1258 1774 hoc
1282 1725 1362 1786 Enni,

275 1803 319 1862 ta,
338 1801 363 1852 l.
389 1801 492 1863 Fragm.
515 1801 583 1849 hun.
604 1799 635 1857 7,
658 1797 800 1860 tobith),
834 1803 972 1859 postquam
988 1797 1116 1848 deotmunt
1131 1811 1182 1848 esse
1203 1800 1361 1860 timidas,

275 1875 322 1925 uhi
348 1876 417 1926 inter
439 1872 489 1924 ulia
507 1873 574 1926 haec
591 1872 728 1937 leguntur:
755 1874 803 1923 do-
839 1872 945 1934 (iututua
957 1884 1101 1933 pacorum
1116 1872 1287 1936 Ppthoporeo:
1305 1875 1363 1924 ·Sic

274 1951 335 2012 etu',
352 1949 430 2014 fidelis
442 1975 455 1985 -
465 1975 478 1985 -
488 1948 592 1998 verbim
601 1950 726 2008 Peneum,
738 1948 803 1998 ιιιιιὶ·
839 1946 911 1996 enim
928 1946 965 1996 alt
981 1946 1081 1998 Ennius
1101 1947 1126 1996 in
1143 1945 1284 1998 Annalium
1300 1961 1364 2000 suo-

275 2028 303 2073 to
320 2029 403 2074 lenem
424 2023 544 2086 antiquo,
570 2023 680 2085 sepulto,
706 2027 802 2072 uetante
839 2034 900 2070 rum
916 2020 1058 2085 principio,
1077 2020 1123 2070 uhi
1141 2033 1171 2072 se
1188 2021 1252 2072 dicit
1266 2022 1364 2076 vidisse

275 2098 467 2148 --hiuttumm
487 2102 598 2147 caurum
619 2097 701 2161 uptun
718 2099 802 2147 dmu-
840 2095 866 2144 in
896 2095 1006 2145 somniis
1034 2094 1181 2146 Homerum
1210 2094 1362 2159 dicentem,

276 2185 323 2234 pue
338 2172 514 2234 mmhumque
534 2171 688 2221 monnau
719 2170 807 2232 Quid„
840 2168 920 2220 luisse
938 2181 968 2218 se
986 2169 1123 2232 quondam
1140 2183 1273 2234 pavonem
1291 2173 1362 2226 etex

210 2297 213 2304 A
277 2245 349 2309 quod
371 2246 471 2308 sopiens
487 2247 576 2294 vocari
600 2246 706 2308 poterat
722 2245 802 2294 etiem
841 2257 873 2294 eo
891 2241 1043 2294 translatam
1062 2257 1123 2294 esse
1145 2246 1263 2298 animam
1285 2247 1312 2297 iu
1333 2259 1365 2298 se

277 2333 309 2370 eo
322 2321 442 2380 nomine,
456 2319 529 2383 quod
542 2319 693 2383 Epicharmi
704 2317 803 2371 librum
841 2317 990 2369 secuudum
999 2317 1363 2382 Pythagoraedeiinitionem,

278 2394 313 2444 de
331 2394 425 2443 natura
442 2396 469 2444 et
492 2393 635 2443 Euhemeri
662 2393 803 2443 Historiam
841 2393 886 2456 qui
899 2392 976 2454 dicit,
995 2393 1097 2443 animas
1109 2392 1240 2446 humanas
1251 2408 1367 2459 perno-

277 2479 382 2518 sacram
400 2467 426 2516 in
443 2466 564 2516 Latinum
576 2468 762 2516 converterat?
774 2493 800 2502 -
840 2465 1018 2534 layysveolow
1041 2469 1170 2518 exeuntes
1192 2466 1227 2518 de
1244 2470 1366 2534 corpori-

276 2542 357 2606 sortis]
375 2542 459 2604 magis
471 2539 586 2590 retertur
602 2541 636 2592 ad
650 2542 708 2592 eius
720 2554 804 2605 genus
842 2542 893 2593 hus
910 2543 937 2592 in
954 2539 1004 2592 alis
1021 2554 1102 2605 posse
1114 2543 1254 2594 transire.»
1282 2545 1320 2595 Ex
1332 2558 1366 2596 eo

278 2614 384 2667 dicendi
396 2615 586 2679 grandemque
599 2615 741 2666 robustum
752 2617 805 2681 spi·
842 2617 946 2668 somnio
972 2615 1015 2680 (de
1043 2629 1096 2680 quo
1122 2617 1183 2668 vide
1207 2620 1365 2682 praesertim

278 2692 399 2754 ritusque
421 2687 576 2750 bellicosus,
605 2703 673 2753 quos
697 2691 805 2741 Αιιιιαιιι
842 2691 974 2742 Pluminm
991 2690 1025 2741 ad
1043 2691 1125 2742 Persii
1142 2689 1159 2742 l.
1177 2689 1204 2754 l.)
1222 2695 1366 2757 supersunt

279 2769 306 2818 et
322 2765 406 2827 Scipio
422 2776 489 2828 prae
506 2777 535 2816 ss
560 2765 694 2827 terebant,
722 2778 803 2829 quam
843 2765 893 2816 hae
911 2762 1054 2828 reliquiae:
1082 2766 1231 2816 Trunmoott
1250 2767 1303 2816 citu
1317 2780 1367 2829 por

278 2841 312 2892 ad
346 2840 389 2900 id,
424 2839 496 2904 quod
530 2841 658 2904 Scipionis
690 2840 805 2891 hiricuui
842 2845 940 2891 merus
960 2839 1076 2903 officinis
1098 2853 1177 2890 curos
1194 2842 1289 2904 (anima
1311 2841 1368 2893 llo-

278 2915 387 2968 maiorie
404 2914 490 2966 luerat
507 2927 613 2966 eomes:
640 2927 805 2979 quamquam
843 2915 929 2977 meri).
944 2940 973 2954 -
989 2914 1058 2964 Viae
1074 2914 1195 2967 Homeros
1210 2915 1367 2979 udemepoi'-

279 2991 308 3039 ut
327 2989 422 3038 iortsm
434 2987 593 3040 bellatorem
604 2989 717 3040 Ennium
728 3003 806 3054 prae·
842 2995 878 3040 to.
893 3015 920 3026 -
943 2990 1003 3039 rma
1018 2989 1120 3042 mantnt
1134 2991 1191 3054 fleri
1205 3003 1246 3042 me
1257 3004 1364 3052 pacton.

279 3062 352 3113 dicut
376 3061 453 3113 Silius
479 3061 584 3114 italicus
607 3063 653 3123 ta,
677 3062 725 3114 393
743 3077 803 3128 sqq.
843 3065 937 3114 Facete
958 3064 1037 3127 igitur
1053 3065 1292 3117 Grammaticorum
1313 3065 1368 3116 Ro-

282 3166 309 3174 -
328 3137 393 3187 atur
410 3137 540 3201 Hourenu]
559 3137 805 3202 «quemadmodum
842 3137 1122 3190 manorumiudicium
1134 3139 1213 3192 nimis
1221 3137 1367 3202 benignum

279 3211 380 3262 scilicet
392 3212 474 3262 critici
486 3211 569 3262 nostri
586 3213 682 3273 Latini,
701 3209 806 3275 elegen·
843 3213 877 3263 de
890 3213 973 3263 Ennio
984 3211 1062 3264 affert
1078 3212 1159 3276 idque
1171 3212 1240 3264 clam
1252 3213 1366 3276 deridet,

280 3290 321 3336 tes
339 3284 373 3335 itti
390 3285 510 3350 prolecto
528 3298 559 3335 ao
576 3286 667 3350 periti,
692 3290 805 3338 conten·
842 3290 872 3338 nt
889 3289 1026 3338 taceamus
1044 3285 1123 3338 salsas
1135 3287 1366 3351 interpretationes

280 3359 360 3420 dunt,
379 3359 593 3423 aequiparandus
614 3361 760 3421 Homerop
777 3362 804 3411 in
842 3361 1003 3422 multorum,
1028 3362 1074 3424 qui
1091 3363 1193 3412 varium
1212 3363 1239 3412 in
1255 3362 1368 3414 modum

280 3433 379 3498 quihus
397 3447 438 3482 vv.
453 3435 516 3484 satis
537 3434 619 3492 inest.
646 3436 676 3484 ut
696 3436 803 3499 opinor,
843 3437 869 3486 iu
886 3437 928 3486 his
945 3435 1020 3486 Ennii
1037 3437 1275 3500 reprehensionem
1295 3437 1367 3488 serio

279 3509 396 3558 ironiae:
416 3521 464 3571 pro
477 3506 715 3559 Alexandrinorum
733 3511 805 3561 euim
843 3524 875 3560 nc
892 3511 950 3562 sine
968 3509 1064 3570 ironia,
1090 3511 1138 3562 sed
1161 3523 1225 3562 sane
1242 3511 1368 3561 innocen-

281 3583 433 3634 criticorum
451 3583 534 3633 simiis
556 3584 662 3634 Latinos
681 3585 805 3635 Horatius
844 3585 960 3645 tissima,
984 3584 1018 3633 uh
1036 3585 1094 3648 ipso
1112 3585 1221 3636 lioratio
1236 3583 1367 3649 prolatam

280 3658 399 3708 habebnt
416 3659 480 3708 istos
497 3670 560 3709 suos
583 3659 803 3722 reprehensores.
843 3659 932 3712 inesse
949 3659 1048 3722 opiusti
1070 3662 1141 3710 sunt.
1171 3661 1298 3710 Ceterum
1314 3659 1369 3710 Eu-

281 3734 415 3794 (Ceterum
448 3733 557 3784 attamen
583 3735 720 3784 Humrum
751 3736 805 3784 En·
843 3734 916 3786 nium
953 3733 994 3784 hic
1030 3733 1214 3786 tantummodo
1248 3735 1277 3783 ut
1309 3733 1370 3798 epi-

280 3809 353 3860 nium
370 3809 475 3858 vocavit
497 3808 624 3869 Lucilius,
651 3809 701 3860 nisi
724 3807 805 3860 salsus
843 3809 1025 3872 compostum
1038 3811 1243 3870 commemorat,
1256 3821 1368 3873 prorsus

280 3886 322 3934 est
356 3885 534 3946 Hieronymus
565 3885 669 3934 comm.
700 3885 725 3934 in
756 3885 805 3936 hli-
843 3883 943 3934 omisso
955 3882 1052 3934 eodem
1064 3885 1093 3933 ut
1104 3883 1217 3946 trogium
1236 3883 1275 3933 sio
1287 3883 1368 3933 etiam

279 3959 375 4008 cheam
393 3973 417 4008 c.
438 3958 463 4008 t.
485 3959 551 4022 Opp.
573 3959 604 4007 V.
627 3957 688 4011 tii:
717 3959 806 4009 Sedet
842 3956 957 4008 Velleius
981 3957 1010 4018 2,
1032 3957 1056 4007 9.
1083 3959 1112 4008 et
1136 3956 1241 4018 Quintil.
1264 3957 1310 4018 tn,
1338 3957 1366 4014 4,

275 4035 352 4095 poeto
368 4033 478 4082 mhtimis
495 4030 648 4095 (Virgilius),
677 4046 727 4082 uon
748 4034 805 4085 Ho-
843 4031 883 4082 ut.
903 4031 1042 4082 dumtaxat
1057 4032 1202 4083 Pacuvium
1219 4032 1368 4082 athenium

277 4121 374 4157 merus
398 4108 496 4169 ulter,
523 4113 550 4158 ut
573 4108 682 4158 Lucilius
703 4110 733 4158 de
754 4109 804 4158 Ειι-
843 4107 911 4157 inter
928 4119 958 4158 se
975 4110 1141 4171 comparant.

278 4181 321 4230 uto
338 4182 492 4244 ιιιιρίιαιιιι,
511 4183 665 4244 sedprimus
684 4181 805 4233 lienem
874 4179 915 4230 53.
934 4179 975 4232 hl.
1004 4181 1115 4232 Naevius
1139 4179 1202 4245 cet]
1226 4181 1307 4245 «lpse
1325 4177 1368 4228 illo

278 4255 488 4322 apostaticos)
509 4285 534 4292 -
555 4257 644 4309 «Adeo
664 4260 803 4321 praestans
842 4257 970 4319 Naevius,
998 4259 1046 4309 etsi
1070 4257 1152 4309 Ennio
1170 4269 1235 4308 sane
1257 4257 1367 4323 postpo—
