3174 4974
254 457 315 521 558
361 471 366 478 '
611 453 740 506 Honirll
757 451 978 507 saisselinus

296 613 440 680 Dormiat
462 613 494 678 in
516 610 638 686 lucem,
661 619 770 678 scorto
792 620 965 698 postponet
986 609 1156 677 honestum

297 735 460 810 Officium,
483 752 632 799 nummos
654 729 778 798 alienos
799 741 926 819 pascet,
950 731 992 798 ad
1015 733 1114 798 imum
1300 735 1341 798 35

296 855 399 924 Thrax
421 856 482 922 erit
503 863 558 920 aut
580 852 704 920 olitoris
725 863 799 940 agei
819 853 972 920 mercede
994 851 1162 920 cabellum.

296 982 456 1045 Arcanum
478 996 586 1065 neque
608 985 641 1042 tu
665 973 863 1042 scrutaberis
885 973 970 1041 illius
992 995 1152 1062 unquam,

296 1100 578 1187 Commissumque
599 1109 691 1185 tegas
713 1107 746 1163 et
767 1097 842 1165 vino
865 1107 967 1164 tortus
989 1107 1022 1163 et
1043 1097 1107 1176 ira3

295 1223 361 1289 Nec
382 1233 437 1288 tua
457 1218 606 1287 laudabis
628 1217 735 1286 studia
758 1227 812 1285 aut
833 1218 938 1286 aliena
959 1217 1154 1306 reprendes.

318 1403 361 1453 36.
381 1402 467 1451 lirae
483 1413 505 1451 s.
526 1401 595 1449 lica
610 1399 731 1462 bSEcdp‚
749 1399 834 1449 lcii:
863 1399 944 1449 lirae
959 1397 1109 1460 Bentleius,
1129 1399 1198 1450 lito.
1220 1427 1246 1436 -
1265 1400 1306 1450 si.

285 1476 361 1528 silim
371 1475 472 1540 biscop,
485 1476 565 1526 icti.
585 1475 660 1538 (iutro
670 1475 704 1535 E,
724 1474 810 1524 codex
821 1471 929 1538 collegii
940 1472 1044 1536 Regalis
1056 1475 1084 1523 et
1094 1484 1136 1537 pr.
1148 1487 1174 1534 ν,
1193 1475 1307 1525 Pottlerii

287 1553 354 1612 duo,
374 1549 517 1610 Bentleius,
537 1549 615 1612 MJO.)

253 1709 437 1774 Eutrapelus.»
466 1711 557 1758 scaci.
587 1734 614 1744 -
638 1707 666 1756 in
688 1705 775 1771 lacon]
814 1705 1048 1757 lorumolitorium
1059 1709 1203 1758 mitti.»-
1217 1709 1340 1760 «satirico

253 1787 289 1836 bia
305 1787 333 1834 in
349 1787 396 1834 don
414 1785 466 1847 Tap
480 1783 572 1833 lireio.
602 1780 679 1832 liaud
699 1783 775 1832 Ture.
815 1781 1168 1834 invenitduosordidissims
1178 1795 1291 1833 munera
1303 1781 1342 1833 lu·

253 1861 295 1910 lll.
309 1872 336 1924 p.
350 1858 407 1909 335.
428 1884 455 1893 -
474 1858 602 1908 lenonum
613 1857 779 1921 OfflrtrnnJut
814 1857 876 1906 turo
897 1856 1065 1906 mercenario
1086 1857 1147 1920 post
1167 1856 1278 1908 beatum
1299 1859 1342 1907 iu·

254 1933 479 1998 Epp.l‚ii,il:
499 1932 705 1996 Officiomsact'o,
724 1945 777 1982 non
816 1943 924 1982 cessum
950 1929 1105 1996 cultumque
1130 1929 1287 1994 laetantem,
1315 1936 1343 1983 et

253 2013 296 2060 eat
312 2003 346 2057 τὸ
363 2005 510 2071 καθῆκον,
529 2007 578 2058 sed
589 2007 719 2069 significat
730 2007 779 2056 im-
816 2008 960 2068 utrumque
978 2003 1030 2054 tale
1044 2007 1099 2066 est,
1118 2005 1190 2070 quod
1203 2007 1237 2056 sit
1248 2019 1343 2072 specu-

252 2084 346 2150 primis
368 2081 553 2134 salutationem
576 2082 680 2146 patroni
703 2083 779 2132 cete-
815 2077 1233 2144 lumtspectaoulumilpopulo.·
1247 2083 1339 2131 Poma.

253 2171 399 2222 rerumque
422 2157 555 2207 lautorum
578 2159 658 2220 atque
683 2155 779 2206 obser·
848 2153 888 2203 37.
913 2153 953 2204 38.
979 2155 1108 2204 Arcanum
1134 2155 1197 2220 cet]
1226 2155 1271 2206 llis
1296 2169 1340 2206 vv.

252 2233 369 2282 vantium
387 2234 413 2280 lu
426 2243 482 2281 eos.
494 2243 649 2280 -nununoa
661 2229 778 2293 -parcet]
816 2229 980 2278 enumeratis
996 2229 1079 2288 vitiis,
1106 2241 1175 2292 quae
1198 2227 1279 2279 Lollio
1301 2231 1343 2279 vi-

254 2307 411 2371 «pecuuiam
430 2303 522 2366 grandi
544 2304 635 2354 lenore
657 2307 778 2354 mutuam
816 2303 896 2354 tenda
909 2303 974 2363 siut,
987 2302 1344 2356 eicommendathonasar-

254 2383 369 2432 sumet.»
398 2380 458 2443 lpse
475 2380 565 2429 autem
582 2393 663 2429 usura
681 2381 709 2428 et
727 2379 779 2428 im·
816 2381 870 2439 tes,
889 2377 986 2441 quibus
997 2379 1035 2428 uti
1048 2376 1159 2436 debeat;
1178 2381 1240 2429 ante
1252 2381 1341 2430 omnis

254 2455 346 2520 primis
370 2454 533 2503 anatocismo
558 2452 630 2516 apud
655 2454 778 2517 antiquos
816 2455 946 2516 integram
965 2451 1046 2502 fldem
1064 2453 1089 2502 in
1107 2451 1239 2504 fautorem
1258 2455 1342 2504 etho-

254 2530 393 2592 lrequente
411 2525 536 2591 paulatim
552 2529 679 2589 pasoitur,
699 2540 780 2590 auge·
817 2531 923 2577 nestum
945 2525 1106 2589 obsequium
1127 2525 1341 2578 observantiam·

253 2607 309 2662 tur,
323 2601 555 2666 sorsprincipalis.
575 2603 627 2653 Cir.
641 2602 776 2666 aristoph.
817 2615 870 2665 que
888 2601 914 2650 in
932 2600 1062 2660 eundem,
1082 2599 1165 2650 multo
1182 2602 1292 2664 quidem
1304 2604 1343 2653 dl-

253 2677 398 2729 Nubnasc
407 2690 467 2741 sqq.
480 2678 558 2728 Arist.
570 2676 678 2736 Politl,
692 2677 716 2738 3,
729 2677 776 2726 23:
816 2687 924 2726 versum
947 2689 961 2724 a
983 2673 1027 2724 vili
1053 2673 1094 2724 illa
1121 2674 1272 2726 adulatione
1297 2691 1340 2727 vv.

254 2746 271 2800 ὁ
288 2747 375 2813 τόκος
392 2745 464 2801 αὐτὸ
482 2746 525 2816 (τὸ
544 2747 686 2816 νόμισμα)
703 2755 782 2801 ποιεῖ
818 2749 906 2801 lo-ti.
927 2777 954 2788 -·
973 2750 1132 2815 mrataoeria]
1159 2751 1264 2815 optima
1290 2753 1342 2802 lico

250 2818 341 2876 ’πλέον
352 2825 411 2875 κτλ.
431 2827 535 2886 Persii,
551 2826 610 2877 tie:
625 2827 690 2888 Quiri
697 2825 780 2888 petia?
817 2839 842 2876 v.
865 2827 989 2890 exprimit
1014 2823 1158 2876 molestum
1184 2829 1265 2890 atque
1291 2829 1343 2878 lm·

252 2902 410 2962 utranam,
431 2913 493 2962 quos
511 2901 551 2950 lrir
570 2902 708 2962 patiacum
722 2913 779 2950 mo-
817 2903 960 2964 portuuum
978 2912 1075 2950 arcana
1093 2900 1269 2963 investigandi
1284 2903 1343 2952 stu-

253 2978 320 3024 deslo
344 2976 492 3034 Nutriercs,
507 2981 618 3038 perpotet
636 2976 723 3024 amcos
739 2989 780 3025 rit-
818 2973 900 3024 dium.
917 3001 944 3012 -
957 2974 1249 3036 tttim1«lautoristui;·
1268 2976 1341 3038 quod

253 3052 316 3100 dora
332 3049 453 3100 auam?
478 3051 548 3100 Cave
567 3047 699 3113 explices:
719 3062 780 3113 «pe-
818 3051 915 3113 partim
932 3062 994 3099 cum
1012 3063 1064 3100 non
1077 3048 1264 3113 intelligerent,
1284 3065 1343 3116 par·

254 3125 360 3175 cuniam
377 3129 497 3174 mutuam
508 3127 644 3188 sumptam
656 3124 781 3175 absumet
818 3125 865 3174 tim
891 3135 945 3186 quo
970 3123 1095 3186 generale
1124 3123 1202 3174 lieret
1228 3139 1342 3190 praece·

254 3203 282 3250 et
309 3196 479 3262 abliguriet‚·
508 3201 564 3248 aut:
596 3198 780 3250 «continuabit
818 3201 906 3262 ptum.
930 3197 1051 3262 plerique
1073 3200 1238 3262 scripserunt
1257 3201 1341 3251 cuim.

254 3287 301 3324 aes
314 3272 429 3324 alienum
443 3273 506 3324 luxu
520 3277 546 3324 et
559 3287 629 3324 uovo
640 3287 703 3324 uere
713 3273 779 3325 alie·
818 3271 939 3324 Nonnulli
957 3287 981 3323 v.
995 3274 1062 3323 iliius
1079 3274 1113 3324 de
1131 3273 1237 3326 Tiberio
1260 3276 1343 3326 inter-

254 3363 288 3401 uo
307 3349 522 3406 contrahendam
540 3362 591 3399 nec
608 3347 682 3412 legas
695 3353 780 3412 poscet
817 3349 914 3414 prelati
932 3351 1008 3408 sunt,
1037 3348 1085 3399 sed
1103 3351 1160 3402 siue
1178 3349 1280 3401 idoneis
1297 3365 1343 3401 ar-

254 3437 316 3474 cum
335 3422 471 3486 liuppolto.
503 3423 582 3473 ilecto
596 3424 648 3473 iam
661 3424 781 3488 Porphy·
818 3425 960 3486 minentis.
995 3424 1041 3474 Est
1064 3425 1173 3476 omniuo
1200 3427 1282 3490 uropir
1306 3427 1343 3480 lut

254 3500 325 3548 riou:
355 3495 450 3547 «saciet
475 3509 523 3547 aes
548 3497 665 3549 alienum
690 3500 780 3548 usums
818 3497 880 3549 alibi
902 3497 959 3560 ait),
978 3497 1088 3549 lautoris
1110 3499 1174 3549 tui.»
1205 3501 1244 3550 cl.
1258 3499 1341 3551 ulii.

254 3585 404 3624 crescere.»
438 3573 478 3622 nd
504 3574 610 3637 tropum
632 3579 720 3635 pascet
745 3573 777 3622 el.
821 3601 848 3612 -
866 3573 925 3623 vino
942 3573 1029 3634 tortia]
1047 3577 1078 3624 Α.
1092 3575 1119 3624 P.
1133 3572 1198 3624 lai:
1216 3575 1293 3638 lleper
1306 3575 1344 3624 ci-

253 3650 334 3699 Tacit.
348 3648 434 3711 Agric.
448 3647 494 3696 3⁴:
522 3647 657 3698 Britannia
672 3649 781 3698 umia-
818 3653 910 3699 euntw
924 3647 1009 3696 nuuc
1018 3661 1111 3711 erpere
1121 3647 1219 3698 multis
1233 3649 1265 3698 iit
1282 3654 1344 3700 ior·

254 3729 302 3774 tom
319 3735 392 3773 saum
409 3721 518 3784 puericie
528 3723 599 3783 anit,
617 3722 782 3785 putidum-
819 3734 914 3786 quere
928 3733 1024 3782 mero,
1043 3735 1116 3782 cmm
1129 3724 1286 3785 perspwim
1301 3725 1343 3774 lc-

253 3800 306 3848 seit.
328 3825 355 3834 -
373 3798 408 3846 ati
431 3797 518 3858 mam]
542 3795 592 3846 aad
615 3799 779 3858 extremum,
819 3798 917 3848 borant.
939 3823 966 3833 —
985 3797 1036 3860 irc]
1054 3797 1095 3846 «Si
1117 3797 1225 3860 quaudo
1245 3802 1271 3848 te
1293 3798 1344 3848 ob—
1389 3787 1394 3798 '

254 3872 299 3922 uhi
317 3870 380 3922 nihil
403 3872 457 3922 iam
480 3873 505 3921 ei
531 3872 705 3932 remanserit,
732 3884 782 3922 au·
819 3873 1072 3936 iurguritputrouus
1090 3874 1241 3924 autminus
1257 3875 1344 3926 amice

254 3943 780 4009 otorabitselanistaem-l'ltracJVid,
820 3953 847 4000 te
869 3947 998 4006 tractarit,
1025 3947 1078 3997 noli
1103 3951 1247 4012 propterea
1272 3947 1345 4000 velut

254 4022 307 4072 Sat.
320 4022 351 4081 2,
370 4021 399 4080 e,
417 4018 460 4070 il.
480 4043 509 4056 -·-
529 4019 625 4068 olitoris
641 4025 699 4082 apat
718 4022 781 4085 cat]
820 4021 926 4072 rrltionis
944 4034 1024 4072 causa
1041 4020 1098 4072 aliis
1119 4021 1224 4072 eliutire
1245 4037 1344 4076 aroana

256 4095 456 4145 «mercenarius
473 4095 524 4144 erit
546 4091 647 4144 olitoris
669 4095 726 4145 sive
749 4109 782 4144 ex
821 4095 856 4144 ab
873 4107 906 4145 eo
923 4093 970 4145 tibi
987 4095 1167 4146 concredita.-

254 4171 403 4235 posteriore
415 4167 554 4220 Latinitate
572 4167 717 4230 hortulani,
736 4170 781 4234 qui
854 4170 895 4220 39.
914 4169 955 4221 lt.
981 4171 1032 4221 Nec
1048 4175 1094 4220 tac
1110 4171 1172 4235 cet]
1190 4171 1263 4222 ailoe
1274 4185 1344 4236 quo-

254 4245 329 4292 extra
339 4241 437 4294 Urbem
445 4243 552 4294 hortum
559 4242 651 4294 colens
658 4244 730 4295 huuc
737 4243 783 4294 de·
820 4256 874 4307 que
891 4241 960 4294 solet
975 4243 1111 4296 offendere
1134 4249 1259 4309 potentes
1276 4249 1345 4298 ami·

255 4319 392 4368 coctorum
410 4317 528 4380 quotidie
546 4331 609 4369 cum
625 4318 744 4370 oleribus
755 4319 781 4368 iu
821 4331 882 4381 cos,
900 4319 922 4370 si
940 4318 1026 4370 studia
1043 4317 1277 4387 (incapacium)
1294 4334 1345 4371 no-
