3174 4974
305 460 367 524 580
665 457 794 507 llOllthl
811 455 1032 508 Eatsrottatttt

347 617 427 682 Hinc
450 613 523 680 illae
545 613 705 678 lacrimae.
751 611 871 711 Spissis
894 610 1022 698 indigna
1044 609 1175 677 theatris

348 737 473 823 Scripta
495 734 594 822 pudet
617 733 752 800 recitare
774 742 806 798 et
829 733 923 820 nugis
945 730 1067 798 addere
1088 731 1231 819 pondus,

347 859 380 925 si
403 857 482 922 dixi:
507 855 619 933 Rides,
644 855 700 932 ait,
725 863 757 920 et
779 854 863 919 lovis
886 852 1019 920 auribus
1041 853 1101 918 ista

346 980 480 1057 Servas;
503 977 576 1042 fidis
599 977 684 1042 enim
705 995 837 1041 manare
860 973 986 1061 poetica
1008 973 1102 1040 mella

346 1101 389 1165 Te
412 1098 533 1175 solum,
558 1098 613 1165 tihi
637 1096 780 1184 pulcher.
825 1094 872 1160 hd
894 1095 976 1162 haec
998 1115 1059 1182 ego
1082 1094 1213 1162 naribus
1235 1095 1280 1160 uti
1347 1097 1388 1160 45

301 1416 374 1468 bant.
404 1419 435 1467 lli
453 1418 543 1480 igitur,
571 1416 669 1479 lnquit,
690 1414 763 1464 velut
780 1427 824 1465 es·
862 1413 941 1472 bant3
955 1425 1034 1475 quam
1048 1411 1156 1476 quidem
1169 1413 1388 1478 significationem

300 1493 362 1542 sent
379 1492 477 1541 XXXV.
495 1490 579 1540 tribus
596 1487 686 1554 populi
703 1489 823 1549 Romani,
863 1500 926 1537 eum
942 1488 1081 1538 weicheri
1102 1487 1232 1538 dovario
1248 1501 1307 1552 pag.
1329 1489 1386 1539 446.

301 1565 341 1615 ius
358 1565 408 1615 sibi
423 1566 548 1628 arrogent
558 1564 681 1626 suffragia
693 1562 726 1612 de
738 1563 824 1626 poetis
862 1559 954 1610 tribuit
977 1561 1057 1612 etiam
1083 1560 1172 1611 verbis
1196 1561 1244 1611 Od.
1265 1563 1290 1622 2,
1312 1564 1335 1622 4,
1357 1563 1386 1612 9:

299 1638 418 1699 terendi,
431 1640 491 1702 quis
503 1639 590 1701 primo
601 1635 661 1688 loco
673 1635 768 1700 dignus
779 1638 822 1698 stt,
861 1636 969 1685 Paruum
982 1647 1082 1685 4444444
1098 1636 1174 1686 hluto
1185 1637 1330 1699 4449444444
1340 1637 1390 1687 444-

299 1714 346 1776 qui
363 1713 389 1762 in
406 1711 526 1763 seeundo
547 1712 658 1762 tertiove
676 1709 824 1761 subsistere
862 1710 894 1759 444
910 1709 1027 1770 metris,
1055 1709 1119 1759 mibi
1136 1709 1251 1774 probare
1270 1710 1388 1761 nondum

301 1786 425 1837 debeant.
451 1815 479 1824 -
509 1785 617 1850 4444ρί44]
644 1786 822 1847 444444444,
861 1785 954 1848 potuit.

298 1861 428 1922 clatros.
456 1858 560 1920 Quintil.
575 1862 622 1920 44,
639 1859 669 1920 6,
688 1858 749 1910 tto:
768 1873 825 1909 4444
894 1857 999 1909 43-44.
1027 1857 1100 1908 Ridet
1125 1857 1187 1922 cet]
1213 1858 1388 1910 «Ludificaris

297 1935 325 1984 in
342 1939 448 1998 ammoto
465 1936 574 1997 4444444
586 1934 684 1996 nepita
700 1939 770 1984 44444
783 1934 824 1982 ct-
862 1944 925 1994 nos,
944 1932 1029 1995 inquit
1046 1933 1236 1995 grammaticus
1256 1933 1321 1983 mihi
1337 1935 1388 1984 inl-

297 2014 370 2059 cerot.
407 2010 464 2069 Quo
485 2007 617 2058 vocabulo
638 2006 716 2059 simul
736 2006 823 2072 lepide
862 2017 944 2070 quus,
972 2006 1074 2055 et‘ista
1100 2005 1177 2056 nobis
1202 2007 1324 2057 invidens
1341 2009 1387 2057 unt

297 2085 438 2148 signifieat,
465 2084 587 2134 hominos
608 2085 674 2134 istos
692 2097 745 2134 non
763 2097 823 2134 esse
861 2080 980 2142 Augusto
996 2079 1133 2129 recitanda
1151 2091 1269 2130 servas.»
1290 2107 1318 2117 -
1341 2081 1387 2145 att]

298 2158 348 2210 nisi
360 2157 486 2208 ludorum
497 2159 645 2220 magistros,
661 2157 824 2220 adquorum
861 2157 892 2202 ut
907 2153 979 2217 apud
995 2155 1069 2204 Pers.
1089 2155 1112 2214 4,
1129 2152 1169 2203 to.
1188 2155 1279 2204 iuven.
1293 2154 1318 2216 9,
1334 2155 1386 2216 644,

297 2224 393 2282 iudicia
405 2232 539 2294 respicere
552 2231 618 2281 intro
630 2233 725 2295 poetae
737 2230 824 2294 digni·
862 2226 896 2278 de
922 2226 1056 2289 auditore,
1084 2239 1166 2290 quem
1197 2226 1388 2290 obloquentem

298 2306 381 2355 tatem
409 2305 443 2354 sit
468 2306 595 2368 positum.
636 2305 721 2355 htinns
749 2305 824 2354 recte
862 2302 939 2352 nobis
951 2301 1112 2363 cogitamus:
1132 2313 1185 2364 qua
1197 2301 1388 2364 significatione

298 2379 499 2428 Commentator
511 2377 619 2441 Cruquii
631 2391 658 2441 p.
672 2377 735 2428 694:
756 2379 825 2427 4444-
861 2375 1027 2438 frequentius
1046 2376 1087 2423 est
1103 2374 1193 2436 inquit.
1216 2399 1243 2411 —
1262 2376 1328 2426 44444
1343 2389 1389 2426 444-

297 2451 448 2515 boriosam
465 2449 656 2513 discipulorum
676 2449 823 2500 multitudi-
861 2447 938 2512 ribus]
962 2448 1018 2498 lere
1041 2449 1071 2496 ut
1093 2449 1145 2498 Sat.
1164 2449 1193 2510 2,
1212 2450 1241 2510 6,
1260 2451 1304 2502 tt:
1331 2451 1389 2501 (4444

298 2537 361 2575 nem
379 2524 455 2584 dicit,
476 2524 577 2586 4444444
593 2535 658 2574 vero
675 2525 748 2588 ipsos
765 2537 824 2574 ma·
862 2523 983 2584 ecoctam
1008 2523 1113 2584 proptio
1140 2525 1270 2588 4444444444.
1311 2525 1386 2576 ovid.

299 2600 421 2663 gistros.»
861 2597 938 2648 Trist.
953 2598 977 2656 4,
991 2598 1015 2657 4,
1029 2597 1069 2647 at.
1084 2596 1117 2646 do
1127 2601 1259 2660 Augusto:
1277 2600 1319 2649 444
1329 2613 1389 2662 quo·

330 2673 372 2724 44.
385 2672 426 2723 ts.
444 2673 507 2722 44444
523 2673 582 2723 illos
597 2673 727 2735 44444444]
746 2677 825 2724 «Pro-
862 2685 921 2733 quc,
944 2684 1011 2733 44444
1034 2672 1110 2732 soriti,
1135 2672 1219 2733 fateor
1233 2673 1298 2722 locis
1313 2687 1389 2724 emto

297 2749 390 2813 pterea
407 2747 481 2810 quod
497 2747 594 2798 borum
611 2749 750 2798 hominum
766 2761 825 2811 gra·
861 2748 963 2806 timer03
982 2747 1047 2795 item
1065 2745 1141 2796 Trist.
1154 2747 1179 2807 4,
1197 2747 1222 2808 2,
1236 2747 1277 2798 46.
1293 2748 1326 2798 de
1339 2761 1388 2799 eo·

298 2823 363 2872 tiam
384 2833 438 2871 non
459 2833 575 2884 quaero,
603 2821 667 2870 mihi
685 2824 747 2872 sunt
764 2824 824 2871 tan-
862 2821 945 2870 dem:
970 2821 998 2869 st
1022 2820 1064 2882 444
1085 2817 1123 2870 'ott
1146 2821 1240 2870 homini
1258 2835 1316 2872 4444
1332 2824 1389 2875 4444

298 2900 392 2960 topero
410 2895 523 2944 infesti.»
555 2895 731 2946 Proverbium
754 2895 824 2959 peti·
860 2894 1018 2957 posseloqui.
1034 2923 1061 2931 -
1079 2895 1137 2958 144444
1147 2897 1287 2963 animost]
1306 2899 1388 2948 «Nam

297 2972 355 3019 tum
372 2982 406 3019 ex
416 2970 521 3019 Terent.
535 2969 616 3019 Andr.
631 2971 655 3029 t,
670 2972 694 3030 4,
707 2970 747 3020 944.
767 2970 821 3020 Cic.
862 2981 1021 3034 persuasum
1035 2967 1147 3030 esttibi,
1160 2971 1293 3020 reveren
1306 2970 1387 3022 edere

298 3057 349 3108 pro
367 3042 456 3093 Caelio
472 3045 514 3103 tt,
527 3045 572 3094 tt:
591 3044 654 3093 Hinc
670 3045 730 3093 44444
746 3044 825 3093 locri·
862 3043 957 3107 quovis
974 3041 1054 3092 melle
1072 3041 1219 3103 dulciores,
1243 3042 1270 3093 id
1288 3047 1342 3106 est,
1362 3047 1388 3096 44

298 3116 486 3168 maeatmimm
495 3123 518 3167 44
528 3118 589 3167 hoec
600 3131 679 3168 eausa
690 3124 725 3169 444
734 3119 824 3168 torum
862 3129 945 3167 unum
972 3118 1108 3179 egregium
1125 3120 1232 3181 poetam
1251 3131 1337 3168 esse.»
1357 3143 1384 3156 -

299 3191 411 3242 omnium
433 3191 552 3240 matonam
576 3198 599 3242 44
623 3193 765 3243 orientum.
795 3219 822 3228 -
861 3189 976 3254 maora]
993 3191 1141 3252 transitive,
1159 3191 1189 3240 ut
1200 3191 1274 3241 Ovid.
1288 3192 1349 3242 hlet.
1361 3194 1386 3254 6,

298 3265 389 3328 Spissis
405 3266 468 3328 444]
491 3265 537 3314 «Si
554 3265 606 3316 dixi
625 3279 657 3315 ex
674 3268 753 3316 animi
771 3268 825 3316 mei
862 3265 923 3316 3⁴2:
946 3265 1067 3314 4444444444
1083 3265 1158 3314 etium
1174 3277 1389 3316 cenomannum

299 3340 442 3390 sententia:
471 3339 560 3400 Nugas
580 3352 656 3390 meas
679 3339 823 3404 (opuscula)
861 3343 976 3388 44444444.
1006 3339 1091 3389 Etiam
1112 3339 1138 3388 in
1160 3351 1240 3402 prosa
1258 3341 1386 3390 oretr'one.

298 3412 431 3475 frequenti
454 3409 605 3463 auditorum
634 3425 733 3463 corona
755 3413 826 3464 indi·
864 3411 927 3462 Plin.
942 3411 972 3462 ll.
986 3414 1016 3462 N.
1030 3411 1071 3472 tt,
1082 3412 1124 3473 20,
1135 3413 1180 3463 to:
1198 3411 1389 3464 Artemone-

299 3499 365 3550 gnes
389 3485 503 3535 recitare
521 3489 548 3536 44
570 3487 622 3536 hoc
639 3491 701 3538 actu
717 3489 775 3551 ipso
793 3489 825 3538 iis
862 3486 1061 3535 comcnontium
1072 3486 1385 3549 piccmroetttomquocat.

301 3559 394 3610 adam
406 3559 518 3622 pondus,
531 3560 559 3610 id
570 3562 624 3621 est,
638 3561 824 3612 demonstrare
863 3560 938 3610 idem
950 3560 991 3620 37,
1006 3561 1046 3620 to,
1060 3559 1088 3609 64
1100 3573 1106 3609 :
1124 3560 1213 3609 44444444
1223 3561 1388 3623 (semmel--

299 3647 344 3684 me
361 3635 450 3698 magni
467 3635 630 3696 caelescere,
650 3635 769 3699 prolecto
780 3648 824 3685 me
862 3634 1386 3696 ttacmtustoormporpwmmam.

300 3709 397 3773 pudot;
424 3721 566 3774 perperam
584 3708 619 3759 illi
636 3721 732 3762 sensns
749 3721 824 3759 meos
863 3708 952 3770 Enrip.
969 3707 1033 3757 Hac.
1051 3707 1114 3757 628:
1138 3699 1214 3776 ἔρξει
1230 3707 1304 3778 xoret
1320 3711 1388 3771 πατς

301 3785 508 3847 interpretantur
534 3785 561 3834 et
581 3782 763 3834 simulatorem
781 3795 825 3833 me
860 3778 1006 3843 Ἀχιλλέως
1034 3776 1118 3843 Χοᾶς
1143 3777 1264 3833 θανόντι
1292 3783 1385 3855 amet

301 3857 439 3908 credunt.»
470 3855 568 3908 Similia
586 3858 648 3908 sunt
668 3859 698 3906 Α.
716 3859 743 3906 Ρ.
761 3856 823 3906 2⁰5:
863 3857 905 3907 Sic
917 3854 1185 3924 ellbittorehrorare,
1197 3857 1288 3921 444444,
1307 3869 1389 3908 m

299 3931 379 3992 spirea
394 3931 489 3981 44444444.
519 3933 585 3995 Epp.
602 3932 627 3988 t,
649 3932 673 3992 4,
695 3930 741 3980 60:
768 3935 826 3980 arto
859 3943 929 3993 4444.
950 3955 977 3966 -
998 3929 1099 3991 postea
1117 3929 1208 3994 molto]
1234 3931 1339 3981 huerct.
1361 3933 1385 3990 4,

299 4005 394 4066 stipata
410 4005 631 4056 4444444-444444.
660 4005 826 4054 444444444-
864 4004 927 4055 ato:
959 4003 1027 4053 44444
1050 4001 1093 4052 tttt
1117 4003 1298 4066 mooibouooti
1322 4005 1388 4054 Cart·

300 4081 356 4128 tem
374 4078 400 4129 h,
414 4078 431 4129 l.
449 4079 589 4130 manticato
607 4081 669 4130 sunt
685 4078 823 4140 auditoris,
863 4079 930 4128 44444
952 4077 1033 4129 Pierio
1054 4077 1179 4126 4444444444
1201 4089 1326 4139 coposiore
1340 4089 1388 4126 444-

301 4153 327 4201 tn
350 4151 447 4214 quibus
468 4155 566 4218 scripta
588 4167 636 4204 sua
658 4155 753 4217 poetae
774 4154 826 4202 im·
862 4157 943 4202 aram
964 4152 997 4201 at
1015 4151 1089 4212 quoti
1103 4163 1226 4201 musaeo
1242 4151 1309 4201 64444
1325 4163 1388 4200 cort—

300 4225 405 4289 primis,
426 4228 481 4278 tum
499 4229 579 4278 etiem
596 4229 713 4279 historici
731 4228 827 4278 etora·
864 4226 958 4289 4444444
977 4223 1075 4274 metio.
1103 4223 1178 4274 Pind.
1202 4225 1304 4288 lragm.
1323 4223 1385 4274 463ε

302 4303 386 4362 tores,
411 4311 501 4351 coram
519 4301 607 4353 multis
625 4304 736 4353 recitare
754 4299 827 4352 sole·
864 4294 1117 4350 Μελισσοτεύκτων
1125 4299 1234 4370 κηρίων
1243 4291 1315 4362 ’cot
1323 4293 1388 4362 γλυ-
