3082 4968
274 431 334 498 ΗΞ
653 430 782 482 nonanti
800 429 982 482 sartnanun

317 591 398 658 Cum
420 590 545 676 Sagana
568 587 689 652 mdiore
712 585 901 652 ululantem:
925 583 1028 672 paiior
1050 593 1205 672 utrasque
1320 586 1361 650 25

318 715 451 778 Fecerat
472 709 652 778 horrendus
676 711 843 799 adspectu.
887 705 1040 794 scalpere
1064 715 1182 773 terram

317 832 484 921 Unguibus
506 842 538 898 et
560 831 680 920 pullam
703 831 858 898 divellere
880 827 1044 895 mordicus
1067 847 1182 916 agnam

318 955 517 1041 Coeperunt3
541 974 638 1021 cruor
661 954 693 1018 in
715 952 835 1019 fossam
857 950 1022 1022 confusus,
1050 959 1086 1014 ut
1107 947 1181 1015 inde

317 1077 426 1142 Menas
447 1074 617 1152 elicerent,
641 1075 764 1142 animas
786 1093 944 1161 responsa
965 1070 1107 1138 daturas,

317 1197 424 1263 Laneu
447 1206 479 1262 et
501 1194 624 1284 effigies
646 1206 730 1273 erat,
755 1195 856 1263 altera
878 1214 991 1262 cerea:
1015 1193 1119 1260 maior
1323 1194 1365 1257 30

340 1376 383 1425 25.
401 1379 536 1436 unamque
553 1371 670 1424 malebat
686 1374 856 1424 Kirchnerus.
877 1401 904 1410 —
922 1373 964 1423 tt.
983 1372 1101 1422 mouera
1117 1383 1143 1437 p.
1165 1398 1191 1408 -
1217 1372 1258 1422 29.
1277 1373 1334 1422 Mc-

309 1463 352 1500 oes
367 1449 483 1500 elicerent
500 1450 614 1510 cunnos,
632 1461 752 1511 responsa
768 1449 876 1499 daturas
892 1446 1010 1498 distinxit
1026 1448 1052 1496 F.

277 1600 339 1650 sunt
363 1597 535 1658 teminorum,
562 1597 645 1660 sparsi
667 1598 803 1648 utrorum·
839 1597 935 1661 Zumpt
951 1595 986 1648 ad
1007 1597 1062 1647 Cic.
1081 1597 1157 1647 Verr.
1176 1595 1206 1656 3,
1233 1596 1278 1658 60,
1307 1596 1364 1647 tio.

277 1687 345 1739 que:
363 1673 437 1737 quod
453 1675 558 1738 quoties
570 1674 604 1724 do
622 1672 748 1725 masculis
760 1687 805 1724 oo
841 1699 869 1709 -
888 1672 1006 1734 scalpere
1022 1676 1119 1722 torrem
1137 1671 1271 1735 Uopcitoa]
1290 1684 1366 1722 scro-

277 1750 362 1801 currit
379 1749 421 1812 (de
439 1750 545 1814 Orpheo
562 1751 669 1800 Metam
684 1749 730 1810 ιι,
749 1749 801 1810 tt,
839 1748 904 1799 bem
922 1747 1054 1805 iacturam
1073 1745 1206 1797 eiiioacior
1219 1748 1311 1797 autem
1323 1747 1367 1796 iiic

276 1825 382 1876 Baccho
400 1825 492 1888 [immo
505 1824 539 1874 de
553 1823 673 1887 Bacchis]
691 1825 721 1872 Α.
734 1825 764 1872 Α.
778 1823 802 1883 t,
840 1824 926 1882 iuror,
945 1835 1027 1886 quam
1040 1821 1062 1872 si
1073 1819 1133 1885 paia
1145 1818 1188 1870 vel
1199 1832 1288 1871 marra
1300 1833 1367 1870 usae

276 1899 345 1961 tta,
363 1904 461 1949 Amore
473 1902 531 1950 Am.
544 1899 569 1959 3,
587 1900 612 1960 9,
630 1898 681 1962 tt.)
699 1897 803 1960 absque
840 1901 939 1949 assent.
975 1895 1097 1947 Philostr.
1121 1895 1172 1944 Vit.
1195 1892 1316 1958 apollon.
1336 1895 1365 1956 6,

277 1972 405 2025 librorum
418 1973 595 2038 discrepantia
605 1977 717 2026 exstet.»
736 1975 804 2025 nian-
840 1974 880 2024 ti.
899 1986 925 2037 p.
938 1971 1000 2024 eta:
1020 1969 1089 2022 Θεοὶ
1105 1967 1161 2034 μὲν
1178 1963 1233 2039 γὰρ
1250 1966 1368 2028 χθόνιοι

277 2062 324 2098 unu
342 2047 376 2098 ad
399 2048 473 2098 Ovid.
493 2049 569 2098 Trist.
587 2063 614 2114 p.
629 2050 654 2098 2.
681 2049 735 2099 Cir.
753 2047 801 2099 Od.
838 2045 967 2118 βόθρους
993 2041 1175 2108 ἀσπάζονται
1200 2044 1248 2093 καὶ
1275 2039 1312 2093 τὰ
1336 2041 1368 2094 ἐν

277 2122 307 2183 3,
320 2121 366 2181 20,
380 2120 419 2172 tt.
435 2149 462 2158 -
476 2122 582 2186 Sopatro
597 2123 702 2187 maiore]
717 2124 804 2173 «Haec
839 2123 922 2196 κοίλῃ
943 2119 977 2194 τῇ
998 2118 1034 2192 γῇ
1054 2116 1195 2191 δρώμενα.
1216 2146 1244 2156 -
1265 2119 1366 2182 putata

278 2197 379 2258 &gana
395 2194 490 2246 liberta
511 2197 592 2248 fuisso
609 2197 705 2248 dicitur
725 2199 804 2248 Pom·
839 2225 851 2236 -
866 2225 878 2236 ·
894 2198 997 2262 aquom]
1016 2195 1076 2247 vid.
1095 2195 1172 2245 adv.
1191 2193 1232 2244 63.
1253 2222 1281 2231 -
1299 2209 1368 2245 mor·

277 2270 350 2334 ponii
365 2271 505 2330 sanatoris,
524 2272 569 2336 qui
581 2285 596 2322 a
608 2271 752 2322 triumviris
764 2275 805 2322 ost
841 2274 917 2338 dour]
936 2274 967 2324 Ut
987 2285 1038 2336 per
1061 2272 1145 2321 totam
1161 2269 1231 2319 hauc
1247 2270 1368 2332 magico·

277 2345 457 2410 proscriptus;
474 2345 569 2396 habuit
581 2348 671 2395 autem
682 2357 804 2396 sororem
841 2362 901 2400 rum
918 2348 1017 2398 rituum
1028 2346 1237 2410 descriptionem
1248 2343 1369 2395 domina-

279 2432 309 2470 ae
321 2422 384 2469 netu
395 2420 541 2482 minorem
559 2419 658 2470 idcirco
669 2421 712 2472 hic
723 2421 806 2470 maior
841 2427 885 2474 tur
911 2418 1059 2485 hyperbole
1086 2421 1202 2479 comica,
1232 2419 1271 2470 sic
1298 2419 1326 2469 h.
1349 2417 1367 2469 l.

279 2492 401 2544 dicitur.»
427 2495 512 2546 Corra.
532 2496 610 2552 Cnuo.
636 2495 682 2556 (Ex
693 2507 806 2546 cousue-
843 2497 973 2562 imprimis
985 2507 1044 2546 ram
1056 2493 1198 2545 ridiculum
1214 2493 1241 2544 in
1255 2493 1368 2544 modum

279 2568 371 2619 tudine
396 2569 486 2620 Latina
508 2583 534 2618 v.
552 2569 649 2618 oratore
670 2569 708 2619 sic
734 2567 804 2618 nude
844 2573 994 2634 exaggerat.
1009 2596 1037 2605 -
1050 2571 1201 2632 effloreat]
1218 2567 1369 2619 Recordare

279 2645 395 2710 positum
414 2644 455 2692 vix
472 2645 641 2709 interpretari
663 2657 806 2708 possumus
844 2645 921 2698 Ulixis
946 2644 1042 2708 Odyss.
1069 2643 1101 2705 λ,
1129 2643 1162 2696 36
1186 2657 1247 2708 sqq.
1269 2643 1300 2694 95
1325 2655 1368 2707 sq.

281 2731 344 2768 cum
360 2719 478 2769 Acrone:
506 2720 636 2781 «maiore,
660 2732 742 2782 quam
760 2719 807 2769 tuit
845 2719 965 2771 Philostr.
985 2720 1105 2780 Hectit,
1125 2718 1149 2768 3.
1168 2733 1194 2784 p.
1213 2710 1370 2768 728:“an-

281 2795 338 2858 ipsa
366 2791 513 2854 Canidia»,
543 2791 585 2843 vai
617 2793 805 2858 upoteutiore,
844 2809 900 2845 στα
916 2789 971 2864 γὰρ
982 2789 1054 2864 πρὸς
1071 2791 1232 2857 aticum
1246 2789 1371 2863 βάθροις

281 2877 364 2932 quem
390 2866 498 2917 Canidia
518 2867 618 2916 rituum
642 2867 807 2930 magicorum
844 2869 877 2920 at
892 2869 989 2934 ψυχαὶ
1004 2865 1172 2930 ψεύδονται.
1189 2895 1215 2904 -
1232 2867 1260 2917 ic
1274 2868 1372 2930 forrum

281 2940 402 2991 nondum
420 2954 506 3004 aeque
524 2941 636 3004 perita»,
655 2954 718 2991 cum
730 2942 808 2992 Hein-
844 2945 968 3009 coefum]
988 2945 1089 2995 «omnis
1107 2947 1148 2994 ost
1165 2942 1240 2994 tusus
1257 2943 1284 2992 in
1297 2955 1372 2993 scro-

281 3016 365 3066 riohio
383 3017 410 3066 at
431 3016 578 3077 Diiutzero‚
605 3029 674 3079 quos
699 3015 805 3077 feiaiiii,
844 3020 935 3071 bam.»
957 3043 983 3056 -
1002 3020 1090 3070 Manes
1104 3045 1120 3057 -
1137 3016 1245 3081 animm]
1262 3018 1311 3067 Vix
1328 3017 1372 3067 di-

282 3089 407 3142 Cauidiae
426 3092 454 3141 et
470 3091 513 3142 hic
532 3092 559 3140 at
580 3091 663 3156 Epod.
682 3093 707 3143 6.
727 3094 807 3156 atque
845 3094 962 3146 cendum
981 3095 1039 3144 erat
1060 3106 1120 3144 esse
1138 3093 1207 3142 hano
1224 3091 1372 3156 oppositio-

282 3166 321 3216 47.
340 3164 441 3230 primas
458 3167 548 3230 portes
559 3165 656 3228 tribui,
675 3167 809 3217 secunda·
845 3183 921 3228 uem,
947 3168 971 3219 si
988 3180 1038 3218 nec
1061 3169 1113 3218 Fen
1136 3170 1228 3217 contra
1245 3167 1372 3216 Latinita-

281 3241 334 3292 rias
359 3240 497 3291 dumtaxat
521 3243 638 3304 Saganae
666 3245 693 3292 et
717 3242 807 3292 Veiae.
846 3247 901 3294 tam
919 3242 1064 3292 iunxisset:
1093 3241 1193 3292 animos
1215 3255 1316 3302 murrea,
1344 3241 1371 3292 id

281 3315 360 3366 Solita
378 3315 569 3378 significatione
592 3316 709 3367 indicere
726 3316 809 3367 voluit
844 3319 898 3379 est,
916 3315 1015 3375 bonas,
1028 3329 1116 3378 neque
1129 3314 1195 3366 eiius
1207 3317 1373 3368 construxis-

281 3391 361 3454 potta
387 3390 518 3451 Saganam
544 3390 673 3440 maiorem
699 3391 809 3454 propter
845 3396 899 3453 sat,
927 3397 970 3442 «ut
992 3391 1044 3454 (dii)
1066 3405 1153 3443 moces
1174 3393 1289 3444 siicorm
1312 3393 1373 3444 orri-

283 3465 363 3541 ipsus⁸
382 3462 431 3512 has
459 3463 531 3512 arms
561 3465 645 3526 magis
677 3461 808 3514 famosam
843 3481 925 3518 mar.»
971 3468 1034 3518 Toto
1064 3481 1108 3519 ras
1138 3471 1229 3519 autem
1260 3481 1373 3534 prorsus

282 3537 455 3600 fuissequam
467 3537 599 3587 minorem
610 3551 740 3588 sororem.
758 3540 808 3590 Pro
845 3545 1024 3594 consentanca
1042 3541 1163 3607 populari
1180 3542 1285 3594 iiior-um
1302 3547 1373 3594 tem-

282 3613 345 3664 ueto
363 3611 471 3663 nomino
489 3625 504 3662 a
521 3625 547 3662 v.
559 3625 624 3676 sapa
640 3612 723 3664 hahet
734 3615 808 3665 Diiu-
846 3629 942 3682 porum
960 3617 1149 3680 superstitioni.
1169 3619 1211 3668 sic
1224 3619 1279 3670 Cic.
1292 3620 1371 3670 Tusc.

282 3691 352 3748 tzar,
379 3685 429 3738 sed
449 3687 556 3738 diversa
580 3689 621 3738 est
644 3685 762 3752 syllabae
779 3703 809 3739 so
847 3692 874 3753 t,
894 3691 941 3752 46,
964 3690 1008 3742 37:
1036 3703 1102 3753 quae
1121 3705 1191 3742 mour
1206 3695 1303 3744 mntem
1319 3695 1374 3757 Ap·

283 3763 435 3826 quantitas.)
448 3762 630 3828 -uluiootch
640 3756 810 3830 Ὀλολιιγμοὶ
843 3760 902 3830 pius
917 3771 1124 3837 νεκρομαντιϊα
1139 3767 1256 3830 sociabat.

282 3837 399 3887 maxime
417 3837 521 3887 seminis
538 3837 565 3888 iu
582 3837 666 3888 seems
687 3837 810 3890 tribuun-
879 3839 968 3891 36-36.
995 3841 1082 3892 tama
1098 3841 1160 3905 cot]
1173 3841 1375 3892 Lcoeoreicre-

283 3913 334 3960 tur.
364 3911 417 3960 Cir.
436 3912 629 3976 vocitent,
648 3911 705 3964 688.
733 3913 808 3965 ovid.
846 3914 893 3965 bat
905 3913 1056 3976 Canidiam,
1075 3929 1162 3976 coreo,
1180 3929 1251 3979 quaa
1265 3929 1376 3968 vexare-

283 3985 389 4034 Metam.
408 3985 436 4044 t,
456 3986 512 4036 690.
534 4013 561 4023 -
584 3986 712 4050 utrmque]
737 3989 809 4038 «Non
846 3990 890 4037 tur
917 3989 1032 4052 igneque
1060 3987 1211 4052 liquefieret
1240 3991 1278 4054 (v.
1302 3991 1374 4055 ik),

284 4059 436 4109 necessaria
444 4061 597 4112 coniectura
607 4066 749 4124 utrmque.
768 4063 808 4114 cf.
846 4065 995 4114 amatorem
1011 4063 1156 4115 infidelem.
1196 4067 1316 4116 «Leucae
1338 4067 1376 4116 ei·

283 4133 355 4195 virg.
374 4135 439 4184 Aen.
458 4134 484 4196 6,
512 4135 569 4186 686,
600 4137 654 4189 Cic.
676 4150 703 4201 p.
723 4138 807 4201 Liger.
846 4138 921 4201 figios
939 4137 1131 4203 Compitalibus
1149 4142 1230 4190 noctu
1241 4139 1375 4191 dabantur

285 4207 330 4267 ta,
348 4205 388 4256 36.
419 4206 469 4258 Sal.
490 4209 618 4262 citrino.
639 4213 715 4264 Caes.
733 4213 807 4262 B.G.
847 4213 872 4262 iu
890 4214 1018 4277 compita,
1045 4216 1084 4264 tot
1101 4228 1228 4276 numero.
1255 4219 1320 4279 quot
1341 4215 1375 4266 ii-

285 4279 367 4341 4,63.
387 4283 415 4332 Β.
430 4284 458 4332 C.
476 4283 504 4344 2,
519 4285 560 4334 6.»
592 4285 708 4336 Dictaea.
729 4285 805 4337 Coni.
846 4286 927 4338 beros
944 4287 1066 4338 homines
1087 4288 1267 4354 necabantur
1283 4289 1374 4340 salvos
