3130 4966
623 435 683 488 tiit.
702 437 721 487 i.
756 437 824 489 ssi.
843 437 885 490 ili.

209 594 255 660 Ne
276 592 351 681 quis
373 591 424 658 fur
445 601 550 671 esset,
573 613 638 659 neu
660 592 756 670 Isim,
781 615 844 660 neu
867 595 940 683 quis
963 593 1096 664 adulter.

209 716 288 782 Nam
310 714 368 780 luit
389 723 463 781 ante
485 713 641 782 Helenam
663 735 789 782 cunnus
811 715 975 782 teterrima
997 715 1072 784 belli

209 835 329 914 Causa,
353 835 412 903 sod
435 835 552 923 ignotis
573 836 740 924 periemnt
760 835 918 903 mortibus
940 836 1000 915 illi,

209 957 299 1038 Quos
320 977 474 1025 venerem
496 957 651 1025 incertam
673 959 837 1045 rapientes
859 977 950 1025 more
973 958 1114 1026 serarum

209 1076 336 1144 Viribus
356 1078 476 1146 editior
497 1077 670 1156 caedebat,
695 1089 730 1146 ut
753 1079 784 1144 in
807 1099 906 1166 grege
928 1090 1049 1147 taurus.
1235 1081 1296 1147 tto

209 1201 283 1266 lura
304 1199 433 1267 inventa
455 1209 544 1266 metu
566 1200 674 1266 iniusti
698 1199 817 1266 fateare
841 1219 977 1267 neeesse
999 1211 1065 1278 est,

208 1322 367 1409 Tempora
389 1321 416 1387 si
438 1321 603 1408 laetosque
625 1320 705 1388 velis
727 1321 878 1388 evolvere
902 1321 1021 1387 mundi.

208 1443 273 1509 Nec
295 1452 408 1510 natura
429 1453 537 1530 potest
558 1443 643 1510 iusto
665 1462 839 1512 secernere
860 1443 1024 1533 iniquum,

275 1621 938 1684 ⁴06.rteqttteudttlterS.-l0‘l.deten·t'mec.

207 1783 333 1822 venere.»
364 1771 422 1820 Non
438 1770 572 1836 approho;
590 1772 733 1822 occasum
769 1775 879 1832 cornptoa
895 1773 958 1822 erait
974 1771 1083 1824 eduum
1103 1775 1295 1828 crem--Hr-

207 1845 295 1910 potius
314 1844 518 1905 Notariaute,
546 1846 604 1896 soni
625 1843 660 1894 illi
682 1844 733 1894 ho-
769 1845 1024 1896 meteororum:
1045 1847 1296 1912 Viseresorteeoate

207 1919 271 1970 mini
287 1917 422 1970 naturales
440 1919 559 1970 nonduin
572 1921 673 1970 certam
684 1918 732 1969 ali·
768 1919 956 1983 Apansemnooo
971 1921 1061 1980 Multi·
1078 1923 1121 1972 sed
1135 1937 1219 1974 omnes
1230 1926 1295 1976 illa·

207 2007 288 2058 quarn
305 1995 441 2045 notionem
459 1994 652 2058 exprimentes,
671 1994 732 2057 qui-
768 1993 909 2044 erimcbiles
929 1999 1051 2059 ardenar
1071 1995 1198 2060 spesque
1217 1999 1295 2064 ioppe

205 2067 258 2119 bus
286 2071 377 2121 tamen
404 2069 465 2120 ante
497 2067 626 2132 insuam,
661 2081 730 2132 quae
768 2069 852 2118 Nocte.
873 2095 901 2104 -
919 2069 1023 2135 curem]
1045 2068 1180 2134 plebeium
1199 2075 1226 2122 et
1243 2075 1294 2124 ml-

206 2144 312 2209 proprie
325 2141 588 2204 dicitur,·inventam
600 2143 635 2193 ad
650 2145 730 2194 animi
769 2143 869 2192 micum
889 2142 1051 2194 vocabulum
1071 2158 1121 2209 pro
1139 2145 1292 2198 «muliere.-

206 2217 421 2282 perturbationes
438 2220 518 2281 atque
535 2217 647 2268 affectus
664 2215 731 2282 (ren-
771 2243 798 2252 -
822 2217 925 2281 iprtctie]
950 2219 1011 2280 quia
1034 2217 1121 2269 nullus
1143 2223 1222 2283 po'eta
1245 2234 1294 2272 eo-

205 2290 257 2354 rus)
277 2290 454 2354 qualicunque
476 2291 557 2342 modo
579 2291 731 2355 significan·
768 2303 828 2342 rum
850 2289 925 2342 lortia
947 2291 1017 2342 iacta
1040 2291 1192 2343 celebravit.
1218 2323 1246 2332 -
1267 2311 1291 2345 o.

205 2366 255 2416 dos
279 2365 436 2424 utebantur;
462 2367 557 2430 postea
581 2366 731 2416 inconditos
766 2365 889 2416 iocatum
917 2366 1056 2431 rapientes]
1083 2380 1204 2418 «venere
1235 2371 1293 2422 sine

205 2441 322 2504 primum
339 2439 389 2490 hos
409 2453 490 2490 sonos
513 2439 672 2491 articulatim
689 2440 731 2490 di·
768 2439 901 2490 connubio
930 2438 1017 2490 stabili
1046 2438 1184 2503 libidinose
1213 2445 1294 2494 uten-

206 2515 354 2577 stincteque
367 2515 529 2577 compositos
545 2515 636 2566 verbis
653 2517 732 2564 nota·
769 2515 836 2564 tes.»
856 2541 885 2550 -
903 2515 1000 2579 editior]
1020 2516 1220 2566 «eminentior»
1251 2519 1294 2568 vi-

206 2587 282 2648 bant,
306 2587 334 2636 id
352 2591 406 2648 est,
425 2590 505 2639 certis
521 2588 612 2641 verbis
629 2591 730 2639 certam
768 2587 848 2638 detur
875 2587 976 2639 dictum
1004 2589 1061 2638 sina
1090 2589 1212 2654 exemplo
1243 2605 1293 2658 pro

206 2661 423 2726 significationem
454 2662 645 2724 attribuerunt,
677 2675 729 2727 qua
769 2661 949 2726 «superiore»

205 2739 231 2789 in
256 2749 382 2788 sermone
408 2737 562 2800 quotidiano
587 2738 638 2788 sibi
664 2751 730 2788 con·
801 2735 922 2786 tit-tie.
949 2737 1012 2786 Iuro
1027 2737 1130 2788 ineerta
1145 2743 1213 2788 meta
1229 2739 1292 2803 cet]

206 2813 351 2864 sterteret
370 2812 561 2863 convenienter
581 2815 728 2863 uterentur.
768 2809 865 2860 Contra
879 2811 958 2861 Stoici
975 2805 1009 2861 τὸ
1025 2807 1138 2862 δίκαιόν
1149 2827 1226 2875 φασι
1236 2809 1294 2875 φύ-

208 2889 280 2938 Voees
300 2899 433 2948 maerore
456 2889 498 2938 est
519 2887 598 2950 igitur
617 2885 730 2959 βραχυ-
768 2897 813 2934 σει
838 2881 912 2936 εἶναι
936 2886 985 2935 καὶ
1013 2881 1057 2951 μὴ
1083 2886 1173 2936 θέσει.
1217 2886 1291 2938 Stob.

206 2959 289 3028 loytur
304 2973 365 3026 pro:
395 2974 491 3012 «voces
512 2960 621 3025 singulis
643 2963 731 3014 sensi·
768 2957 821 3009 Ecl.
844 2960 924 3023 Phys.
943 2961 972 3021 2,
996 2961 1020 3010 7.
1038 2973 1065 3024 p.
1085 2959 1142 3011 titi.
1165 2961 1196 3012 ii.
1215 2961 1293 3012 Euri-

206 3035 257 3085 hus
274 3033 503 3099 respondentes»,
525 3035 552 3085 id
570 3039 611 3086 cst
628 3049 729 3087 evoces
765 3033 843 3097 pides
860 3033 886 3083 in
903 3033 1091 3084 Andromedae
1109 3033 1149 3084 Fr.
1163 3035 1209 3085 ie:
1234 3033 1293 3102 Τήν

205 3109 322 3173 singulos
340 3109 478 3160 hominum
496 3123 593 3162 seusus
609 3110 730 3161 indican-
766 3122 813 3158 τοι
845 3106 935 3172 Δίκην
968 3105 1085 3173 Myouor
1113 3106 1190 3158 παιδ’
1218 3105 1293 3160 elsae

205 3188 246 3235 les
271 3184 360 3248 potius
383 3195 465 3247 quam
491 3182 561 3234 clare
585 3185 729 3237 etiamtunc
767 3179 848 3244 Διός,
872 3175 973 3248 Ἐγγύς
994 3195 1025 3232 τε
1042 3184 1132 3232 relatu
1148 3180 1200 3249 τῆς
1220 3183 1293 3254 βρο-

206 3258 399 3309 enunuuntas.»
433 3260 526 3322 Neque
549 3271 614 3310 vero
636 3273 662 3310 v.
683 3274 731 3310 vo·
766 3255 824 3306 τῶν
845 3256 991 3326 τιμωρίας.
1027 3257 1064 3306 Ex
1086 3256 1204 3306 doctrina
1227 3271 1293 3308 vero

205 3329 468 3394 cesh.l.signiflcare
480 3333 729 3397 potestatuum-ecla,
767 3331 950 3395 sophistarum
975 3331 1136 3396 Epicurique
1163 3331 1226 3382 nihil
1250 3334 1292 3384 iu-

205 3408 253 3456 dea
272 3405 389 3466 Darrken,
416 3406 456 3455 die
477 3406 610 3470 lisinam,
636 3409 666 3456 ut
688 3405 730 3457 alii
767 3408 839 3456 stum
857 3407 903 3454 aut
919 3406 1046 3466 iniustum
1063 3408 1105 3456 eat
1121 3409 1229 3468 natura,
1243 3407 1292 3458 sed

205 3480 305 3532 volunt.
339 3480 440 3530 vitruv.
461 3482 492 3542 2,
518 3481 547 3529 l:
573 3482 602 3530 io
626 3481 729 3545 (primo)
767 3479 871 3544 legibus
888 3494 920 3531 ac
937 3480 1072 3539 moribus;
1100 3483 1192 3532 contra
1214 3483 1292 3532 natu·

204 3555 332 3606 meten
355 3567 488 3618 conprmnr
514 3567 571 3605 ment
595 3556 732 3619 presume-
766 3553 822 3603 rale
846 3556 888 3606 est
910 3555 1054 3606 discrimen
1077 3556 1147 3604 inter
1169 3554 1240 3605 bona
1266 3558 1294 3606 et

205 3631 299 3680 beatur
319 3629 394 3679 alito
414 3641 427 3678 e
445 3629 537 3690 spiritu
557 3643 642 3691 voces,
667 3643 730 3693 quo-
768 3626 851 3691 mala,
870 3632 898 3680 et
909 3634 1004 3693 suopte
1016 3630 1140 3680 instinctu
1151 3631 1233 3680 homo
1245 3630 1293 3680 du-

204 3706 304 3756 tidienu
336 3705 513 3754 consuetudine
538 3703 674 3767 voeabula,
703 3708 731 3754 at
767 3703 837 3753 citur
852 3703 886 3753 ad
910 3702 951 3753 illa
969 3703 1134 3768 appetenda,
1162 3703 1230 3752 haec
1250 3703 1293 3753 iu-

205 3779 357 3842 olrtipereot,
374 3779 568 3838 conditum,
591 3777 679 3828 Made
694 3779 730 3828 st-
767 3776 872 3840 gieuda.
897 3805 925 3814 —
949 3777 1070 3840 Tmrporo
1090 3776 1156 3841 cet]
1179 3778 1224 3826 «si
1250 3777 1293 3828 hi·

204 3853 347 3918 musondo
371 3865 412 3902 ree
435 3854 535 3914 saepiae
559 3852 585 3902 in
609 3865 671 3915 auat,
698 3865 730 3902 ec
766 3851 864 3902 storias
890 3864 940 3916 ope
965 3863 980 3901 e
1006 3851 1141 3915 praesenti
1170 3852 1291 3914 tempore

205 3931 293 3978 wenta
307 3926 361 3989 seri
381 3926 485 3989 summio
501 3932 635 3989 coeperam
651 3930 675 3976 et
692 3927 730 3975 ita
766 3923 832 3975 velis
853 3925 941 3975 redire
963 3924 998 3974 ad
1019 3923 1135 3987 primam
1155 3924 1220 3974 iuris
1237 3925 1293 3974 ori-

204 4013 329 4052 sermoues
345 4001 411 4050 ieter
426 4014 452 4051 se
462 4006 671 4065 procreaverant.
767 3999 855 4062 poem
880 4012 994 4063 eamque
1016 3996 1175 4062 explicare·
1196 4025 1223 4034 -
1241 3997 1293 4048 Nec

239 4075 361 4126 itt-tto.
382 4076 451 4126 Naro
469 4076 519 4139 fait
534 4076 597 4138 cet]
616 4075 729 4139 nilaptus
766 4078 862 4124 amara
873 4074 935 4136 cet]
954 4075 1027 4124 «Non
1044 4075 1079 4123 ita
1096 4087 1146 4137 per
1157 4075 1290 4134 naturam,

204 4147 323 4200 mulieris
341 4148 389 4198 iult
405 4147 466 4199 belli
483 4161 565 4200 causa
576 4148 730 4198 foedissima
768 4147 832 4213 quid
856 4148 955 4198 iustum
972 4148 1006 4197 sit
1022 4149 1067 4198 aut
1088 4148 1227 4208 iniustum,
1251 4149 1292 4196 in-

206 4225 287 4286 etque
314 4221 421 4285 indigna
448 4221 490 4272 vel
519 4226 580 4274 ante
609 4225 730 4286 tempora
768 4219 884 4284 telligere
907 4231 1065 4284 possumus,
1092 4220 1228 4284 quomodo
1250 4221 1293 4270 in-

205 4297 342 4368 Trolauam
369 4297 418 4346 od.
437 4297 467 4358 i,
486 4297 514 4358 9,
533 4297 577 4347 te:
605 4297 662 4346 Noa
677 4297 732 4346 sole
769 4293 905 4358 telligitur,
924 4293 989 4357 quid
1006 4293 1068 4344 utile
1087 4297 1133 4344 nul
1150 4292 1240 4345 inutile
1258 4293 1292 4344 sil
