3174 4974
301 425 363 491 58¹2
648 429 775 478 uumrn
792 427 1010 500 srisromnuu

650 896 915 958 mmm
946 898 1041 958 xx.

347 1031 552 1094 Vertumnum
574 1029 767 1114 Ianumque,
791 1026 888 1105 liber,
913 1036 1060 1114 spectare
1080 1027 1214 1104 videris,

367 1225 416 1275 ΕΡ.
436 1225 488 1274 llll.
507 1225 645 1288 Inscriptio
663 1223 767 1275 Codicis
785 1224 819 1274 E:
837 1224 875 1274 Ad
891 1225 983 1275 immun
999 1238 1080 1274 muru.
1102 1253 1129 1262 -
1149 1227 1172 1274 4.
1195 1228 1357 1278 Vurtsemum

335 1290 364 1339 E.
385 1315 413 1325 —
431 1302 467 1350 sp.
485 1290 579 1338 uetusta
595 1288 755 1339 Praedicow.

335 1455 388 1506 llll.
416 1453 541 1518 Epilogus
562 1453 703 1505 manilestu
725 1455 769 1504 bic
787 1457 828 1505 est
864 1455 942 1505 utens
965 1457 1039 1505 extra
1061 1455 1171 1506 domum
1195 1456 1307 1508 herilem
1325 1470 1390 1508 eva-

302 1529 381 1596 primi
397 1527 575 1593 Epistularum
592 1528 676 1588 Libri;
695 1529 748 1578 iam
765 1541 826 1578 cnm
864 1530 921 1591 geri
937 1541 969 1577 uc
980 1527 1105 1579 liberiore
1116 1531 1170 1578 vita
1181 1529 1231 1580 frui
1243 1532 1323 1596 cupit,
1342 1545 1391 1582 ve-

301 1618 327 1654 ν.
350 1605 390 1654 28,
420 1602 512 1666 Lepidi
537 1605 565 1652 et
589 1600 662 1652 Lollii
687 1602 827 1653 consulum
864 1615 925 1652 rum
936 1605 1047 1667 propter
1057 1604 1109 1654 boc
1120 1605 1209 1668 ipsum
1225 1603 1324 1665 multis,
1343 1607 1391 1656 im·

302 1678 455 1731 nominibus
473 1679 627 1741 designetur
640 1691 664 1728 a.
676 1690 702 1728 n.
717 1693 740 1728 o.
757 1677 825 1739 uas,
864 1677 957 1741 primis
978 1679 1170 1742 corruptionis,
1199 1678 1325 1742 periculis
1343 1692 1391 1730 ex-

302 1754 379 1806 multi
404 1752 575 1803 crediderunt
600 1751 676 1803 aliter
698 1753 754 1804 lieri
774 1765 827 1802 nun
865 1751 967 1814 positus
981 1754 1029 1801 est.
1058 1752 1194 1801 Rationem
1207 1752 1322 1803 eandem
1335 1752 1390 1803 iere

303 1829 436 1894 potuisse,
463 1839 544 1890 quam
571 1831 600 1876 ut
624 1828 682 1892 ipso
707 1840 740 1877 eo
757 1839 828 1877 annu
866 1825 912 1875 tlbi
930 1825 1014 1888 linge,
1042 1839 1111 1888 quae
1131 1825 1179 1876 luit
1196 1827 1265 1876 inter
1282 1829 1391 1878 Cicero-

303 1905 372 1953 baec
396 1899 510 1965 Epistola
538 1903 687 1964 composita
712 1901 754 1952 sit.
796 1903 830 1950 At
866 1911 929 1949 nem
947 1903 973 1949 et
990 1900 1127 1960 Tironem,
1150 1901 1265 1950 Atticum
1283 1904 1310 1951 et
1330 1899 1392 1951 Ale-

303 1989 368 2026 veru
392 1987 454 2024 cum
475 1977 579 2024 constet
595 1974 725 2038 Epistulas
742 1975 782 2024 42.
802 1977 830 2024 et
865 1975 925 2034 xin,
952 1973 1050 2036 quibus
1072 1974 1157 2024 servis
1180 1975 1324 2026 carissimis
1340 1975 1391 2026 do·

305 2050 345 2100 48.
364 2047 445 2100 scribi
462 2061 514 2097 non
533 2049 650 2112 putuisse
664 2049 713 2099 nisi
723 2063 748 2097 a.
762 2062 789 2098 u.
803 2062 827 2098 c.
867 2047 930 2098 mini
940 2047 981 2096 vix
991 2047 1137 2110 quidquam
1147 2059 1245 2110 negare
1257 2051 1390 2112 poterant.

303 2122 372 2183 734,
398 2121 595 2173 inextricabiles
618 2121 749 2174 nonnullis
766 2121 829 2172 inde
866 2125 918 2172 Per
942 2123 1025 2170 tutam
1048 2123 1138 2172 antem
1156 2121 1298 2186 Epistulam
1315 2125 1392 2188 pueri

240 2199 245 2208 “
304 2198 367 2247 oriri
384 2197 457 2246 visae
477 2198 539 2246 sunt
555 2194 734 2258 difficultates,
761 2196 829 2246 adeo
867 2194 971 2245 delicati
989 2198 1017 2244 et
1027 2197 1133 2246 venusti
1148 2194 1207 2245 libri
1219 2195 1316 2261 duplex
1327 2199 1394 2248 ima-

304 2275 334 2320 ut
350 2269 511 2320 Kircbnerus
541 2269 668 2329 (Quaestt.
690 2271 779 2320 llorat.
801 2283 827 2334 p.
867 2280 900 2331 gu
922 2270 1019 2319 mirum
1042 2269 1068 2318 in
1086 2269 1197 2319 modum
1217 2271 1347 2334 permixta
1365 2275 1394 2322 et

306 2344 356 2405 37.)
391 2342 425 2392 ab
451 2343 559 2392 iloratio
590 2343 735 2406 Epistulam
760 2345 830 2394 benc
868 2342 979 2393 contusa
996 2345 1045 2393 est.
1075 2344 1124 2403 Qui
1142 2343 1176 2393 de
1193 2343 1392 2398 filioveletiam

306 2417 383 2479 quasi
399 2417 525 2466 comitem
537 2416 646 2480 Epudon
662 2416 729 2468 libro
747 2419 830 2480 (cuius
868 2417 902 2467 de
914 2416 966 2466 tilia
977 2429 992 2466 u
1004 2419 1081 2481 patre
1090 2419 1163 2467 extra
1174 2417 1285 2468 domum
1295 2419 1393 2470 emissa

307 2490 451 2560 editionem
469 2493 580 2554 propter
595 2491 710 2542 rationes
726 2489 832 2542 nolm-
868 2491 1032 2555 interpretatl
1049 2493 1111 2541 sunt
1127 2489 1265 2554 dilugiam,
1283 2505 1336 2543 non
1348 2505 1395 2544 se-

306 2560 361 2627 κὰς
378 2577 463 2628 nsque
481 2564 514 2614 ad
533 2579 557 2614 a.
571 2579 597 2614 u.
611 2579 635 2615 c.
649 2565 705 2615 733.
719 2565 830 2618 distule-
869 2565 901 2615 tls
913 2566 1090 2630 respexerunt
1100 2565 1281 2616 Romanorum
1292 2579 1392 2630 mores,

306 2638 347 2700 rit)
371 2639 547 2702 compositam
567 2651 682 2702 eamque
700 2653 830 2692 unacum
869 2653 901 2689 ex
913 2639 1011 2701 quibus
1023 2637 1149 2689 indecora
1159 2639 1252 2690 luisset
1262 2639 1321 2691 libri
1330 2655 1393 2692 cum

305 2711 349 2762 illo
366 2711 500 2763 volumine
518 2713 552 2763 ad
569 2714 730 2777 Augustum,
758 2717 831 2765 blae-
869 2712 937 2775 lilio,
964 2714 1048 2776 magis
1074 2713 1153 2763 edam
1180 2713 1305 2764 indecora
1329 2728 1393 2766 eum

306 2790 428 2838 cenatum
446 2787 564 2851 aliosque
583 2787 699 2840 lautores
719 2791 747 2840 et
763 2791 831 2839 ami·
869 2788 920 2838 fllia
946 2787 1122 2852 prostitutionl
1143 2790 1268 2852 expositis
1286 2801 1394 2854 compa·

307 2874 354 2911 cos
381 2863 490 2912 missam
514 2874 574 2912 esse
597 2863 738 2914 existimet.
774 2865 831 2924 Qua
869 2863 948 2921 ratiu;
974 2875 1024 2911 nec
1047 2861 1170 2912 advocari
1188 2862 1306 2914 debebat
1322 2865 1394 2914 blar-

307 2935 415 2998 quidem
434 2937 557 3000 opinione
577 2935 640 2987 uibll
658 2937 763 2987 videtur
779 2939 832 2987 im·
870 2935 937 2986 tialis
955 2936 979 2997 4,
998 2936 1039 2996 66,
1058 2937 1087 2985 li:
1109 2935 1212 2986 Secreto
1228 2951 1321 2999 quaere
1337 2951 1395 2986 cur*-

305 3007 478 3074 probabilius.
517 3011 646 3070 Quocirca
669 3013 831 3062 Diintzerum
869 3011 940 3060 minu
964 3013 987 3059 et
1010 3011 1086 3060 rudm
1109 3023 1207 3072 ουτω,
1234 3011 1303 3073 Quos
1325 3011 1395 3060 uouit

306 3083 436 3146 imprimis
454 3097 524 3134 nune
541 3086 650 3134 secutus
669 3086 707 3136 sic
720 3085 754 3135 de
771 3085 833 3135 ulti-
869 3097 934 3134 uum
949 3085 1090 3146 mutatoque
1100 3085 1213 3148 sipnutm
1223 3083 1333 3134 eumue
1343 3086 1396 3148 ipsa

307 3158 358 3207 mis
369 3155 507 3208 versiculis
520 3158 691 3208 statuendum
703 3158 831 3208 arbitror:
868 3159 975 3222 vtrplutu
996 3163 1071 3220 puter·
1095 3159 1212 3220 obortus,
1240 3159 1309 3221 Quue
1332 3159 1396 3208 tritu

307 3230 364 3279 Hoc
376 3230 513 3280 dumtaxat
524 3231 602 3293 dicit,
622 3245 651 3282 se
663 3245 687 3282 a.
701 3245 727 3282 u.
739 3245 762 3282 c.
773 3233 830 3282 733.
869 3233 934 3281 doru
956 3245 1006 3281 uun
1028 3231 1154 3281 laborauit
1169 3237 1260 3282 mauu.
1291 3233 1394 3282 litenlm

307 3301 341 3352 ad
353 3304 589 3368 quadragesimum
601 3309 727 3369 quartum
739 3308 832 3358 aetatis
870 3305 940 3356 aliud
965 3310 1007 3356 est
1029 3306 1102 3368 oirpu
1124 3306 1227 3368 uberto,
1254 3305 1324 3356 allud
1339 3306 1395 3369 fillo

307 3391 406 3428 annum
424 3380 596 3442 pervenisse,
616 3381 771 3444 neutiquam
788 3393 833 3430 ve·
868 3382 949 3444 sirpo.
968 3381 1395 3432 RecteiamCommentaturCrn·

307 3465 351 3510 ro,
370 3465 400 3501 se
417 3453 476 3516 ipsu
493 3451 536 3502 illo
553 3467 623 3504 anno
641 3454 710 3505 banc
727 3456 832 3518 Epistu-
870 3455 936 3518 quii:
957 3455 1028 3504 «linc
1045 3452 1159 3518 Epistula
1177 3453 1319 3516 alloquitur
1335 3468 1395 3505 me-

307 3524 361 3576 lam
378 3527 576 3589 composuisse3
591 3530 673 3578 immo
685 3529 784 3592 scripta
796 3530 834 3578 vi-
869 3527 1021 3592 tapborictls
1038 3527 1136 3577 librum
1153 3539 1232 3578 suum
1244 3529 1320 3591 quasi
1335 3541 1393 3579 rem

308 3601 387 3651 delur
402 3614 427 3652 a.
446 3601 519 3662 iil,
539 3614 592 3663 quo
610 3602 678 3653 duae
697 3603 763 3654 aliae
781 3604 830 3666 (42.
870 3603 1013 3652 animatam
1038 3614 1207 3665 puerumque
1237 3603 1396 3666 prostituen-

308 3677 335 3724 ut
352 3675 402 3737 48.)
428 3689 458 3726 re
478 3689 542 3726 vera
569 3682 632 3728 suut
648 3679 830 3742 compositae;
870 3677 949 3736 dum,
968 3675 1119 3738 significans
1136 3677 1240 3725 eumin
1257 3675 1395 3740 publicum

308 3761 450 3800 numerum
480 3753 570 3800 autem
596 3749 669 3801 illum
698 3751 830 3814 indicarit,
870 3749 979 3813 quidem
1003 3747 1070 3799 velle
1091 3750 1255 3813 procedere,
1283 3763 1312 3800 se
1330 3763 1395 3800 vero

308 3825 369 3887 quia
387 3825 530 3876 commode
545 3838 577 3875 ac
588 3828 700 3875 venusto
711 3827 832 3876 versicu-
870 3823 1013 3887 probibere
1039 3823 1081 3884 lex
1098 3835 1152 3886 quo
1168 3835 1194 3872 v.
1213 3823 1326 3874 tortasse
1343 3822 1396 3873 iiu-

306 3897 338 3948 lis
364 3899 475 3962 exprimi
500 3901 614 3962 poterat.
648 3901 773 3948 Ceterum
792 3899 832 3948 ie·
870 3898 908 3946 xit
931 3898 996 3948 mira
1029 3897 1197 3948 Praedicouii
1223 3899 1393 3948 coniectura:

306 3971 372 4020 stiva
398 3970 493 4022 ludens
516 3971 609 4034 dilogia
632 3969 730 4021 librum
753 3984 832 4022 suum
869 3975 981 4033 spectare
1003 3971 1139 4035 veturia).-
1173 3969 1277 4021 Similes
1305 3973 1395 4022 autum

307 4043 402 4095 eadem
429 4059 491 4096 cum
516 4045 691 4096 sollicitudine
718 4047 744 4096 et
768 4059 832 4095 cura
870 4045 948 4095 buius
973 4044 1104 4108 Epistulae
1126 4048 1189 4094 sunt
1214 4045 1298 4095 Ovidii
1316 4045 1393 4095 Trist.

307 4119 401 4168 ficticia
427 4120 478 4170 buc
504 4119 619 4184 Epistola
641 4133 657 4169 a
679 4133 709 4170 se
727 4120 833 4171 dimittit
870 4121 899 4180 4,
916 4121 938 4169 l.
957 4117 1080 4171 Martialis
1094 4119 1122 4178 4,
1139 4119 1163 4168 3.
1176 4120 1201 4180 2,
1216 4120 1239 4170 4.
1253 4119 1278 4180 3,
1292 4119 1315 4168 2.
1330 4117 1354 4178 l,
1367 4121 1394 4168 5.

307 4205 338 4242 ac
364 4193 487 4245 domiuus
504 4193 640 4246 servulum
660 4193 710 4246 sibl
729 4207 830 4254 carum,
869 4193 973 4244 Anthol.
994 4191 1073 4244 Palat.
1094 4194 1139 4254 42,
1158 4192 1215 4243 208.
1236 4193 1274 4256 (ll.
1288 4191 1395 4257 putu.)

308 4267 353 4330 qui
378 4280 462 4332 prope
487 4270 540 4320 iam
563 4267 649 4320 liberti
675 4269 830 4320 condicione
904 4269 925 4318 l.
939 4269 963 4318 2.
987 4266 1154 4331 Vertumumn]
1176 4266 1257 4318 deum
1274 4265 1395 4318 omnium
