3156 4972
259 427 323 492 208
640 429 967 503 nomrusnruannuu

302 585 486 652 Libertinos
507 595 591 664 eret,
615 587 671 674 qui
693 587 817 654 circum
838 587 978 675 compita
999 588 1107 656 siccus

302 708 412 774 Leutis
435 727 528 773 mane
551 726 652 774 senex
674 706 823 775 manibus
845 707 997 777 currebat
1018 719 1067 789 et,
1093 710 1198 778 Unum
1220 749 1264 760 -

303 828 388 910 Quid
403 837 468 896 tam
483 829 659 917 magnum?
680 827 805 896 addens
816 865 867 908 —,
884 852 984 898 unum
995 852 1048 898 me
1064 832 1187 920 surpite
1203 833 1314 900 morti!

303 951 360 1018 ilis
382 951 499 1018 etenim
523 950 616 1018 facile
637 958 701 1030 est,
727 949 857 1031 orabnt3
880 971 979 1020 sanus
1000 953 1149 1041 utrisque

304 1071 444 1140 Auribus
466 1081 564 1161 atque
586 1069 708 1152 oculis;
731 1081 884 1150 mentem,
908 1073 969 1140 nisi
992 1071 1165 1162 litigiosus,
1286 1076 1350 1144 285

304 1194 476 1282 Exciperet
490 1192 655 1272 dominus,
679 1213 754 1261 curu
768 1193 934 1262 venderet.
957 1197 1028 1264 lloo
1042 1216 1176 1285 quoque
1191 1195 1305 1284 volgus

327 1392 385 1444 282.
403 1393 486 1442 Lucu
501 1405 529 1458 p.
549 1421 577 1430 -
595 1394 653 1447 283.
674 1396 799 1459 wedam
813 1409 935 1461 macarem
952 1395 1046 1446 adduce
1061 1396 1106 1459 Sp,
1124 1393 1240 1445 Pettierii
1253 1396 1317 1452 tres,

296 1469 334 1519 Lt.
364 1469 395 1520 Ul
412 1480 473 1529 nos,
491 1467 543 1530 bc,
560 1465 601 1531 δι,
620 1471 833 1534 lambethanus,
851 1483 893 1536 pr.
912 1488 943 1532 κ,
963 1468 1058 1531 Beati,
1077 1469 1166 1521 Ci'liJ.
1186 1469 1243 1533 (eat
1264 1473 1319 1519 mm

293 1555 416 1607 monum
432 1543 587 1608 anonymus
604 1545 676 1609 opud
692 1543 890 1607 Heindorflum,
909 1546 939 1595 lai
949 1549 1003 1596 tum
1017 1543 1160 1609 mcum?
1175 1543 1316 1596 blitseher-
1361 1543 1365 1548 '

294 1691 417 1742 nst-283.
445 1693 593 1758 libertinus]
616 1695 673 1745 lam
695 1694 788 1744 transit
824 1694 957 1758 clenica
971 1693 1033 1758 [orti
1051 1693 1119 1744 Fidis
1135 1691 1222 1756 equo?
1245 1691 1348 1743 idest:

262 1766 297 1817 ud
313 1767 511 1831 superstitiosos
534 1781 588 1819 non
610 1769 699 1820 minus
721 1767 788 1820 stul·
826 1767 963 1818 «Proiecto
973 1769 1109 1832 egregium
1121 1781 1174 1818 non
1184 1769 1233 1829 est,
1247 1767 1269 1818 si
1281 1769 1351 1816 oet.»

263 1843 317 1903 tos,
337 1855 418 1905 quem
433 1843 486 1893 sint
503 1844 599 1913 ceteri,
620 1843 788 1908 quosadbuc
825 1843 867 1892 Sic
884 1843 910 1892 h.
928 1841 959 1893 l.:
987 1842 1124 1892 «Proiecto
1149 1845 1274 1906 exiguum
1298 1841 1351 1891 boo

263 1919 436 1971 enumeravit.
495 1918 548 1984 (De
581 1918 786 1983 Augustalibus,
826 1917 868 1968 est
884 1916 996 1978 donum,
1015 1916 1148 1980 quodum
1160 1929 1234 1966 oro.»
1268 1916 1351 1967 Nimis

263 2005 331 2057 quos
348 1992 392 2043 bio
409 1993 547 2044 intrudunt
563 1993 740 2056 scholiastae,
759 1997 788 2044 tu
826 1993 946 2043 contorta
962 1990 1069 2042 videtur
1082 1991 1208 2054 Wagneri
1225 1991 1292 2040 ratio
1304 1989 1354 2040 du·

263 2066 316 2117 noll
333 2069 461 2130 cogitare,
480 2068 606 2130 quonlam
624 2069 691 2119 baec
708 2070 789 2119 satira
825 2066 922 2133 plicem
938 2079 989 2131 per
1000 2067 1247 2129 interrogationem:
1268 2063 1353 2127 Quid?

263 2141 309 2192 diu
326 2144 387 2192 unte
405 2139 467 2190 illud
484 2142 666 2205 Augustalium
683 2144 789 2193 institu-
825 2147 879 2192 tum
894 2139 1033 2206 munuum?
1050 2141 1100 2190 etei
1118 2151 1214 2191 sensus
1228 2138 1262 2189 ed
1279 2138 1351 2190 idem

263 2219 322 2266 turn
339 2216 485 2280 composita
504 2217 553 2266 est.
589 2217 786 2268 Cir.lnscr.n1.
826 2216 882 2268 iere
899 2215 981 2266 redit:
1001 2215 1081 2267 ans
1096 2215 1150 2264 ist's
1166 2215 1352 2278 mancones

264 2291 320 2342 Lot.
345 2291 375 2340 ll.
399 2303 425 2354 p.
450 2290 506 2340 ⁴97.
531 2293 560 2340 et
580 2291 681 2356 Kampe
706 2293 733 2342 in
755 2293 787 2342 N.
825 2290 895 2342 resi»
915 2289 958 2340 et:
989 2287 1081 2340 owse?
1108 2289 1163 2339 lst's
1188 2289 1252 2339 omn
1276 2293 1354 2339 enom

263 2364 487 2428 lnlrrbb.s.l’bilol.
500 2363 558 2414 Vol.
569 2365 610 2416 ts.
621 2378 647 2430 p.
658 2365 707 2417 326
718 2367 788 2430 sqq.)
825 2379 853 2415 so
875 2364 1011 2430 prostes?-
1045 2366 1100 2415 Nec
1123 2376 1189 2414 vero
1211 2377 1236 2413 v.
1259 2364 1355 2414 udum

264 2439 428 2490 libertinum
440 2437 545 2488 videtur
555 2441 713 2504 sumpsisse,
727 2443 789 2505 quia
826 2453 1058 2505 supervacaneum
1080 2439 1123 2490 est
1147 2439 1236 2489 nostre
1260 2439 1286 2488 in
1308 2451 1353 2488 ra-

264 2513 343 2564 bulus
355 2513 585 2576 generisbomini,
598 2515 689 2579 utpote
701 2518 789 2567 minus
827 2516 912 2566 tione:
947 2515 1029 2566 bomo
1055 2514 1126 2564 enim
1153 2513 1353 2578 superstitiosus

265 2586 348 2649 culto,
368 2589 422 2637 tam
439 2586 550 2639 ridicula
562 2589 714 2652 superstitio
726 2603 790 2654 per-
826 2591 883 2654 ipse
906 2588 1042 2655 paulisper
1066 2588 1182 2649 dubitet,
1210 2600 1276 2638 num
1301 2587 1352 2638 hae

265 2675 346 2726 wem
363 2663 425 2725 apte
442 2661 522 2714 tribui
539 2665 653 2727 poterat.
674 2691 701 2700 -
720 2677 790 2714 rmn-
826 2678 923 2730 preces
941 2665 1059 2715 exaudiri
1085 2664 1203 2729 possint,
1233 2663 1282 2713 sed
1308 2675 1354 2712 se-

263 2737 328 2802 pita]
355 2736 402 2787 abi
433 2738 514 2788 Lares
541 2739 684 2789 Pmestites
711 2739 790 2803 positi
827 2740 884 2791 met
907 2741 965 2804 ipse
991 2738 1089 2803 decipit
1112 2739 1242 2788 awende:
1272 2749 1353 2787 «mne

265 2813 354 2873 erant,
374 2825 390 2862 n
407 2812 487 2863 Curio
505 2815 573 2875 voti,
597 2815 738 2865 restaurati
755 2813 790 2865 eb
827 2815 1002 2880 perexiguum
1023 2815 1076 2864 hoc
1101 2816 1142 2866 est
1166 2812 1295 2863 donum.»
1322 2837 1351 2848 -

264 2889 391 2951 Augusto.
423 2885 506 2951 (Ouid.
526 2889 594 2941 last.
607 2891 636 2951 5,
654 2889 702 2940 tii
719 2891 790 2954 sqq.)
827 2889 929 2953 carpite]
943 2889 1114 2954 «snrnpitep
1131 2889 1171 2940 sio
1183 2899 1253 2938 nnnc
1265 2887 1291 2937 ia
1303 2886 1355 2936 lin·

264 2962 304 3014 lbi
321 2963 439 3027 quotidie
461 2975 540 3014 mene
560 2963 671 3015 stolidus
694 2963 735 3015 ille
758 2964 792 3015 li·
829 2965 864 3015 nii
883 2963 942 3014 loco
966 2964 1038 3029 epud
1056 2964 1111 3014 Cio.
1130 2962 1165 3013 de
1186 2961 1234 3012 on.
1254 2962 1282 3020 l,
1305 2960 1352 3018 li,

265 3037 387 3088 bertinus
404 3038 641 3092 circumcursabat.
664 3067 690 3078 -
703 3039 790 3104 mnu]
829 3039 869 3090 38.
888 3039 984 3103 Zumpt
1005 3038 1109 3103 recepit
1125 3038 1206 3100 ucpitc
1224 3035 1353 3100 (accipite)

266 3125 453 3177 «nequaquam
470 3113 574 3176 ebrius,
602 3115 637 3164 ita
653 3116 684 3164 ut
706 3113 790 3179 probe
828 3126 878 3177 pro
894 3111 963 3176 volg.
982 3113 1075 3174 accipe.
1097 3140 1123 3149 -
1143 3110 1270 3163 conterre
1289 3107 1355 3159 libet

266 3185 317 3238 sibi
339 3189 462 3240 conscius
485 3191 572 3250 esset,
599 3188 663 3252 quid
685 3187 790 3240 vellet·
828 3186 990 3238 versiculum
1010 3187 1104 3250 hymni
1127 3186 1197 3251 apud
1221 3181 1353 3236 Plutarch.

268 3287 296 3298 -
314 3261 587 3327 Lautb--mcnibauJ
613 3263 792 3327 quemadmo-
829 3261 947 3322 Quaestt.
970 3263 1093 3326 Sympos.
1114 3261 1143 3324 3,
1166 3263 1195 3322 o,
1221 3260 1248 3312 i:
1275 3252 1355 3310 Ἀνά-

267 3333 332 3386 dum
357 3335 479 3386 solebant
500 3338 643 3401 precaturi.
672 3363 700 3372 -
728 3339 793 3400 Quid
828 3329 1124 3408 βαλεᾶνωτόγῆρας,
1137 3327 1244 3386 enai&
1252 3328 1355 3405 Ἀφρο-

266 3413 319 3459 tum
334 3411 474 3472 omanem
490 3412 592 3474 muers]
602 3410 743 3475 vulgarem
754 3411 793 3462 le·
828 3408 906 3477 δίτη,
928 3425 960 3461 ae
977 3409 1070 3462 similis
1087 3410 1158 3462 stulti
1176 3412 1266 3475 optatu
1282 3408 1354 3474 apud

267 3482 383 3534 ctionem
409 3485 534 3545 010me
555 3498 677 3548 mamam
699 3487 793 3536 udum
829 3487 975 3538 Lucienum
991 3484 1023 3537 ἐν
1038 3483 1136 3552 Illotp
1153 3484 1195 3536 ll.

266 3559 474 3625 interpretentur
492 3561 599 3610 uvotum
616 3563 705 3624 magni
727 3575 792 3626 pre·
861 3561 983 3613 meust.
1019 3563 1066 3612 Dic
1090 3563 1179 3613 etenim
1203 3561 1278 3625 {ursse
1304 3559 1354 3624 ert]

267 3634 324 3696 tii,»
346 3631 389 3684 vel
407 3646 531 3684 «carmen
549 3635 710 3698 magicum.»
739 3637 792 3688 Sed
829 3637 961 3700 Theognis
985 3651 1012 3688 v.
1037 3638 1085 3688 tl:
1107 3631 1234 3709 Ἄρτεμι,
1250 3627 1357 3685 --be-

266 3709 309 3758 vix
326 3709 458 3770 adducor,
477 3711 506 3759 ut
522 3709 633 3760 credam
645 3711 791 3774 Horatium,
829 3712 945 3779 χομένῳ
962 3727 1015 3777 μοι
1030 3709 1131 3773 κλῦθι,
1150 3706 1243 3773 κακὰς
1258 3707 1282 3759 ‹l'
1294 3703 1356 3760 ἀπὸ

266 3785 290 3836 si
305 3786 399 3835 votum
415 3783 719 3848 significurevoluisset,
737 3789 792 3836 tam
830 3783 922 3858 κῆρας
947 3779 1063 3838 ἄλαλκε.
1099 3787 1151 3838 Σοὶ
1172 3785 1226 3852 μὲν
1250 3782 1355 3844 τοῦτο,

267 3856 383 3909 obscure
397 3860 558 3924 scripturum
576 3859 666 3911 luisse.
700 3861 793 3925 Neque
829 3859 900 3924 teci,
925 3859 1046 3933 μικρόν,
1072 3860 1139 3928 ἐμοὶ
1161 3858 1193 3912 δέ
1215 3860 1300 3926 μέγα.
1326 3887 1354 3897 -

267 3944 333 3982 vero
349 3933 420 3984 inest
436 3933 592 3998 significatio
609 3933 729 3998 magicae
745 3933 794 3985 uli·
829 3937 928 4002 ονώαι]
945 3939 1022 4003 Ipsae
1038 3938 1090 3988 bne
1107 3948 1216 4001 preces,
1235 3935 1357 3999 adquae

268 4005 344 4056 cuius
362 4006 505 4071 termulae;
523 4007 596 4072 quod
613 4009 635 4059 ai
652 4007 792 4072 voluisset,
830 4015 967 4064 bominem
984 4013 1159 4064 immoderata
1176 4011 1246 4062 vitae
1257 4009 1358 4075 cupido

268 4081 360 4144 quidni
377 4081 472 4134 saltem
486 4083 650 4148 scripsisset:
670 4085 795 4147 Quintam
831 4085 995 4151 impellebat,
1014 4087 1138 4138 festivum
1154 4087 1242 4136 fatuae
1259 4095 1358 4148 supen-

269 4169 393 4208 arenam
404 4157 515 4208 numm?
525 4159 615 4209 Lectio
623 4171 698 4220 vero,
712 4173 793 4223 quum
831 4162 943 4213 sationis
973 4159 1126 4226 exemplum
1153 4161 1245 4224 utique
1275 4170 1359 4223 prue-

270 4230 394 4296 praetull,
421 4231 575 4297 explicanda
599 4235 641 4286 est
665 4247 698 4285 ex
721 4235 791 4299 virg.
831 4235 903 4286 bent.
924 4261 951 4274 ·-
969 4233 1277 4298 mmtan--ltcctpereti
1290 4233 1358 4286 «nisi

268 4309 334 4358 Aen.
347 4305 393 4366 lt,
413 4306 477 4358 iot:
497 4307 562 4372 Quiri
578 4313 632 4360 tum
649 4315 791 4375 coremur,
830 4309 890 4363 lites
914 4313 1028 4374 emeret,
1055 4311 1145 4365 statim
1170 4310 1273 4363 diceret
1297 4321 1358 4360 em-
