3192 4974
254 405 316 470 384
613 406 741 456 nouiru
760 404 981 457 nersromuuu

298 565 364 630 Nec
387 583 507 650 sequar
529 571 584 630 aut
605 561 737 649 sugium,
762 581 847 648 quae
869 560 970 648 diligit
993 560 1062 648 ipse
1085 558 1135 625 vel
1158 559 1242 636 odit,

299 684 384 751 Olim
406 683 494 772 quod
516 682 629 771 volpes
652 693 784 769 aegroto
807 693 902 748 cauta
925 681 1008 749 leoni

299 805 487 894 Respondit,
512 804 664 872 reseram:
689 803 772 884 Quia
794 823 847 870 me
868 803 1004 890 vestigia
1026 813 1160 880 terrent,

300 927 416 994 Omnia
438 936 469 992 te
492 925 666 994 adversum
689 925 882 1013 spectantia,
906 923 994 992 nulla
1016 935 1203 992 retrorsum.
1306 927 1346 991 75

299 1049 400 1115 Belua
414 1047 586 1114 multorum
605 1069 641 1115 es
657 1047 807 1135 capitum.
830 1049 911 1114 Nam
926 1045 1005 1135 quid
1019 1067 1140 1135 sequar
1158 1057 1213 1114 aut
1224 1047 1346 1136 quem?

300 1172 378 1237 Pars
400 1170 565 1236 hominum
587 1169 682 1256 gestit
704 1167 887 1236 conducere
911 1167 1055 1256 publica,
1080 1177 1154 1236 sunt
1174 1170 1230 1257 qui

323 1390 364 1440 Ὦ.
384 1395 429 1440 act
446 1387 603 1448 bSed,LCt0
621 1391 648 1438 et
664 1386 811 1440 Bentleius:
830 1392 853 1436 ct
870 1400 885 1436 e
904 1385 988 1436 Codd.
1008 1385 1060 1436 Fal.
1082 1412 1110 1423 -
1130 1387 1171 1436 76.
1190 1388 1228 1452 es]
1246 1395 1281 1439 cst
1298 1389 1315 1440 d

292 1467 319 1515 et
335 1463 469 1514 Bentleius
486 1465 555 1514 coni.

260 1661 349 1727 populi
372 1663 401 1714 R.
419 1675 482 1713 cum
504 1661 679 1714 delectatione
697 1665 784 1714 utar.»
822 1663 954 1727 ltep.9.p.
963 1662 1020 1714 588.
1032 1661 1104 1713 C.de
1114 1664 1240 1726 tyranno:
1255 1661 1348 1714 mota-

262 1764 287 1772 -
308 1750 401 1799 sequor
417 1741 462 1787 out
482 1737 589 1802 sopiam]
616 1737 681 1802 Epp.
704 1739 733 1798 t,
753 1737 783 1798 8,
821 1751 852 1788 τε
867 1739 966 1788 τοίνυν
981 1738 1054 1802 μίαν
1072 1737 1127 1802 μὲν
1146 1735 1226 1788 ἰδέαν
1242 1739 1347 1824 θηρίον

261 1812 305 1861 tt:
337 1813 407 1874 Quae
429 1825 534 1862 nocuere
555 1826 661 1874 sequar,
686 1811 786 1876 sapiam
823 1811 1022 1864 notationem
1039 1810 1254 1875 πολυκεφάλου,
1274 1817 1347 1879 ημέ-

260 1899 326 1948 qoac
338 1888 442 1950 profore
452 1889 562 1938 credam.
583 1888 671 1938 Lectio
683 1889 786 1937 nostro·
821 1902 880 1957 pov
897 1885 928 1938 ct
949 1887 1059 1956 θηρίων
1075 1877 1197 1950 ἔχοντος
1219 1885 1349 1951 κεφαλὰς

260 1962 418 2011 rumellum
441 1961 526 2012 codd.
547 1967 593 2012 aut
614 1961 787 2026 lupiani-vel
822 1959 918 2030 κύκλῳ
935 1964 985 2013 καὶ
996 1957 1111 2032 ἀγρίων.
1143 1964 1347 2016 ul’roverbium:

260 2037 384 2088 edithae
406 2036 786 2102 praestataltericttalme)
824 2040 892 2098 Quot
916 2040 1014 2103 capitu,
1040 2040 1078 2088 tot
1095 2051 1222 2090 seusus.»
1260 2042 1347 2089 Gnoso.

259 2111 372 2174 sepiam
391 2111 464 2175 quod
481 2116 556 2174 grato
573 2113 654 2163 modo
671 2114 787 2177 particu-
823 2114 895 2164 llaec
912 2117 1002 2163 autem
1014 2125 1057 2164 vv.
1073 2114 1151 2164 unice
1169 2113 1203 2162 ad
1221 2111 1349 2177 populum

260 2183 302 2236 lue
315 2190 360 2234 out
372 2187 399 2234 et
414 2187 453 2235 aet
470 2186 520 2234 sibi
537 2191 716 2250 opponuntur.
739 2189 787 2236 Po·
823 2188 963 2238 referenda
981 2202 1033 2238 uon
1051 2189 1109 2239 siue
1126 2191 1183 2238 arte
1201 2191 1350 2238 annectun-

261 2258 339 2324 pulus
357 2260 434 2322 igitur
445 2262 619 2310 constantiam
637 2262 662 2310 in
681 2261 731 2310 hoc
746 2273 788 2310 se·
825 2264 867 2312 tur
884 2260 968 2326 volpis
991 2275 1054 2312 cum
1075 2261 1152 2313 leone
1174 2263 1300 2312 sermoni¹
1321 2289 1348 2298 -

262 2335 370 2398 quenda
393 2337 439 2384 aut
463 2333 505 2384 illo
531 2334 655 2398 fugiendo
675 2335 789 2398 requirit
824 2337 891 2385 Nam
907 2336 1041 2399 modoet]
1057 2338 1260 2399 «interrogatio,
1280 2350 1349 2401 quae

262 2408 296 2458 ab
315 2409 436 2470 Horatio,
463 2409 528 2459 dum
549 2410 606 2473 ipse
628 2409 787 2473 plerumque
825 2425 857 2460 ex
875 2411 964 2461 animo
983 2412 1066 2473 magis
1090 2415 1225 2462 commoto
1243 2412 1350 2476 profici-

263 2487 365 2534 temere
383 2483 435 2534 hoc
452 2482 535 2547 diligit
551 2485 589 2534 uel
606 2483 668 2535 illud
681 2485 743 2534 odit.
757 2511 784 2521 -—
825 2487 919 2546 scitur,
946 2485 1135 2549 significantior
1153 2485 1181 2535 lit
1202 2499 1252 2550 per
1268 2488 1351 2550 parti·

263 2558 335 2622 Olim]
354 2557 429 2608 solita
447 2559 472 2608 ia
491 2557 593 2610 labellis
605 2558 788 2624 exemplisque
826 2559 913 2612 culam
930 2574 1003 2618 oum,
1022 2571 1091 2621 quae
1109 2563 1155 2608 aut
1172 2561 1351 2623 praemittitur

262 2631 399 2698 particula.
430 2633 483 2683 Cir.
494 2634 632 2695 soemo,
652 2634 692 2684 79.
720 2636 786 2699 Epp.
826 2637 871 2686 aut
888 2649 940 2684 uno
958 2637 1070 2684 accentu
1088 2635 1282 2698 comprehensa
1302 2649 1352 2686 eu·

264 2709 291 2769 l,
319 2707 363 2770 to,
391 2706 431 2758 lt.
454 2734 480 2743 -
499 2708 621 2772 reseram]
643 2709 788 2770 «desponsi
826 2709 1349 2760 cliticomoreudticitur.--disertmeu

263 2781 321 2832 loco
338 2783 454 2832 narrabo
467 2785 557 2834 notam
576 2783 646 2834 illam
664 2783 788 2835 tabellam
826 2787 848 2836 si
865 2784 939 2848 quod
950 2785 1004 2843 est,
1022 2797 1084 2833 nam
1095 2784 1155 2845 quid
1171 2783 1248 2834 reddi
1264 2786 1353 2848 potest

263 2858 405 2920 Aesopiam
424 2857 515 2920 (Babr.
534 2859 590 2908 403.
610 2859 671 2910 Cor.
690 2859 788 2922 temp
826 2872 875 2923 per
897 2859 919 2907 ci
941 2860 1012 2908 most
1038 2860 1065 2907 et
1087 2859 1208 2918 quidnam
1229 2871 1277 2922 per
1298 2872 1353 2910 was

265 2945 317 2996 que
334 2930 450 2982 similem
466 2933 493 2983 iu
511 2933 622 2982 modum
644 2947 708 2984 usus
733 2935 791 2982 erat
826 2932 927 2984 maol»
957 2934 1030 2984 Haun
1053 2933 1128 2982 Turs.
1148 2933 1190 2982 tv.
1210 2945 1236 2996 p.
1256 2933 1286 2982 48
1309 2946 1350 2996 sq,

265 3008 318 3056 iam
336 3005 449 3057 Lucilius
466 3020 493 3070 p.
512 3008 552 3056 m.
572 3006 658 3057 Gerl:
684 3009 791 3058 Leonem
829 3010 932 3060 -Pors
947 3007 1075 3058 hominum
1093 3007 1155 3070 cet]
1175 3007 1352 3058 «Variuenim

265 3086 395 3147 aegrotum
412 3095 442 3132 oe
459 3081 600 3132 uictor*
618 3083 790 3146 deductatde-
827 3087 889 3135 sunt
916 3083 1055 3133 hominum
1081 3081 1226 3145 volgarium
1250 3083 1350 3141 studia,

266 3157 355 3219 missa)
373 3162 432 3206 tune
451 3171 511 3207 voce
527 3157 580 3208 leo:
606 3158 658 3208 Cur
682 3163 710 3207 to
733 3159 790 3220 tpsa
828 3160 915 3209 omnia
934 3159 1023 3208 tamen
1036 3155 1194 3221 quaesticuli
1206 3169 1353 3208 causasus-

264 3231 586 3282 contremiscentem*
599 3234 663 3294 Quid
674 3233 789 3294 dbtcott,
828 3237 919 3296 cepta;
938 3231 972 3281 ad
994 3231 1045 3280 hoe
1062 3232 1089 3280 in
1107 3231 1170 3295 ipsis
1187 3231 1242 3280 suis
1259 3231 1352 3285 studiis

266 3319 346 3368 quare
365 3307 408 3369 tlt,
435 3310 463 3354 ut
483 3306 551 3356 tntro
571 3319 657 3356 versuo
673 3312 696 3356 et
718 3309 752 3356 ad
767 3312 791 3357 te
827 3317 964 3370 nunquam
988 3303 1038 3356 sdrt
1061 3307 1196 3364 constant,
1222 3317 1352 3355 novarum

266 3381 791 3446 Spectcntatqocfermrtceettqtascomnta
827 3394 936 3444 semper
959 3378 1126 3442 voluptatum
1151 3379 1238 3438 avidi;
1271 3391 1352 3443 quam

263 3454 387 3518 prorue?
404 3454 442 3504 Cf.
454 3452 518 3504 Plat.
528 3455 612 3506 Alcib.
626 3459 643 3508 1.
657 3471 683 3522 p.
700 3458 746 3508 tm
758 3460 788 3508 Α.
828 3456 937 3520 quidem
946 3453 1079 3519 duplicem
1089 3455 1293 3519 perversitatem
1304 3467 1353 3516 ego

299 3529 384 3579 76-80.
397 3529 476 3578 Belua
484 3528 547 3594 cet]
561 3529 649 3594 uVolgi
661 3529 790 3595 pleraque
827 3533 910 3580 vitare
936 3542 1045 3579 eonor.»
1071 3558 1098 3565 -
1121 3531 1193 3594 pesttt
1218 3530 1355 3580 conducere

267 3605 362 3656 iudicia
375 3604 409 3668 (v.
420 3605 471 3667 at.)
484 3619 516 3654 ae
525 3605 610 3655 studia
620 3607 718 3671 partim
730 3607 792 3656 sunt
823 3603 934 3668 publiea]
960 3604 1062 3655 Primos
1084 3604 1207 3668 producit
1232 3603 1355 3668 publiea-

269 3684 323 3730 tam
354 3679 460 3728 diversa
490 3683 570 3744 utque
599 3681 791 3740 inconstantia,
828 3678 1165 3743 nos,summaeuptditate
1183 3679 1353 3743 scripturam,

267 3757 363 3821 partim
390 3757 470 3807 ettam
498 3758 553 3805 tam
579 3755 701 3816 sordida,
729 3767 792 3805 eum
828 3752 944 3817 portoria
962 3751 1122 3817 ceterosque
1140 3750 1261 3816 publicos
1282 3753 1354 3802 redi-

268 3828 372 3882 lucrum
390 3831 485 3892 quovis
496 3830 577 3881 modo
589 3831 667 3881 unice
680 3830 791 3893 appetit,
829 3829 871 3877 tus
888 3828 1056 3877 condocentes
1093 3827 1200 3888 (lterum
1217 3829 1245 3876 et
1265 3828 1355 3890 priva-

267 3907 298 3956 ut
315 3903 441 3968 equidem
458 3917 490 3954 ea
507 3905 584 3968 sequi
603 3917 690 3967 neque
712 3901 792 3952 velim
829 3903 916 3952 tarum
939 3904 965 3952 et
986 3915 1100 3967 operum
1122 3901 1291 3965 publicorum
1311 3915 1355 3950 re·

269 3992 320 4029 nec
350 3991 484 4042 queniam
517 3980 546 4029 ut
574 3982 648 4029 recte
680 3976 794 4041 explicat
830 3979 985 4042 dempturus
1010 3977 1138 4030 describit
1167 3977 1300 4028 luvenalis
1325 3977 1354 4036 3,

268 4056 394 4106 Diintzer.
424 4082 451 4090 -
475 4055 612 4104 multorum
630 4080 646 4091 ·
664 4051 792 4117 capitum]
830 4053 876 4102 30:
894 4058 1015 4102 mancam
1032 4053 1158 4116 (Romae),
1177 4053 1221 4114 qai
1236 4052 1313 4116 cipro
1329 4053 1357 4100 to

269 4131 354 4194 Saepe
383 4127 537 4190 multitudo,
567 4129 686 4191 tyranni,
712 4128 793 4178 enimi
830 4128 940 4178 candido
954 4133 1067 4190 certant,
1086 4129 1147 4191 Quis
1161 4127 1238 4190 [cette
1254 4133 1289 4178 est
1310 4140 1355 4177 oe-

269 4204 484 4269 perturbationes
518 4205 705 4266 comparantur
732 4213 793 4254 cum
831 4203 1047 4264 dcmcooduccre,
1059 4205 1290 4270 flwntrm,portus,
1303 4203 1357 4252 Sic·

270 4281 396 4332 monstn's
413 4273 635 4340 πολυκεφάλοις.
671 4276 743 4330 Plato
761 4277 794 4328 de
831 4279 940 4329 condam
950 4279 1068 4341 elucent,
1084 4280 1239 4342 portandum
1255 4279 1290 4328 od
1308 4277 1356 4328 tru—
