<?xml version="1.0" encoding="UTF-8"?>
<!DOCTYPE html PUBLIC "-//W3C//DTD XHTML 1.0 Transitional//EN"
    "http://www.w3.org/TR/xhtml1/DTD/xhtml1-transitional.dtd">
<html xmlns="http://www.w3.org/1999/xhtml" xml:lang="en" lang="en">
 <head>
  <title>
</title>
<meta http-equiv="Content-Type" content="text/html;charset=utf-8" />
  <meta name='ocr-system' content='tesseract 3.04.00' />
  <meta name='ocr-capabilities' content='ocr_page ocr_carea ocr_par ocr_line ocrx_word'/>
</head>
<body>
  <div class='ocr_page' id='page_1' title='image "./qhoratiusflaccu01baitgoog_0606.png"; bbox 0 0 3174 4974; ppageno 0'>
   <div class='ocr_carea' id='block_1_1' title="bbox 626 459 910 512">
    <p class='ocr_par' dir='ltr' id='par_1_1' title="bbox 626 459 910 512">
     <span class='ocr_line' id='line_1_1' title="bbox 626 459 910 512; baseline -0.007 -2"><span class='ocrx_word' id='word_1_1' title='bbox 626 459 685 510; x_wconf 76' lang='lat' dir='ltr'>uta.</span> <span class='ocrx_word' id='word_1_2' title='bbox 704 459 735 510; x_wconf 94' lang='lat' dir='ltr'><strong>ll.</strong></span> <span class='ocrx_word' id='word_1_3' title='bbox 771 459 868 511; x_wconf 71' lang='lat' dir='ltr'>Epist.</span> <span class='ocrx_word' id='word_1_4' title='bbox 891 462 910 512; x_wconf 91' lang='lat' dir='ltr'><strong>l.</strong></span> 
     </span>
    </p>
   </div>
   <div class='ocr_carea' id='block_1_2' title="bbox 269 612 1312 943">
    <p class='ocr_par' dir='ltr' id='par_1_2' title="bbox 269 612 1312 943">
     <span class='ocr_line' id='line_1_2' title="bbox 269 612 1170 704; baseline -0.001 -21"><span class='ocrx_word' id='word_1_5' title='bbox 269 615 409 704; x_wconf 82' lang='lat' dir='ltr'>Legibus</span> <span class='ocrx_word' id='word_1_6' title='bbox 431 613 602 690; x_wconf 89' lang='lat' dir='ltr'>emendes,</span> <span class='ocrx_word' id='word_1_7' title='bbox 628 615 659 678; x_wconf 93' lang='lat' dir='ltr'>in</span> <span class='ocrx_word' id='word_1_8' title='bbox 681 613 811 701; x_wconf 88' lang='lat' dir='ltr'>publicu</span> <span class='ocrx_word' id='word_1_9' title='bbox 832 612 1002 682; x_wconf 90' lang='lat' dir='ltr'>commoda</span> <span class='ocrx_word' id='word_1_10' title='bbox 1023 635 1170 702; x_wconf 80' lang='lat' dir='ltr'>peccem,</span> 
     </span>
     <span class='ocr_line' id='line_1_3' title="bbox 269 737 1137 824; baseline -0.001 -21"><span class='ocrx_word' id='word_1_11' title='bbox 269 737 302 803; x_wconf 90' lang='lat' dir='ltr'>Si</span> <span class='ocrx_word' id='word_1_12' title='bbox 325 737 421 824; x_wconf 85' lang='lat' dir='ltr'>longo</span> <span class='ocrx_word' id='word_1_13' title='bbox 443 755 593 802; x_wconf 86' lang='lat' dir='ltr'>sermone</span> <span class='ocrx_word' id='word_1_14' title='bbox 616 755 725 802; x_wconf 90' lang='lat' dir='ltr'>morer</span> <span class='ocrx_word' id='word_1_15' title='bbox 746 744 801 802; x_wconf 86' lang='lat' dir='ltr'><strong>tun</strong></span> <span class='ocrx_word' id='word_1_16' title='bbox 822 745 983 823; x_wconf 87' lang='lat' dir='ltr'>tempora,</span> <span class='ocrx_word' id='word_1_17' title='bbox 1008 737 1137 804; x_wconf 88' lang='lat' dir='ltr'>Caesar.</span> 
     </span>
     <span class='ocr_line' id='line_1_4' title="bbox 269 856 1312 943; baseline -0.002 -19"><span class='ocrx_word' id='word_1_18' title='bbox 269 857 423 925; x_wconf 85' lang='lat' dir='ltr'><strong>Romulus</strong></span> <span class='ocrx_word' id='word_1_19' title='bbox 445 867 478 924; x_wconf 91' lang='lat' dir='ltr'><strong>et</strong></span> <span class='ocrx_word' id='word_1_20' title='bbox 498 856 595 924; x_wconf 91' lang='lat' dir='ltr'>Liber</span> <span class='ocrx_word' id='word_1_21' title='bbox 616 866 711 943; x_wconf 86' lang='lat' dir='ltr'>peter</span> <span class='ocrx_word' id='word_1_22' title='bbox 731 866 763 923; x_wconf 90' lang='lat' dir='ltr'><strong>et</strong></span> <span class='ocrx_word' id='word_1_23' title='bbox 785 876 859 923; x_wconf 90' lang='lat' dir='ltr'><strong>cum</strong></span> <span class='ocrx_word' id='word_1_24' title='bbox 882 857 1015 924; x_wconf 84' lang='lat' dir='ltr'>Castore</span> <span class='ocrx_word' id='word_1_25' title='bbox 1035 857 1161 936; x_wconf 82' lang='lat' dir='ltr'>Pollux,</span> <span class='ocrx_word' id='word_1_26' title='bbox 1292 862 1312 922; x_wconf 79' lang='lat'>5</span> 
     </span>
    </p>
   </div>
   <div class='ocr_carea' id='block_1_3' title="bbox 291 1035 1180 1101">
    <p class='ocr_par' dir='ltr' id='par_1_3' title="bbox 291 1035 1180 1101">
     <span class='ocr_line' id='line_1_5' title="bbox 291 1035 1180 1101; baseline -0.001 -14"><span class='ocrx_word' id='word_1_27' title='bbox 291 1038 315 1087; x_wconf 88' lang='grc'><strong>3.</strong></span> <span class='ocrx_word' id='word_1_28' title='bbox 334 1037 465 1086; x_wconf 79' lang='grc'><strong>4444444444</strong></span> <span class='ocrx_word' id='word_1_29' title='bbox 478 1035 1180 1101; x_wconf 64' lang='grc'><strong>444444444444448444444444,(1.(4444445444.)</strong></span> 
     </span>
    </p>
   </div>
   <div class='ocr_carea' id='block_1_4' title="bbox 217 1186 1312 3406">
    <p class='ocr_par' dir='ltr' id='par_1_4' title="bbox 217 1186 1312 3406">
     <span class='ocr_line' id='line_1_6' title="bbox 223 1186 1311 1280; baseline -0.001 -33"><span class='ocrx_word' id='word_1_30' title='bbox 223 1195 370 1247; x_wconf 78' lang='lat' dir='ltr'>iustissimus</span> <span class='ocrx_word' id='word_1_31' title='bbox 391 1199 492 1256; x_wconf 84' lang='grc'><strong>444444,</strong></span> <span class='ocrx_word' id='word_1_32' title='bbox 514 1193 685 1255; x_wconf 68' lang='lat' dir='ltr'>commemo</span> <span class='ocrx_word' id='word_1_33' title='bbox 705 1205 750 1242; x_wconf 73' lang='lat' dir='ltr'>sato</span> <span class='ocrx_word' id='word_1_34' title='bbox 787 1208 844 1243; x_wconf 83' lang='grc' dir='ltr'><strong>παν</strong></span> <span class='ocrx_word' id='word_1_35' title='bbox 868 1188 902 1244; x_wconf 80' lang='grc' dir='ltr'><strong>τὸ</strong></span> <span class='ocrx_word' id='word_1_36' title='bbox 925 1186 1085 1280; x_wconf 61' lang='lat' dir='ltr'>‹luitpoldus›</span> <span class='ocrx_word' id='word_1_37' title='bbox 1105 1195 1188 1260; x_wconf 78' lang='grc' dir='ltr'><strong><em>γένος</em></strong></span> <span class='ocrx_word' id='word_1_38' title='bbox 1207 1188 1274 1246; x_wconf 79' lang='lat' dir='ltr'>dr&#39;‘&#39;</span> <span class='ocrx_word' id='word_1_39' title='bbox 1261 1211 1311 1246; x_wconf 80' lang='grc' dir='ltr'><strong>ενα</strong></span> 
     </span>
     <span class='ocr_line' id='line_1_7' title="bbox 223 1261 1312 1338; baseline 0 -18"><span class='ocrx_word' id='word_1_40' title='bbox 223 1283 329 1320; x_wconf 85' lang='lat' dir='ltr'>moros</span> <span class='ocrx_word' id='word_1_41' title='bbox 344 1273 421 1332; x_wconf 79' lang='grc'><strong>44444.</strong></span> <span class='ocrx_word' id='word_1_42' title='bbox 460 1269 544 1318; x_wconf 76' lang='lat' dir='ltr'>rcum</span> <span class='ocrx_word' id='word_1_43' title='bbox 561 1269 650 1318; x_wconf 83' lang='lat' dir='ltr'>omnis</span> <span class='ocrx_word' id='word_1_44' title='bbox 667 1269 749 1318; x_wconf 87' lang='grc'><strong>444444-</strong></span> <span class='ocrx_word' id='word_1_45' title='bbox 786 1261 877 1338; x_wconf 68' lang='grc' dir='ltr'><strong><em>ἄνδρα</em></strong></span> <span class='ocrx_word' id='word_1_46' title='bbox 902 1268 953 1318; x_wconf 71' lang='lat' dir='ltr'><strong>eat</strong></span> <span class='ocrx_word' id='word_1_47' title='bbox 978 1263 1122 1334; x_wconf 76' lang='grc' dir='ltr'><strong>ἡγεμόνα,</strong></span> <span class='ocrx_word' id='word_1_48' title='bbox 1148 1265 1199 1320; x_wconf 82' lang='grc' dir='ltr'><strong>τὸν</strong></span> <span class='ocrx_word' id='word_1_49' title='bbox 1218 1269 1312 1332; x_wconf 79' lang='grc' dir='ltr'><strong><em>Σεβα-</em></strong></span> 
     </span>
     <span class='ocr_line' id='line_1_8' title="bbox 224 1329 1312 1406; baseline 0 -12"><span class='ocrx_word' id='word_1_50' title='bbox 224 1343 275 1394; x_wconf 90' lang='lat' dir='ltr'><strong>bus</strong></span> <span class='ocrx_word' id='word_1_51' title='bbox 301 1341 403 1393; x_wconf 87' lang='grc'><strong>4444444</strong></span> <span class='ocrx_word' id='word_1_52' title='bbox 421 1345 448 1392; x_wconf 87' lang='grc'><strong>44</strong></span> <span class='ocrx_word' id='word_1_53' title='bbox 468 1340 557 1405; x_wconf 77' lang='lat' dir='ltr'>legum</span> <span class='ocrx_word' id='word_1_54' title='bbox 574 1343 651 1404; x_wconf 84' lang='lat' dir='ltr'>quasi</span> <span class='ocrx_word' id='word_1_55' title='bbox 668 1341 749 1392; x_wconf 80' lang='lat' dir='ltr'>frenis</span> <span class='ocrx_word' id='word_1_56' title='bbox 786 1339 870 1402; x_wconf 79' lang='grc' dir='ltr'><strong><em>στόν,</em></strong></span> <span class='ocrx_word' id='word_1_57' title='bbox 897 1329 968 1406; x_wconf 73' lang='grc' dir='ltr'><strong><em>ἧκεν</em></strong></span> <span class='ocrx_word' id='word_1_58' title='bbox 994 1341 1039 1392; x_wconf 72' lang='grc'><strong>444</strong></span> <span class='ocrx_word' id='word_1_59' title='bbox 1065 1338 1100 1392; x_wconf 80' lang='grc' dir='ltr'><strong>τὸ</strong></span> <span class='ocrx_word' id='word_1_60' title='bbox 1122 1341 1250 1406; x_wconf 81' lang='grc' dir='ltr'><strong>βέλτιον,</strong></span> <span class='ocrx_word' id='word_1_61' title='bbox 1277 1339 1312 1394; x_wconf 86' lang='grc' dir='ltr'><strong>ὃν</strong></span> 
     </span>
     <span class='ocr_line' id='line_1_9' title="bbox 225 1409 1311 1506; baseline 0.001 -38"><span class='ocrx_word' id='word_1_62' title='bbox 225 1429 381 1480; x_wconf 86' lang='lat' dir='ltr'>compressu</span> <span class='ocrx_word' id='word_1_63' title='bbox 408 1413 474 1465; x_wconf 84' lang='lat' dir='ltr'>velis</span> <span class='ocrx_word' id='word_1_64' title='bbox 503 1427 594 1466; x_wconf 80' lang='lat' dir='ltr'>esse.»</span> <span class='ocrx_word' id='word_1_65' title='bbox 581 1416 746 1467; x_wconf 75' lang='lat' dir='ltr'>»cunutus</span> <span class='ocrx_word' id='word_1_66' title='bbox 785 1410 869 1480; x_wconf 73' lang='grc' dir='ltr'><strong><em>ἄξιον</em></strong></span> <span class='ocrx_word' id='word_1_67' title='bbox 885 1413 983 1466; x_wconf 73' lang='grc' dir='ltr'><strong><em>καλεῖν</em></strong></span> <span class='ocrx_word' id='word_1_68' title='bbox 1002 1410 1182 1506; x_wconf 61' lang='grc' dir='ltr'><strong>ἂ44ξ444444ν.</strong></span> <span class='ocrx_word' id='word_1_69' title='bbox 1219 1409 1311 1482; x_wconf 76' lang='grc' dir='ltr'><strong><em>Οὗτός</em></strong></span> 
     </span>
     <span class='ocr_line' id='line_1_10' title="bbox 223 1484 1310 1581; baseline 0.003 -40"><span class='ocrx_word' id='word_1_70' title='bbox 223 1493 366 1555; x_wconf 81' lang='lat' dir='ltr'>Propterea</span> <span class='ocrx_word' id='word_1_71' title='bbox 384 1490 458 1552; x_wconf 85' lang='lat' dir='ltr'>qnod</span> <span class='ocrx_word' id='word_1_72' title='bbox 477 1489 616 1554; x_wconf 88' lang='lat' dir='ltr'>pristinum</span> <span class='ocrx_word' id='word_1_73' title='bbox 636 1491 749 1540; x_wconf 87' lang='lat' dir='ltr'>nominis</span> <span class='ocrx_word' id='word_1_74' title='bbox 785 1490 847 1542; x_wconf 78' lang='grc' dir='ltr'><strong><em>ἐστι</em></strong></span> <span class='ocrx_word' id='word_1_75' title='bbox 857 1489 986 1561; x_wconf 73' lang='grc' dir='ltr'><strong><em>Καῖσαρ</em></strong></span> <span class='ocrx_word' id='word_1_76' title='bbox 1005 1484 1023 1540; x_wconf 90' lang='grc' dir='ltr'>ὁ</span> <span class='ocrx_word' id='word_1_77' title='bbox 1037 1487 1106 1554; x_wconf 79' lang='grc' dir='ltr'><strong><em>τοὺς</em></strong></span> <span class='ocrx_word' id='word_1_78' title='bbox 1117 1487 1310 1581; x_wconf 52' lang='lat' dir='ltr'>msappdgou-</span> 
     </span>
     <span class='ocr_line' id='line_1_11' title="bbox 223 1561 1308 1631; baseline 0.003 -15"><span class='ocrx_word' id='word_1_79' title='bbox 223 1566 333 1617; x_wconf 80' lang='lat' dir='ltr'>Romani</span> <span class='ocrx_word' id='word_1_80' title='bbox 351 1563 434 1614; x_wconf 87' lang='lat' dir='ltr'>decus</span> <span class='ocrx_word' id='word_1_81' title='bbox 447 1565 600 1614; x_wconf 85' lang='lat' dir='ltr'>restitutum</span> <span class='ocrx_word' id='word_1_82' title='bbox 612 1567 678 1624; x_wconf 85' lang='lat' dir='ltr'>erut,</span> <span class='ocrx_word' id='word_1_83' title='bbox 696 1565 749 1613; x_wconf 87' lang='lat' dir='ltr'>uti·</span> <span class='ocrx_word' id='word_1_84' title='bbox 784 1580 836 1628; x_wconf 79' lang='grc' dir='ltr'><strong>τας</strong></span> <span class='ocrx_word' id='word_1_85' title='bbox 861 1561 1025 1624; x_wconf 68' lang='grc' dir='ltr'><strong><em>πανταχόθι</em></strong></span> <span class='ocrx_word' id='word_1_86' title='bbox 1050 1563 1195 1631; x_wconf 76' lang='grc' dir='ltr'><strong><em>χειμῶνας</em></strong></span> <span class='ocrx_word' id='word_1_87' title='bbox 1212 1563 1308 1619; x_wconf 76' lang='grc' dir='ltr'><strong>4444ιά-</strong></span> 
     </span>
     <span class='ocr_line' id='line_1_12' title="bbox 222 1629 1308 1710; baseline 0.004 -22"><span class='ocrx_word' id='word_1_88' title='bbox 222 1642 266 1689; x_wconf 91' lang='grc'><strong>444</strong></span> <span class='ocrx_word' id='word_1_89' title='bbox 282 1637 366 1689; x_wconf 86' lang='lat' dir='ltr'>verbo</span> <span class='ocrx_word' id='word_1_90' title='bbox 383 1651 464 1688; x_wconf 81' lang='grc'><strong>44444.</strong></span> <span class='ocrx_word' id='word_1_91' title='bbox 492 1636 573 1687; x_wconf 88' lang='lat' dir='ltr'>Plaut.</span> <span class='ocrx_word' id='word_1_92' title='bbox 587 1639 705 1698; x_wconf 78' lang='grc'><strong>444444,</strong></span> <span class='ocrx_word' id='word_1_93' title='bbox 721 1637 747 1697; x_wconf 86' lang='grc'><strong>3,</strong></span> <span class='ocrx_word' id='word_1_94' title='bbox 785 1653 892 1702; x_wconf 72' lang='lat' dir='ltr'>sag--</span> <span class='ocrx_word' id='word_1_95' title='bbox 903 1629 1043 1701; x_wconf 84' lang='grc' dir='ltr'><strong>-,οὖτος</strong></span> <span class='ocrx_word' id='word_1_96' title='bbox 1064 1635 1081 1689; x_wconf 90' lang='grc' dir='ltr'>ὁ</span> <span class='ocrx_word' id='word_1_97' title='bbox 1104 1639 1308 1710; x_wconf 73' lang='grc' dir='ltr'><strong>εἰρηνοφύλαξ,</strong></span> 
     </span>
     <span class='ocr_line' id='line_1_13' title="bbox 223 1708 1310 1778; baseline 0.003 -15"><span class='ocrx_word' id='word_1_98' title='bbox 223 1715 268 1764; x_wconf 72' lang='grc'><strong>444</strong></span> <span class='ocrx_word' id='word_1_99' title='bbox 297 1715 363 1775; x_wconf 74' lang='lat' dir='ltr'>Ostia</span> <span class='ocrx_word' id='word_1_100' title='bbox 387 1718 416 1762; x_wconf 80' lang='lat' dir='ltr'><strong>tu</strong></span> <span class='ocrx_word' id='word_1_101' title='bbox 439 1717 463 1762; x_wconf 91' lang='grc'><strong>44</strong></span> <span class='ocrx_word' id='word_1_102' title='bbox 482 1725 616 1762; x_wconf 75' lang='grc'><strong>44444444</strong></span> <span class='ocrx_word' id='word_1_103' title='bbox 637 1711 749 1761; x_wconf 72' lang='lat' dir='ltr'>motibus</span> <span class='ocrx_word' id='word_1_104' title='bbox 784 1708 802 1763; x_wconf 88' lang='grc' dir='ltr'><strong><em>ὁ</em></strong></span> <span class='ocrx_word' id='word_1_105' title='bbox 829 1709 983 1778; x_wconf 75' lang='grc' dir='ltr'><strong><em>διανομεύς</em></strong></span> <span class='ocrx_word' id='word_1_106' title='bbox 1012 1711 1069 1763; x_wconf 77' lang='grc' dir='ltr'><strong>τῶν</strong></span> <span class='ocrx_word' id='word_1_107' title='bbox 1097 1711 1310 1774; x_wconf 72' lang='grc' dir='ltr'><strong><em>ἐπιβαλλόντων</em></strong></span> 
     </span>
     <span class='ocr_line' id='line_1_14' title="bbox 222 1782 1310 1859; baseline 0.002 -21"><span class='ocrx_word' id='word_1_108' title='bbox 222 1787 330 1850; x_wconf 79' lang='lat' dir='ltr'>lepidis?</span> <span class='ocrx_word' id='word_1_109' title='bbox 353 1785 464 1838; x_wconf 75' lang='lat' dir='ltr'>Bentleii</span> <span class='ocrx_word' id='word_1_110' title='bbox 484 1799 549 1836; x_wconf 90' lang='lat' dir='ltr'>vero</span> <span class='ocrx_word' id='word_1_111' title='bbox 566 1785 702 1844; x_wconf 80' lang='grc'><strong>4444444444,</strong></span> <span class='ocrx_word' id='word_1_112' title='bbox 720 1785 747 1836; x_wconf 91' lang='lat' dir='ltr'>id</span> <span class='ocrx_word' id='word_1_113' title='bbox 783 1782 971 1850; x_wconf 44' lang='lat' dir='ltr'>lacerates</span> <span class='ocrx_word' id='word_1_114' title='bbox 956 1803 973 1838; x_wconf 94' lang='grc' dir='ltr'><strong><em>ο</em></strong></span> <span class='ocrx_word' id='word_1_115' title='bbox 996 1785 1047 1850; x_wconf 78' lang='grc' dir='ltr'><strong>τὰς</strong></span> <span class='ocrx_word' id='word_1_116' title='bbox 1067 1785 1187 1859; x_wconf 75' lang='grc' dir='ltr'><strong><em>χάριτας</em></strong></span> <span class='ocrx_word' id='word_1_117' title='bbox 1204 1785 1310 1856; x_wconf 82' lang='grc' dir='ltr'><em>ἀταμι-</em></span> 
     </span>
     <span class='ocr_line' id='line_1_15' title="bbox 222 1859 1310 1934; baseline 0.004 -21"><span class='ocrx_word' id='word_1_118' title='bbox 222 1864 278 1924; x_wconf 83' lang='grc'><strong>444,</strong></span> <span class='ocrx_word' id='word_1_119' title='bbox 295 1863 326 1912; x_wconf 88' lang='grc'><strong>44</strong></span> <span class='ocrx_word' id='word_1_120' title='bbox 337 1860 404 1922; x_wconf 88' lang='lat' dir='ltr'>volt,</span> <span class='ocrx_word' id='word_1_121' title='bbox 418 1860 560 1911; x_wconf 81' lang='lat' dir='ltr'>«aediliciis</span> <span class='ocrx_word' id='word_1_122' title='bbox 572 1859 745 1923; x_wconf 58' lang='lat' dir='ltr'>magnificis„</span> <span class='ocrx_word' id='word_1_123' title='bbox 784 1859 885 1926; x_wconf 73' lang='lat' dir='ltr'>esisocg</span> <span class='ocrx_word' id='word_1_124' title='bbox 896 1864 938 1924; x_wconf 74' lang='grc' dir='ltr'><strong>εἰς</strong></span> <span class='ocrx_word' id='word_1_125' title='bbox 953 1863 1045 1926; x_wconf 70' lang='grc' dir='ltr'><strong><em>μέσον</em></strong></span> <span class='ocrx_word' id='word_1_126' title='bbox 1057 1864 1174 1934; x_wconf 74' lang='grc' dir='ltr'><strong><em>προθείς</em></strong></span> <span class='ocrx_word' id='word_1_127' title='bbox 1185 1863 1245 1916; x_wconf 79' lang='grc' dir='ltr'><strong>κτλ.</strong></span> <span class='ocrx_word' id='word_1_128' title='bbox 1272 1867 1310 1917; x_wconf 88' lang='lat' dir='ltr'><strong>Sl·</strong></span> 
     </span>
     <span class='ocr_line' id='line_1_16' title="bbox 223 1934 1309 2004; baseline 0.007 -20"><span class='ocrx_word' id='word_1_129' title='bbox 223 1937 312 2000; x_wconf 77' lang='grc'><strong>444444</strong></span> <span class='ocrx_word' id='word_1_130' title='bbox 322 1934 748 1998; x_wconf 69' lang='grc'><strong>44444443444444444444444444-</strong></span> <span class='ocrx_word' id='word_1_131' title='bbox 785 1937 861 1988; x_wconf 87' lang='lat' dir='ltr'>miles</span> <span class='ocrx_word' id='word_1_132' title='bbox 878 1937 971 1987; x_wconf 83' lang='lat' dir='ltr'>leudes</span> <span class='ocrx_word' id='word_1_133' title='bbox 988 1940 1052 1987; x_wconf 89' lang='lat' dir='ltr'>tuno</span> <span class='ocrx_word' id='word_1_134' title='bbox 1068 1939 1173 2002; x_wconf 88' lang='lat' dir='ltr'>poterat</span> <span class='ocrx_word' id='word_1_135' title='bbox 1191 1942 1309 2004; x_wconf 81' lang='lat' dir='ltr'>Augusto</span> 
     </span>
     <span class='ocr_line' id='line_1_17' title="bbox 220 2007 1309 2075; baseline 0.004 -15"><span class='ocrx_word' id='word_1_136' title='bbox 220 2011 266 2060; x_wconf 81' lang='grc'><strong>4444</strong></span> <span class='ocrx_word' id='word_1_137' title='bbox 282 2021 419 2073; x_wconf 84' lang='lat' dir='ltr'>nunquam</span> <span class='ocrx_word' id='word_1_138' title='bbox 436 2009 529 2069; x_wconf 89' lang='grc'><strong>44444,</strong></span> <span class='ocrx_word' id='word_1_139' title='bbox 548 2007 597 2060; x_wconf 84' lang='lat' dir='ltr'><strong>sed</strong></span> <span class='ocrx_word' id='word_1_140' title='bbox 612 2009 746 2058; x_wconf 87' lang='lat' dir='ltr'>interdum</span> <span class='ocrx_word' id='word_1_141' title='bbox 782 2013 918 2075; x_wconf 87' lang='lat' dir='ltr'>impertire</span> <span class='ocrx_word' id='word_1_142' title='bbox 943 2014 1039 2075; x_wconf 85' lang='grc'><strong>444444,</strong></span> <span class='ocrx_word' id='word_1_143' title='bbox 1066 2011 1213 2062; x_wconf 88' lang='lat' dir='ltr'>dummodo</span> <span class='ocrx_word' id='word_1_144' title='bbox 1239 2028 1309 2064; x_wconf 89' lang='lat' dir='ltr'>nun·</span> 
     </span>
     <span class='ocr_line' id='line_1_18' title="bbox 221 2083 1309 2151; baseline 0.005 -18"><span class='ocrx_word' id='word_1_145' title='bbox 221 2096 271 2149; x_wconf 88' lang='lat' dir='ltr'><strong>pro</strong></span> <span class='ocrx_word' id='word_1_146' title='bbox 296 2083 420 2147; x_wconf 73' lang='lat' dir='ltr'>«oppidis</span> <span class='ocrx_word' id='word_1_147' title='bbox 446 2095 508 2134; x_wconf 88' lang='lat' dir='ltr'><strong>oum</strong></span> <span class='ocrx_word' id='word_1_148' title='bbox 525 2083 653 2133; x_wconf 88' lang='lat' dir='ltr'>aediliciis</span> <span class='ocrx_word' id='word_1_149' title='bbox 671 2083 745 2134; x_wconf 80' lang='grc'><strong>44444</strong></span> <span class='ocrx_word' id='word_1_150' title='bbox 783 2097 864 2148; x_wconf 87' lang='lat' dir='ltr'>quam</span> <span class='ocrx_word' id='word_1_151' title='bbox 889 2084 1078 2136; x_wconf 78' lang='lat' dir='ltr'>obliviscamur</span> <span class='ocrx_word' id='word_1_152' title='bbox 1102 2099 1210 2147; x_wconf 89' lang='lat' dir='ltr'>eorum,</span> <span class='ocrx_word' id='word_1_153' title='bbox 1239 2101 1309 2151; x_wconf 84' lang='lat' dir='ltr'>ques</span> 
     </span>
     <span class='ocr_line' id='line_1_19' title="bbox 221 2157 1308 2222; baseline 0.004 -14"><span class='ocrx_word' id='word_1_154' title='bbox 221 2158 349 2222; x_wconf 84' lang='lat' dir='ltr'>ponitur,)</span> <span class='ocrx_word' id='word_1_155' title='bbox 372 2169 422 2207; x_wconf 88' lang='lat' dir='ltr'><strong>nec</strong></span> <span class='ocrx_word' id='word_1_156' title='bbox 439 2157 564 2206; x_wconf 87' lang='lat' dir='ltr'>convenit</span> <span class='ocrx_word' id='word_1_157' title='bbox 580 2157 677 2206; x_wconf 85' lang='lat' dir='ltr'>ceteris</span> <span class='ocrx_word' id='word_1_158' title='bbox 694 2157 746 2206; x_wconf 91' lang='grc'><strong>44-</strong></span> <span class='ocrx_word' id='word_1_159' title='bbox 783 2158 906 2222; x_wconf 78' lang='lat' dir='ltr'>leguntur</span> <span class='ocrx_word' id='word_1_160' title='bbox 931 2158 1002 2222; x_wconf 90' lang='lat' dir='ltr'>upud</span> <span class='ocrx_word' id='word_1_161' title='bbox 1029 2160 1161 2210; x_wconf 88' lang='lat' dir='ltr'>Senecam</span> <span class='ocrx_word' id='word_1_162' title='bbox 1186 2161 1220 2210; x_wconf 89' lang='lat' dir='ltr'><strong>de</strong></span> <span class='ocrx_word' id='word_1_163' title='bbox 1246 2161 1308 2212; x_wconf 88' lang='lat' dir='ltr'>Cle-</span> 
     </span>
     <span class='ocr_line' id='line_1_20' title="bbox 221 2229 1308 2299; baseline 0.004 -18"><span class='ocrx_word' id='word_1_164' title='bbox 221 2233 262 2281; x_wconf 87' lang='lat' dir='ltr'><strong>ius</strong></span> <span class='ocrx_word' id='word_1_165' title='bbox 277 2231 482 2296; x_wconf 75' lang='lat' dir='ltr'>praedicationis</span> <span class='ocrx_word' id='word_1_166' title='bbox 494 2229 624 2280; x_wconf 87' lang='lat' dir='ltr'>membris</span> <span class='ocrx_word' id='word_1_167' title='bbox 642 2232 670 2281; x_wconf 91' lang='lat' dir='ltr'><strong>et</strong></span> <span class='ocrx_word' id='word_1_168' title='bbox 686 2243 746 2280; x_wconf 91' lang='lat' dir='ltr'>sen·</span> <span class='ocrx_word' id='word_1_169' title='bbox 783 2235 881 2284; x_wconf 87' lang='lat' dir='ltr'>mentia</span> <span class='ocrx_word' id='word_1_170' title='bbox 899 2235 928 2293; x_wconf 87' lang='grc'><strong>4,</strong></span> <span class='ocrx_word' id='word_1_171' title='bbox 942 2233 968 2283; x_wconf 95' lang='grc'><strong>44</strong></span> <span class='ocrx_word' id='word_1_172' title='bbox 981 2247 987 2281; x_wconf 87' lang='lat'>:</span> <span class='ocrx_word' id='word_1_173' title='bbox 1006 2233 1091 2282; x_wconf 78' lang='lat' dir='ltr'>Fuerit</span> <span class='ocrx_word' id='word_1_174' title='bbox 1102 2233 1308 2299; x_wconf 66' lang='grc'><strong>(4444444444-</strong></span> 
     </span>
     <span class='ocr_line' id='line_1_21' title="bbox 219 2304 1308 2370; baseline 0.004 -14"><span class='ocrx_word' id='word_1_175' title='bbox 219 2307 330 2357; x_wconf 86' lang='lat' dir='ltr'>tentiam</span> <span class='ocrx_word' id='word_1_176' title='bbox 353 2306 467 2370; x_wconf 88' lang='grc'><strong>4444444</strong></span> <span class='ocrx_word' id='word_1_177' title='bbox 483 2304 561 2368; x_wconf 79' lang='lat' dir='ltr'>longe</span> <span class='ocrx_word' id='word_1_178' title='bbox 578 2307 743 2366; x_wconf 79' lang='lat' dir='ltr'>tenuiorem3</span> <span class='ocrx_word' id='word_1_179' title='bbox 782 2309 883 2356; x_wconf 80' lang='grc'><strong>4444444</strong></span> <span class='ocrx_word' id='word_1_180' title='bbox 899 2313 922 2356; x_wconf 93' lang='grc'><strong>44</strong></span> <span class='ocrx_word' id='word_1_181' title='bbox 936 2307 1056 2368; x_wconf 79' lang='grc'><strong>44444444,</strong></span> <span class='ocrx_word' id='word_1_182' title='bbox 1074 2314 1225 2370; x_wconf 81' lang='grc'><strong>4444444444</strong></span> <span class='ocrx_word' id='word_1_183' title='bbox 1235 2323 1308 2360; x_wconf 73' lang='lat' dir='ltr'>neore</span> 
     </span>
     <span class='ocr_line' id='line_1_22' title="bbox 221 2379 1306 2446; baseline 0.003 -16"><span class='ocrx_word' id='word_1_184' title='bbox 221 2381 320 2430; x_wconf 88' lang='lat' dir='ltr'>etenim</span> <span class='ocrx_word' id='word_1_185' title='bbox 336 2381 388 2430; x_wconf 87' lang='lat' dir='ltr'><strong>hoe</strong></span> <span class='ocrx_word' id='word_1_186' title='bbox 405 2379 446 2430; x_wconf 89' lang='lat' dir='ltr'><strong>vel</strong></span> <span class='ocrx_word' id='word_1_187' title='bbox 463 2381 533 2430; x_wconf 88' lang='lat' dir='ltr'>Nero</span> <span class='ocrx_word' id='word_1_188' title='bbox 551 2381 621 2430; x_wconf 88' lang='grc'><strong>44444.</strong></span> <span class='ocrx_word' id='word_1_189' title='bbox 647 2381 743 2443; x_wconf 76' lang='lat' dir='ltr'>Atque,</span> <span class='ocrx_word' id='word_1_190' title='bbox 780 2381 910 2432; x_wconf 75' lang='lat' dir='ltr'>Actiocmu</span> <span class='ocrx_word' id='word_1_191' title='bbox 933 2383 1044 2432; x_wconf 82' lang='grc'><strong>44444444</strong></span> <span class='ocrx_word' id='word_1_192' title='bbox 1064 2395 1154 2433; x_wconf 74' lang='lat' dir='ltr'>emtore</span> <span class='ocrx_word' id='word_1_193' title='bbox 1173 2383 1306 2446; x_wconf 62' lang='lat' dir='ltr'>infectum</span> 
     </span>
     <span class='ocr_line' id='line_1_23' title="bbox 220 2454 1306 2518; baseline 0.005 -15"><span class='ocrx_word' id='word_1_194' title='bbox 220 2454 293 2518; x_wconf 88' lang='lat' dir='ltr'>quod</span> <span class='ocrx_word' id='word_1_195' title='bbox 304 2454 412 2504; x_wconf 83' lang='lat' dir='ltr'>Latinus</span> <span class='ocrx_word' id='word_1_196' title='bbox 420 2456 531 2506; x_wconf 83' lang='lat' dir='ltr'>Pacatus</span> <span class='ocrx_word' id='word_1_197' title='bbox 541 2454 689 2518; x_wconf 84' lang='lat' dir='ltr'>Drepanius</span> <span class='ocrx_word' id='word_1_198' title='bbox 698 2456 745 2504; x_wconf 89' lang='lat' dir='ltr'><strong>Pu·</strong></span> <span class='ocrx_word' id='word_1_199' title='bbox 780 2469 866 2518; x_wconf 82' lang='grc'><strong>444444</strong></span> <span class='ocrx_word' id='word_1_200' title='bbox 878 2460 936 2518; x_wconf 86' lang='lat' dir='ltr'>post</span> <span class='ocrx_word' id='word_1_201' title='bbox 956 2455 1054 2518; x_wconf 76' lang='lat' dir='ltr'>fructus</span> <span class='ocrx_word' id='word_1_202' title='bbox 1070 2457 1096 2505; x_wconf 82' lang='grc'><strong>44</strong></span> <span class='ocrx_word' id='word_1_203' title='bbox 1112 2457 1200 2506; x_wconf 80' lang='lat' dir='ltr'>Sicilia</span> <span class='ocrx_word' id='word_1_204' title='bbox 1215 2459 1306 2508; x_wconf 83' lang='lat' dir='ltr'>classes</span> 
     </span>
     <span class='ocr_line' id='line_1_24' title="bbox 220 2526 1306 2592; baseline 0.006 -16"><span class='ocrx_word' id='word_1_205' title='bbox 220 2540 279 2591; x_wconf 79' lang='lat' dir='ltr'>neg.</span> <span class='ocrx_word' id='word_1_206' title='bbox 291 2529 331 2578; x_wconf 94' lang='grc'><strong>44.</strong></span> <span class='ocrx_word' id='word_1_207' title='bbox 344 2529 393 2577; x_wconf 88' lang='lat' dir='ltr'>ait:</span> <span class='ocrx_word' id='word_1_208' title='bbox 405 2541 462 2577; x_wconf 80' lang='grc'><strong>4444</strong></span> <span class='ocrx_word' id='word_1_209' title='bbox 472 2541 511 2577; x_wconf 80' lang='grc'><strong>444</strong></span> <span class='ocrx_word' id='word_1_210' title='bbox 523 2529 589 2591; x_wconf 86' lang='lat' dir='ltr'>(rem</span> <span class='ocrx_word' id='word_1_211' title='bbox 598 2526 742 2591; x_wconf 80' lang='lat' dir='ltr'>publicam)</span> <span class='ocrx_word' id='word_1_212' title='bbox 780 2535 804 2580; x_wconf 87' lang='grc'><strong>44</strong></span> <span class='ocrx_word' id='word_1_213' title='bbox 819 2543 878 2580; x_wconf 79' lang='lat' dir='ltr'>utos</span> <span class='ocrx_word' id='word_1_214' title='bbox 894 2535 918 2580; x_wconf 87' lang='grc'><strong>44</strong></span> <span class='ocrx_word' id='word_1_215' title='bbox 933 2530 1042 2588; x_wconf 54' lang='lat' dir='ltr'>uticum</span> <span class='ocrx_word' id='word_1_216' title='bbox 1059 2543 1147 2592; x_wconf 82' lang='lat' dir='ltr'>nempe</span> <span class='ocrx_word' id='word_1_217' title='bbox 1160 2533 1306 2592; x_wconf 60' lang='grc'><strong>4444444444-</strong></span> 
     </span>
     <span class='ocr_line' id='line_1_25' title="bbox 219 2602 1304 2669; baseline 0.006 -18"><span class='ocrx_word' id='word_1_218' title='bbox 219 2602 380 2652; x_wconf 82' lang='lat' dir='ltr'>moeoitus</span> <span class='ocrx_word' id='word_1_219' title='bbox 395 2602 520 2666; x_wconf 78' lang='lat' dir='ltr'>Aupurtus</span> <span class='ocrx_word' id='word_1_220' title='bbox 536 2609 656 2663; x_wconf 77' lang='grc'><strong>44444444,</strong></span> <span class='ocrx_word' id='word_1_221' title='bbox 674 2603 744 2666; x_wconf 75' lang='grc'><strong>4444-</strong></span> <span class='ocrx_word' id='word_1_222' title='bbox 779 2605 848 2654; x_wconf 68' lang='lat' dir='ltr'>duos</span> <span class='ocrx_word' id='word_1_223' title='bbox 864 2617 926 2654; x_wconf 84' lang='grc'><strong>4444</strong></span> <span class='ocrx_word' id='word_1_224' title='bbox 939 2609 963 2654; x_wconf 82' lang='lat' dir='ltr'><strong>et</strong></span> <span class='ocrx_word' id='word_1_225' title='bbox 975 2605 1178 2666; x_wconf 64' lang='lat' dir='ltr'>proscriptiones.</span> <span class='ocrx_word' id='word_1_226' title='bbox 1195 2632 1220 2643; x_wconf 96' lang='lat'>-</span> <span class='ocrx_word' id='word_1_227' title='bbox 1241 2607 1304 2669; x_wconf 83' lang='grc'><strong>444.</strong></span> 
     </span>
     <span class='ocr_line' id='line_1_26' title="bbox 220 2675 1302 2741; baseline 0.005 -16"><span class='ocrx_word' id='word_1_228' title='bbox 220 2676 271 2726; x_wconf 82' lang='grc'><strong>444</strong></span> <span class='ocrx_word' id='word_1_229' title='bbox 286 2677 434 2726; x_wconf 72' lang='lat' dir='ltr'>Hadrianus</span> <span class='ocrx_word' id='word_1_230' title='bbox 443 2677 575 2738; x_wconf 72' lang='lat' dir='ltr'>indueret,</span> <span class='ocrx_word' id='word_1_231' title='bbox 594 2675 636 2726; x_wconf 88' lang='lat' dir='ltr'><strong>vel</strong></span> <span class='ocrx_word' id='word_1_232' title='bbox 649 2689 681 2726; x_wconf 85' lang='lat' dir='ltr'><strong>ex</strong></span> <span class='ocrx_word' id='word_1_233' title='bbox 694 2676 743 2725; x_wconf 90' lang='lat' dir='ltr'><strong>de·</strong></span> <span class='ocrx_word' id='word_1_234' title='bbox 779 2692 801 2727; x_wconf 86' lang='grc'><strong>4.</strong></span> <span class='ocrx_word' id='word_1_235' title='bbox 814 2691 914 2740; x_wconf 67' lang='lat' dir='ltr'>peccaro</span> <span class='ocrx_word' id='word_1_236' title='bbox 930 2677 992 2740; x_wconf 80' lang='lat' dir='ltr'>cet]</span> <span class='ocrx_word' id='word_1_237' title='bbox 1019 2679 1073 2728; x_wconf 80' lang='grc'><strong>«444</strong></span> <span class='ocrx_word' id='word_1_238' title='bbox 1092 2677 1213 2741; x_wconf 87' lang='lat' dir='ltr'>publicae</span> <span class='ocrx_word' id='word_1_239' title='bbox 1231 2680 1302 2730; x_wconf 86' lang='lat' dir='ltr'>utili-</span> 
     </span>
     <span class='ocr_line' id='line_1_27' title="bbox 219 2750 1303 2813; baseline 0.003 -12"><span class='ocrx_word' id='word_1_240' title='bbox 219 2750 373 2802; x_wconf 85' lang='lat' dir='ltr'>clamatorio</span> <span class='ocrx_word' id='word_1_241' title='bbox 394 2763 493 2813; x_wconf 76' lang='lat' dir='ltr'>genere</span> <span class='ocrx_word' id='word_1_242' title='bbox 514 2750 620 2802; x_wconf 87' lang='lat' dir='ltr'>dicendi</span> <span class='ocrx_word' id='word_1_243' title='bbox 639 2751 742 2800; x_wconf 87' lang='lat' dir='ltr'>temere</span> <span class='ocrx_word' id='word_1_244' title='bbox 779 2753 825 2801; x_wconf 82' lang='lat' dir='ltr'>tati</span> <span class='ocrx_word' id='word_1_245' title='bbox 851 2751 980 2810; x_wconf 84' lang='grc'><strong>4444444444,</strong></span> <span class='ocrx_word' id='word_1_246' title='bbox 1006 2751 1028 2800; x_wconf 88' lang='lat' dir='ltr'><strong>si</strong></span> <span class='ocrx_word' id='word_1_247' title='bbox 1049 2750 1084 2800; x_wconf 84' lang='lat' dir='ltr'><strong>ab</strong></span> <span class='ocrx_word' id='word_1_248' title='bbox 1106 2751 1174 2801; x_wconf 86' lang='lat' dir='ltr'>illius</span> <span class='ocrx_word' id='word_1_249' title='bbox 1195 2766 1258 2802; x_wconf 87' lang='lat' dir='ltr'>euru</span> <span class='ocrx_word' id='word_1_250' title='bbox 1277 2757 1303 2804; x_wconf 87' lang='grc'><strong>44</strong></span> 
     </span>
     <span class='ocr_line' id='line_1_28' title="bbox 218 2821 1304 2890; baseline 0.003 -16"><span class='ocrx_word' id='word_1_251' title='bbox 218 2827 355 2888; x_wconf 87' lang='lat' dir='ltr'>arreptum</span> <span class='ocrx_word' id='word_1_252' title='bbox 373 2827 415 2875; x_wconf 91' lang='lat' dir='ltr'><strong>est</strong></span> <span class='ocrx_word' id='word_1_253' title='bbox 430 2823 487 2885; x_wconf 91' lang='lat' dir='ltr'>vel,</span> <span class='ocrx_word' id='word_1_254' title='bbox 508 2825 531 2874; x_wconf 90' lang='lat' dir='ltr'><strong>si</strong></span> <span class='ocrx_word' id='word_1_255' title='bbox 549 2837 579 2874; x_wconf 88' lang='lat' dir='ltr'><strong>re</strong></span> <span class='ocrx_word' id='word_1_256' title='bbox 596 2835 660 2874; x_wconf 79' lang='lat' dir='ltr'>vera</span> <span class='ocrx_word' id='word_1_257' title='bbox 678 2824 704 2872; x_wconf 91' lang='grc'><strong>4.</strong></span> <span class='ocrx_word' id='word_1_258' title='bbox 724 2821 741 2872; x_wconf 94' lang='grc'><strong>4.</strong></span> <span class='ocrx_word' id='word_1_259' title='bbox 780 2825 877 2874; x_wconf 82' lang='lat' dir='ltr'>diutius</span> <span class='ocrx_word' id='word_1_260' title='bbox 889 2837 1001 2874; x_wconf 80' lang='lat' dir='ltr'>evocem</span> <span class='ocrx_word' id='word_1_261' title='bbox 1012 2824 1085 2887; x_wconf 83' lang='grc'><strong>44444</strong></span> <span class='ocrx_word' id='word_1_262' title='bbox 1096 2838 1219 2887; x_wconf 78' lang='lat' dir='ltr'>somnos,</span> <span class='ocrx_word' id='word_1_263' title='bbox 1239 2841 1304 2890; x_wconf 84' lang='lat' dir='ltr'>quu-</span> 
     </span>
     <span class='ocr_line' id='line_1_29' title="bbox 218 2897 1306 2966; baseline 0.004 -18"><span class='ocrx_word' id='word_1_264' title='bbox 218 2899 343 2961; x_wconf 80' lang='lat' dir='ltr'>respexit,</span> <span class='ocrx_word' id='word_1_265' title='bbox 356 2911 389 2948; x_wconf 86' lang='grc'><strong>44</strong></span> <span class='ocrx_word' id='word_1_266' title='bbox 400 2898 547 2949; x_wconf 85' lang='lat' dir='ltr'>memoriae</span> <span class='ocrx_word' id='word_1_267' title='bbox 556 2909 648 2946; x_wconf 87' lang='lat' dir='ltr'>errore</span> <span class='ocrx_word' id='word_1_268' title='bbox 659 2897 741 2946; x_wconf 83' lang='grc'><strong>444444.</strong></span> <span class='ocrx_word' id='word_1_269' title='bbox 778 2897 811 2949; x_wconf 88' lang='lat' dir='ltr'><strong>lis</strong></span> <span class='ocrx_word' id='word_1_270' title='bbox 827 2898 939 2948; x_wconf 84' lang='lat' dir='ltr'>tortasse</span> <span class='ocrx_word' id='word_1_271' title='bbox 957 2897 1004 2946; x_wconf 88' lang='lat' dir='ltr'>tibi</span> <span class='ocrx_word' id='word_1_272' title='bbox 1016 2897 1150 2948; x_wconf 85' lang='lat' dir='ltr'>videbitur</span> <span class='ocrx_word' id='word_1_273' title='bbox 1161 2900 1229 2950; x_wconf 87' lang='grc'><strong>4444</strong></span> <span class='ocrx_word' id='word_1_274' title='bbox 1247 2901 1306 2966; x_wconf 90' lang='lat' dir='ltr'>ipsa</span> 
     </span>
     <span class='ocr_line' id='line_1_30' title="bbox 217 2970 1303 3036; baseline 0.005 -15"><span class='ocrx_word' id='word_1_275' title='bbox 217 2971 293 3022; x_wconf 79' lang='lat' dir='ltr'>Adde</span> <span class='ocrx_word' id='word_1_276' title='bbox 311 2973 419 3022; x_wconf 81' lang='lat' dir='ltr'>sueton.</span> <span class='ocrx_word' id='word_1_277' title='bbox 438 2973 527 3022; x_wconf 81' lang='grc'><strong>04444.</strong></span> <span class='ocrx_word' id='word_1_278' title='bbox 541 2972 587 3021; x_wconf 73' lang='lat'><strong>27:</strong></span> <span class='ocrx_word' id='word_1_279' title='bbox 606 2971 704 3032; x_wconf 75' lang='lat' dir='ltr'>Recepit</span> <span class='ocrx_word' id='word_1_280' title='bbox 720 2975 744 3020; x_wconf 88' lang='grc'><strong>44</strong></span> <span class='ocrx_word' id='word_1_281' title='bbox 780 2970 903 3036; x_wconf 87' lang='lat' dir='ltr'>epistola,</span> <span class='ocrx_word' id='word_1_282' title='bbox 921 2984 991 3034; x_wconf 84' lang='lat' dir='ltr'>quse</span> <span class='ocrx_word' id='word_1_283' title='bbox 1009 2972 1091 3022; x_wconf 85' lang='grc'><strong>444444</strong></span> <span class='ocrx_word' id='word_1_284' title='bbox 1108 2975 1149 3022; x_wconf 86' lang='lat' dir='ltr'><strong>est</strong></span> <span class='ocrx_word' id='word_1_285' title='bbox 1162 2976 1303 3026; x_wconf 87' lang='lat' dir='ltr'>sermonis.</span> 
     </span>
     <span class='ocr_line' id='line_1_31' title="bbox 218 3045 1305 3108; baseline 0.004 -13"><span class='ocrx_word' id='word_1_286' title='bbox 218 3045 507 3108; x_wconf 79' lang='lat' dir='ltr'>morumlepumque</span> <span class='ocrx_word' id='word_1_287' title='bbox 528 3045 744 3108; x_wconf 80' lang='lat' dir='ltr'>repimonpsrpt·</span> <span class='ocrx_word' id='word_1_288' title='bbox 779 3046 880 3096; x_wconf 86' lang='lat' dir='ltr'>Verum</span> <span class='ocrx_word' id='word_1_289' title='bbox 897 3048 970 3106; x_wconf 89' lang='lat' dir='ltr'>esto,</span> <span class='ocrx_word' id='word_1_290' title='bbox 991 3045 1096 3095; x_wconf 88' lang='lat' dir='ltr'>uudebo</span> <span class='ocrx_word' id='word_1_291' title='bbox 1113 3048 1240 3107; x_wconf 80' lang='lat' dir='ltr'>tumen3»</span> <span class='ocrx_word' id='word_1_292' title='bbox 1267 3051 1305 3100; x_wconf 90' lang='lat' dir='ltr'>uli</span> 
     </span>
     <span class='ocr_line' id='line_1_32' title="bbox 218 3117 1302 3184; baseline 0.004 -14"><span class='ocrx_word' id='word_1_293' title='bbox 218 3125 297 3170; x_wconf 74' lang='grc'><strong>444444.</strong></span> <span class='ocrx_word' id='word_1_294' title='bbox 324 3119 425 3170; x_wconf 78' lang='lat' dir='ltr'>Pariter</span> <span class='ocrx_word' id='word_1_295' title='bbox 441 3123 531 3169; x_wconf 84' lang='lat' dir='ltr'>autem</span> <span class='ocrx_word' id='word_1_296' title='bbox 548 3121 612 3184; x_wconf 78' lang='grc'><strong>44444</strong></span> <span class='ocrx_word' id='word_1_297' title='bbox 626 3121 653 3169; x_wconf 90' lang='lat' dir='ltr'><strong>et</strong></span> <span class='ocrx_word' id='word_1_298' title='bbox 662 3132 744 3168; x_wconf 84' lang='lat' dir='ltr'>moras</span> <span class='ocrx_word' id='word_1_299' title='bbox 779 3121 939 3170; x_wconf 86' lang='lat' dir='ltr'>sententiam</span> <span class='ocrx_word' id='word_1_300' title='bbox 967 3117 1111 3182; x_wconf 84' lang='lat' dir='ltr'>complevit</span> <span class='ocrx_word' id='word_1_301' title='bbox 1143 3121 1302 3174; x_wconf 87' lang='lat' dir='ltr'>Schmidius.</span> 
     </span>
     <span class='ocr_line' id='line_1_33' title="bbox 218 3192 1306 3260; baseline 0.004 -16"><span class='ocrx_word' id='word_1_302' title='bbox 218 3194 341 3244; x_wconf 84' lang='lat' dir='ltr'>Horatius</span> <span class='ocrx_word' id='word_1_303' title='bbox 358 3194 494 3258; x_wconf 76' lang='lat' dir='ltr'>componit</span> <span class='ocrx_word' id='word_1_304' title='bbox 511 3193 558 3243; x_wconf 93' lang='lat' dir='ltr'><strong>Od.</strong></span> <span class='ocrx_word' id='word_1_305' title='bbox 576 3193 607 3253; x_wconf 82' lang='grc'><strong>3,</strong></span> <span class='ocrx_word' id='word_1_306' title='bbox 628 3192 676 3254; x_wconf 76' lang='lat' dir='ltr'><strong>et,</strong></span> <span class='ocrx_word' id='word_1_307' title='bbox 695 3193 741 3242; x_wconf 79' lang='lat' dir='ltr'>at:</span> <span class='ocrx_word' id='word_1_308' title='bbox 780 3195 827 3244; x_wconf 83' lang='lat' dir='ltr'><strong>Est</strong></span> <span class='ocrx_word' id='word_1_309' title='bbox 850 3193 966 3244; x_wconf 89' lang='lat' dir='ltr'>hominis</span> <span class='ocrx_word' id='word_1_310' title='bbox 992 3193 1106 3244; x_wconf 82' lang='lat' dir='ltr'>modesti</span> <span class='ocrx_word' id='word_1_311' title='bbox 1129 3193 1306 3260; x_wconf 81' lang='lat' dir='ltr'>simulatque</span> 
     </span>
     <span class='ocr_line' id='line_1_34' title="bbox 219 3265 1305 3332; baseline 0.002 -14"><span class='ocrx_word' id='word_1_312' title='bbox 219 3269 285 3330; x_wconf 79' lang='lat' dir='ltr'>Quid</span> <span class='ocrx_word' id='word_1_313' title='bbox 300 3269 365 3332; x_wconf 80' lang='grc'><strong>44444</strong></span> <span class='ocrx_word' id='word_1_314' title='bbox 379 3269 432 3318; x_wconf 80' lang='lat' dir='ltr'>stne</span> <span class='ocrx_word' id='word_1_315' title='bbox 453 3268 564 3318; x_wconf 76' lang='grc'><strong>44444444</strong></span> <span class='ocrx_word' id='word_1_316' title='bbox 583 3268 668 3316; x_wconf 78' lang='lat' dir='ltr'>Vasco</span> <span class='ocrx_word' id='word_1_317' title='bbox 678 3280 743 3328; x_wconf 80' lang='lat' dir='ltr'>pro-</span> <span class='ocrx_word' id='word_1_318' title='bbox 780 3265 875 3316; x_wconf 90' lang='lat' dir='ltr'>urbani</span> <span class='ocrx_word' id='word_1_319' title='bbox 893 3268 1043 3327; x_wconf 79' lang='lat' dir='ltr'>excusatio,</span> <span class='ocrx_word' id='word_1_320' title='bbox 1062 3279 1114 3330; x_wconf 84' lang='lat' dir='ltr'><strong>qua</strong></span> <span class='ocrx_word' id='word_1_321' title='bbox 1129 3280 1305 3330; x_wconf 84' lang='grc'><strong>4444444444</strong></span> 
     </span>
     <span class='ocr_line' id='line_1_35' title="bbox 217 3339 1306 3406; baseline 0.003 -16"><span class='ocrx_word' id='word_1_322' title='bbox 217 3341 321 3405; x_wconf 68' lang='grc'><strong>44444444</strong></span> <span class='ocrx_word' id='word_1_323' title='bbox 338 3341 386 3391; x_wconf 89' lang='lat' dir='ltr'><strong>cd.</strong></span> <span class='ocrx_word' id='word_1_324' title='bbox 400 3341 424 3402; x_wconf 86' lang='grc'><strong>4,</strong></span> <span class='ocrx_word' id='word_1_325' title='bbox 437 3343 462 3401; x_wconf 85' lang='lat' dir='ltr'><strong>o,</strong></span> <span class='ocrx_word' id='word_1_326' title='bbox 473 3342 519 3391; x_wconf 72' lang='grc'><strong>444</strong></span> <span class='ocrx_word' id='word_1_327' title='bbox 537 3341 744 3390; x_wconf 73' lang='grc'><strong>4444444444-</strong></span> <span class='ocrx_word' id='word_1_328' title='bbox 780 3341 861 3391; x_wconf 83' lang='grc'><strong>44444</strong></span> <span class='ocrx_word' id='word_1_329' title='bbox 886 3341 994 3405; x_wconf 76' lang='lat' dir='ltr'>paginas</span> <span class='ocrx_word' id='word_1_330' title='bbox 1012 3339 1046 3390; x_wconf 87' lang='lat' dir='ltr'><strong>ad</strong></span> <span class='ocrx_word' id='word_1_331' title='bbox 1063 3353 1126 3390; x_wconf 87' lang='lat' dir='ltr'><strong>eum</strong></span> <span class='ocrx_word' id='word_1_332' title='bbox 1143 3353 1173 3390; x_wconf 87' lang='lat' dir='ltr'><strong>se</strong></span> <span class='ocrx_word' id='word_1_333' title='bbox 1191 3343 1306 3406; x_wconf 86' lang='grc'><strong>4444444-</strong></span> 
     </span>
    </p>
   </div>
   <div class='ocr_carea' id='block_1_5' title="bbox 217 3414 1401 3480">
    <p class='ocr_par' dir='ltr' id='par_1_5' title="bbox 217 3414 1401 3480">
     <span class='ocr_line' id='line_1_36' title="bbox 217 3414 1401 3480; baseline 0.001 -14"><span class='ocrx_word' id='word_1_334' title='bbox 217 3415 535 3478; x_wconf 73' lang='grc'><strong>4444444444444444444444.</strong></span> <span class='ocrx_word' id='word_1_335' title='bbox 564 3417 645 3466; x_wconf 81' lang='lat' dir='ltr'>Psote</span> <span class='ocrx_word' id='word_1_336' title='bbox 663 3416 742 3466; x_wconf 84' lang='lat' dir='ltr'>etiam</span> <span class='ocrx_word' id='word_1_337' title='bbox 779 3428 841 3466; x_wconf 92' lang='lat' dir='ltr'><strong>rum</strong></span> <span class='ocrx_word' id='word_1_338' title='bbox 857 3415 1005 3476; x_wconf 85' lang='lat' dir='ltr'>ennuntiat,</span> <span class='ocrx_word' id='word_1_339' title='bbox 1033 3427 1086 3466; x_wconf 92' lang='lat' dir='ltr'><strong>non</strong></span> <span class='ocrx_word' id='word_1_340' title='bbox 1109 3417 1139 3464; x_wconf 92' lang='lat' dir='ltr'><strong>ut</strong></span> <span class='ocrx_word' id='word_1_341' title='bbox 1155 3414 1196 3464; x_wconf 89' lang='lat' dir='ltr'>ulii</span> <span class='ocrx_word' id='word_1_342' title='bbox 1213 3415 1305 3480; x_wconf 76' lang='lat' dir='ltr'>longos</span> <span class='ocrx_word' id='word_1_343' title='bbox 1395 3463 1401 3473; x_wconf 83' lang='lat'>,</span> 
     </span>
    </p>
   </div>
   <div class='ocr_carea' id='block_1_6' title="bbox 216 3487 1306 4368">
    <p class='ocr_par' dir='ltr' id='par_1_6' title="bbox 216 3487 1306 4368">
     <span class='ocr_line' id='line_1_37' title="bbox 218 3487 1305 3553; baseline 0 -13"><span class='ocrx_word' id='word_1_344' title='bbox 218 3489 378 3542; x_wconf 83' lang='lat' dir='ltr'>Chishnllins</span> <span class='ocrx_word' id='word_1_345' title='bbox 395 3490 430 3540; x_wconf 85' lang='lat' dir='ltr'><strong>ud</strong></span> <span class='ocrx_word' id='word_1_346' title='bbox 446 3492 516 3542; x_wconf 86' lang='lat' dir='ltr'>lion.</span> <span class='ocrx_word' id='word_1_347' title='bbox 529 3491 626 3552; x_wconf 79' lang='lat' dir='ltr'>Ancyr.</span> <span class='ocrx_word' id='word_1_348' title='bbox 645 3491 672 3540; x_wconf 91' lang='lat' dir='ltr'>in</span> <span class='ocrx_word' id='word_1_349' title='bbox 688 3491 744 3540; x_wconf 75' lang='lat' dir='ltr'><strong>An·</strong></span> <span class='ocrx_word' id='word_1_350' title='bbox 780 3490 954 3553; x_wconf 80' lang='lat' dir='ltr'>panegyricos</span> <span class='ocrx_word' id='word_1_351' title='bbox 979 3487 1098 3552; x_wconf 87' lang='lat' dir='ltr'>aliosque</span> <span class='ocrx_word' id='word_1_352' title='bbox 1118 3488 1200 3539; x_wconf 86' lang='lat' dir='ltr'>libros</span> <span class='ocrx_word' id='word_1_353' title='bbox 1222 3491 1247 3539; x_wconf 90' lang='lat' dir='ltr'><strong>ei</strong></span> <span class='ocrx_word' id='word_1_354' title='bbox 1264 3490 1305 3540; x_wconf 88' lang='lat' dir='ltr'>in-</span> 
     </span>
     <span class='ocr_line' id='line_1_38' title="bbox 218 3562 1305 3628; baseline 0 -14"><span class='ocrx_word' id='word_1_355' title='bbox 218 3566 283 3628; x_wconf 87' lang='lat' dir='ltr'>tiqq.</span> <span class='ocrx_word' id='word_1_356' title='bbox 295 3565 376 3615; x_wconf 78' lang='grc'><strong>44444.</strong></span> <span class='ocrx_word' id='word_1_357' title='bbox 389 3577 417 3628; x_wconf 94' lang='lat' dir='ltr'><strong>p.</strong></span> <span class='ocrx_word' id='word_1_358' title='bbox 431 3565 487 3616; x_wconf 82' lang='grc'><strong>484.</strong></span> <span class='ocrx_word' id='word_1_359' title='bbox 506 3578 546 3616; x_wconf 85' lang='grc'><strong>444</strong></span> <span class='ocrx_word' id='word_1_360' title='bbox 561 3565 640 3616; x_wconf 77' lang='lat' dir='ltr'>Italos</span> <span class='ocrx_word' id='word_1_361' title='bbox 651 3578 744 3614; x_wconf 74' lang='grc'><strong>4444444</strong></span> <span class='ocrx_word' id='word_1_362' title='bbox 780 3563 899 3614; x_wconf 87' lang='lat' dir='ltr'>seribere</span> <span class='ocrx_word' id='word_1_363' title='bbox 911 3563 1022 3626; x_wconf 86' lang='lat' dir='ltr'>eiusque</span> <span class='ocrx_word' id='word_1_364' title='bbox 1034 3563 1160 3626; x_wconf 80' lang='lat' dir='ltr'>patientia</span> <span class='ocrx_word' id='word_1_365' title='bbox 1171 3562 1244 3614; x_wconf 87' lang='grc'><strong>44444</strong></span> <span class='ocrx_word' id='word_1_366' title='bbox 1256 3576 1305 3614; x_wconf 89' lang='grc'><strong>44-</strong></span> 
     </span>
     <span class='ocr_line' id='line_1_39' title="bbox 217 3636 1303 3703; baseline 0 -15"><span class='ocrx_word' id='word_1_367' title='bbox 217 3639 344 3688; x_wconf 84' lang='lat' dir='ltr'>moeuidus</span> <span class='ocrx_word' id='word_1_368' title='bbox 359 3638 481 3703; x_wconf 92' lang='lat' dir='ltr'>putidum</span> <span class='ocrx_word' id='word_1_369' title='bbox 501 3653 561 3691; x_wconf 87' lang='lat' dir='ltr'>esse</span> <span class='ocrx_word' id='word_1_370' title='bbox 579 3639 742 3702; x_wconf 86' lang='lat' dir='ltr'>minimeque</span> <span class='ocrx_word' id='word_1_371' title='bbox 780 3637 889 3688; x_wconf 88' lang='lat' dir='ltr'>debant.</span> <span class='ocrx_word' id='word_1_372' title='bbox 905 3665 932 3674; x_wconf 92' lang='lat'>—</span> <span class='ocrx_word' id='word_1_373' title='bbox 945 3637 1037 3698; x_wconf 81' lang='lat' dir='ltr'>moror]</span> <span class='ocrx_word' id='word_1_374' title='bbox 1051 3636 1089 3687; x_wconf 85' lang='lat' dir='ltr'><strong>Cl.</strong></span> <span class='ocrx_word' id='word_1_375' title='bbox 1100 3637 1165 3700; x_wconf 85' lang='lat' dir='ltr'>Epp.</span> <span class='ocrx_word' id='word_1_376' title='bbox 1177 3637 1200 3698; x_wconf 94' lang='grc'><strong>4,</strong></span> <span class='ocrx_word' id='word_1_377' title='bbox 1213 3637 1252 3700; x_wconf 85' lang='grc'><strong>43,</strong></span> <span class='ocrx_word' id='word_1_378' title='bbox 1263 3639 1303 3688; x_wconf 74' lang='grc'><strong>444</strong></span> 
     </span>
     <span class='ocr_line' id='line_1_40' title="bbox 218 3711 1304 3776; baseline -0.003 -12"><span class='ocrx_word' id='word_1_379' title='bbox 218 3713 391 3764; x_wconf 83' lang='grc'><strong>444444444444</strong></span> <span class='ocrx_word' id='word_1_380' title='bbox 405 3715 565 3776; x_wconf 86' lang='grc'><strong>4444444444.</strong></span> <span class='ocrx_word' id='word_1_381' title='bbox 781 3712 915 3772; x_wconf 74' lang='lat' dir='ltr'>donnino,</span> <span class='ocrx_word' id='word_1_382' title='bbox 934 3725 999 3772; x_wconf 80' lang='grc'><strong>44444</strong></span> <span class='ocrx_word' id='word_1_383' title='bbox 1011 3711 1108 3772; x_wconf 84' lang='lat' dir='ltr'>possint</span> <span class='ocrx_word' id='word_1_384' title='bbox 1121 3711 1204 3760; x_wconf 82' lang='lat' dir='ltr'>oculos</span> <span class='ocrx_word' id='word_1_385' title='bbox 1215 3725 1304 3762; x_wconf 80' lang='lat' dir='ltr'>aures·</span> 
     </span>
     <span class='ocr_line' id='line_1_41' title="bbox 250 3785 1306 3852; baseline -0.001 -15"><span class='ocrx_word' id='word_1_386' title='bbox 250 3787 274 3838; x_wconf 88' lang='grc'><strong>3.</strong></span> <span class='ocrx_word' id='word_1_387' title='bbox 291 3786 317 3838; x_wconf 76' lang='lat' dir='ltr'><strong>l.</strong></span> <span class='ocrx_word' id='word_1_388' title='bbox 343 3788 448 3852; x_wconf 78' lang='grc'><strong>4444444</strong></span> <span class='ocrx_word' id='word_1_389' title='bbox 468 3788 587 3852; x_wconf 73' lang='lat' dir='ltr'>mesdeo]</span> <span class='ocrx_word' id='word_1_390' title='bbox 611 3787 744 3851; x_wconf 69' lang='lat' dir='ltr'>Significat</span> <span class='ocrx_word' id='word_1_391' title='bbox 780 3785 1071 3850; x_wconf 62' lang='lat' dir='ltr'>nemausensem-ts.</span> <span class='ocrx_word' id='word_1_392' title='bbox 1084 3811 1111 3820; x_wconf 94' lang='lat'>-</span> <span class='ocrx_word' id='word_1_393' title='bbox 1125 3788 1306 3849; x_wconf 74' lang='lat' dir='ltr'>tuatonporo]</span> 
     </span>
     <span class='ocr_line' id='line_1_42' title="bbox 216 3857 1303 3926; baseline 0.001 -16"><span class='ocrx_word' id='word_1_394' title='bbox 216 3862 361 3926; x_wconf 86' lang='lat' dir='ltr'>praecipue</span> <span class='ocrx_word' id='word_1_395' title='bbox 368 3861 584 3912; x_wconf 82' lang='lat' dir='ltr'>emendationem</span> <span class='ocrx_word' id='word_1_396' title='bbox 592 3859 694 3910; x_wconf 78' lang='lat' dir='ltr'>formas</span> <span class='ocrx_word' id='word_1_397' title='bbox 703 3861 743 3910; x_wconf 88' lang='lat' dir='ltr'><strong>rei</strong></span> <span class='ocrx_word' id='word_1_398' title='bbox 780 3873 865 3924; x_wconf 81' lang='lat' dir='ltr'>«quae</span> <span class='ocrx_word' id='word_1_399' title='bbox 883 3862 909 3909; x_wconf 91' lang='lat' dir='ltr'>in</span> <span class='ocrx_word' id='word_1_400' title='bbox 927 3860 1030 3921; x_wconf 80' lang='lat' dir='ltr'>negotia</span> <span class='ocrx_word' id='word_1_401' title='bbox 1049 3857 1155 3922; x_wconf 85' lang='lat' dir='ltr'>publicu</span> <span class='ocrx_word' id='word_1_402' title='bbox 1167 3859 1303 3911; x_wconf 89' lang='lat' dir='ltr'>insumere</span> 
     </span>
     <span class='ocr_line' id='line_1_43' title="bbox 216 3931 1304 3999; baseline 0.001 -15"><span class='ocrx_word' id='word_1_403' title='bbox 216 3933 340 3999; x_wconf 83' lang='lat' dir='ltr'>publicus</span> <span class='ocrx_word' id='word_1_404' title='bbox 357 3936 437 3985; x_wconf 85' lang='lat' dir='ltr'>totius</span> <span class='ocrx_word' id='word_1_405' title='bbox 454 3937 516 3999; x_wconf 87' lang='lat' dir='ltr'>post</span> <span class='ocrx_word' id='word_1_406' title='bbox 531 3933 681 3984; x_wconf 85' lang='lat' dir='ltr'>turbulento</span> <span class='ocrx_word' id='word_1_407' title='bbox 700 3932 743 3983; x_wconf 85' lang='lat' dir='ltr'>illa</span> <span class='ocrx_word' id='word_1_408' title='bbox 780 3934 948 3985; x_wconf 80' lang='lat' dir='ltr'>decrevisti.»</span> <span class='ocrx_word' id='word_1_409' title='bbox 967 3935 1045 3983; x_wconf 89' lang='lat' dir='ltr'>Corn.</span> <span class='ocrx_word' id='word_1_410' title='bbox 1060 3934 1188 3995; x_wconf 81' lang='lat' dir='ltr'>Neptltt.</span> <span class='ocrx_word' id='word_1_411' title='bbox 1199 3931 1228 3982; x_wconf 82' lang='lat' dir='ltr'><strong>l:</strong></span> <span class='ocrx_word' id='word_1_412' title='bbox 1247 3947 1304 3985; x_wconf 83' lang='grc'><strong>44444</strong></span> 
     </span>
     <span class='ocr_line' id='line_1_44' title="bbox 217 4006 1305 4072; baseline 0 -13"><span class='ocrx_word' id='word_1_413' title='bbox 217 4007 348 4059; x_wconf 86' lang='lat' dir='ltr'>bellorum</span> <span class='ocrx_word' id='word_1_414' title='bbox 365 4008 481 4059; x_wconf 87' lang='lat' dir='ltr'>civilium</span> <span class='ocrx_word' id='word_1_415' title='bbox 497 4011 631 4072; x_wconf 83' lang='lat' dir='ltr'>temporo,</span> <span class='ocrx_word' id='word_1_416' title='bbox 650 4008 744 4072; x_wconf 90' lang='lat' dir='ltr'>impri-</span> <span class='ocrx_word' id='word_1_417' title='bbox 779 4009 865 4057; x_wconf 83' lang='grc'><strong>444444</strong></span> <span class='ocrx_word' id='word_1_418' title='bbox 887 4008 987 4069; x_wconf 77' lang='lat' dir='ltr'>reliquo</span> <span class='ocrx_word' id='word_1_419' title='bbox 1011 4012 1126 4068; x_wconf 81' lang='grc'><strong>44444444</strong></span> <span class='ocrx_word' id='word_1_420' title='bbox 1151 4011 1196 4055; x_wconf 85' lang='grc'><strong>444</strong></span> <span class='ocrx_word' id='word_1_421' title='bbox 1216 4006 1305 4059; x_wconf 81' lang='lat' dir='ltr'>littoris</span> 
     </span>
     <span class='ocr_line' id='line_1_45' title="bbox 217 4079 1303 4146; baseline 0.002 -15"><span class='ocrx_word' id='word_1_422' title='bbox 217 4083 268 4132; x_wconf 86' lang='lat' dir='ltr'><strong>mis</strong></span> <span class='ocrx_word' id='word_1_423' title='bbox 286 4085 439 4134; x_wconf 81' lang='lat' dir='ltr'>accuratam</span> <span class='ocrx_word' id='word_1_424' title='bbox 457 4083 484 4130; x_wconf 87' lang='lat' dir='ltr'><strong>et</strong></span> <span class='ocrx_word' id='word_1_425' title='bbox 495 4081 583 4131; x_wconf 86' lang='grc'><strong>4444444</strong></span> <span class='ocrx_word' id='word_1_426' title='bbox 597 4083 624 4131; x_wconf 85' lang='grc'><strong>44</strong></span> <span class='ocrx_word' id='word_1_427' title='bbox 634 4081 743 4146; x_wconf 80' lang='lat' dir='ltr'>provin-</span> <span class='ocrx_word' id='word_1_428' title='bbox 779 4087 826 4130; x_wconf 82' lang='lat' dir='ltr'><strong>out</strong></span> <span class='ocrx_word' id='word_1_429' title='bbox 840 4081 1021 4132; x_wconf 66' lang='lat' dir='ltr'>tommosam</span> <span class='ocrx_word' id='word_1_430' title='bbox 1037 4079 1198 4142; x_wconf 77' lang='lat' dir='ltr'>reipublicae</span> <span class='ocrx_word' id='word_1_431' title='bbox 1209 4081 1303 4133; x_wconf 78' lang='lat' dir='ltr'>tribue·</span> 
     </span>
     <span class='ocr_line' id='line_1_46' title="bbox 218 4155 886 4220; baseline -0.003 -14"><span class='ocrx_word' id='word_1_432' title='bbox 218 4157 320 4208; x_wconf 87' lang='lat' dir='ltr'>ciurum</span> <span class='ocrx_word' id='word_1_433' title='bbox 346 4157 611 4208; x_wconf 83' lang='lat' dir='ltr'>administrationem.</span> <span class='ocrx_word' id='word_1_434' title='bbox 647 4155 742 4220; x_wconf 89' lang='lat' dir='ltr'>Splen-</span> <span class='ocrx_word' id='word_1_435' title='bbox 778 4159 817 4206; x_wconf 80' lang='lat' dir='ltr'><strong>ret</strong></span> <span class='ocrx_word' id='word_1_436' title='bbox 834 4157 886 4207; x_wconf 89' lang='lat' dir='ltr'>cet.</span> 
     </span>
     <span class='ocr_line' id='line_1_47' title="bbox 218 4229 1304 4294; baseline 0.002 -14"><span class='ocrx_word' id='word_1_437' title='bbox 218 4229 310 4280; x_wconf 87' lang='lat' dir='ltr'>didum</span> <span class='ocrx_word' id='word_1_438' title='bbox 321 4233 432 4294; x_wconf 80' lang='lat' dir='ltr'>Augusti</span> <span class='ocrx_word' id='word_1_439' title='bbox 449 4229 564 4292; x_wconf 78' lang='lat' dir='ltr'>elogium</span> <span class='ocrx_word' id='word_1_440' title='bbox 576 4232 661 4281; x_wconf 85' lang='grc'><strong>444444</strong></span> <span class='ocrx_word' id='word_1_441' title='bbox 671 4230 743 4294; x_wconf 88' lang='lat' dir='ltr'>opud</span> <span class='ocrx_word' id='word_1_442' title='bbox 811 4232 836 4280; x_wconf 85' lang='grc'><strong>4.</strong></span> <span class='ocrx_word' id='word_1_443' title='bbox 849 4230 873 4279; x_wconf 85' lang='grc'><strong>6.</strong></span> <span class='ocrx_word' id='word_1_444' title='bbox 900 4229 1017 4280; x_wconf 80' lang='lat' dir='ltr'>Romulus</span> <span class='ocrx_word' id='word_1_445' title='bbox 1033 4229 1095 4292; x_wconf 84' lang='lat' dir='ltr'>cet]</span> <span class='ocrx_word' id='word_1_446' title='bbox 1120 4231 1182 4282; x_wconf 83' lang='lat' dir='ltr'>Post</span> <span class='ocrx_word' id='word_1_447' title='bbox 1197 4230 1304 4282; x_wconf 87' lang='lat' dir='ltr'>brevis·</span> 
     </span>
     <span class='ocr_line' id='line_1_48' title="bbox 217 4301 1302 4368; baseline 0.001 -14"><span class='ocrx_word' id='word_1_448' title='bbox 217 4303 364 4366; x_wconf 81' lang='lat' dir='ltr'>Philonem,</span> <span class='ocrx_word' id='word_1_449' title='bbox 378 4307 440 4368; x_wconf 75' lang='grc'><strong>444.</strong></span> <span class='ocrx_word' id='word_1_450' title='bbox 453 4304 488 4354; x_wconf 84' lang='lat' dir='ltr'><strong>od</strong></span> <span class='ocrx_word' id='word_1_451' title='bbox 501 4305 652 4356; x_wconf 69' lang='lat' dir='ltr'>Cniumtt:</span> <span class='ocrx_word' id='word_1_452' title='bbox 672 4301 743 4368; x_wconf 83' lang='grc' dir='ltr'>σύμ-</span> <span class='ocrx_word' id='word_1_453' title='bbox 779 4304 877 4354; x_wconf 89' lang='lat' dir='ltr'>simum</span> <span class='ocrx_word' id='word_1_454' title='bbox 904 4302 1042 4353; x_wconf 87' lang='lat' dir='ltr'>exordium</span> <span class='ocrx_word' id='word_1_455' title='bbox 1069 4304 1157 4353; x_wconf 84' lang='lat' dir='ltr'>statim</span> <span class='ocrx_word' id='word_1_456' title='bbox 1183 4304 1218 4355; x_wconf 89' lang='lat' dir='ltr'><strong>ad</strong></span> <span class='ocrx_word' id='word_1_457' title='bbox 1243 4317 1302 4356; x_wconf 88' lang='lat' dir='ltr'><strong>rom</strong></span> 
     </span>
    </p>
   </div>
   <div class='ocr_carea' id='block_1_7' title="bbox 0 0 1592 4974">
    <p class='ocr_par' dir='ltr' id='par_1_7' title="bbox 0 0 1592 4974">
     <span class='ocr_line' id='line_1_49' title="bbox 0 0 1592 4974; baseline 0 2"><span class='ocrx_word' id='word_1_458' title='bbox 0 0 1592 4974; x_wconf 95' lang='lat' dir='ltr'><strong> </strong></span> 
     </span>
    </p>
   </div>
  </div>
 </body>
</html>
