3030 4988
600 433 675 483 viri
693 431 831 484 iionli'ii.

175 590 210 654 ln
232 587 362 676 Epodo:

339 739 412 791 «this
430 739 551 792 Liburnis
570 741 638 792 inter
655 738 706 791 alte
728 741 848 800 navium,

386 835 492 896 Amice,
510 833 708 900 propugnacula
717 835 765 896 ¹),-

177 975 210 1038 ln
234 972 462 1042 sermonibus:

341 1136 409 1195 «Qui
426 1133 467 1196 ut,
486 1135 639 1195 lleecenes,
658 1137 688 1185 ut
704 1147 799 1196 nemo,
820 1149 900 1200 quern
919 1135 969 1188 sibi
987 1137 1088 1188 sortem

341 1229 393 1279 Seu
410 1229 476 1278 retio
494 1223 658 1291 dederit'l,·
676 1230 727 1278 cet.

178 1349 214 1412 ln
237 1347 405 1435 Epistolis:

344 1509 450 1560 «Pr-ime
468 1509 537 1560 dicte
555 1511 632 1570 mihi,
651 1521 756 1561 sumine
774 1510 887 1562 dicende
906 1513 1078 1574 cemeuette

179 1649 296 1715 Tantus
324 1647 410 1714 enim
442 1646 500 1714 luit
522 1647 609 1736 apud
631 1648 865 1726 Maecenatem,
899 1659 934 1715 ut
955 1649 1049 1716 simul
1072 1669 1145 1716 cum
1168 1669 1208 1714 eo
1232 1649 1263 1714 in

179 1767 293 1837 lectica
314 1777 505 1857 portaretur.
542 1768 660 1836 Habuit
682 1770 845 1858 Virgilium
875 1771 957 1837 inter
978 1770 1163 1838 carissimos
1185 1771 1265 1837 arni-

180 1910 255 1958 cos:
280 1911 354 1956 narn
377 1890 418 1956 illi
441 1898 557 1978 potitae
579 1891 674 1958 simul
697 1891 831 1959 eosdem
853 1893 974 1960 amicos
996 1903 1028 1960 et
1047 1891 1193 1959 inimicos
1208 1891 1266 1958 ha-

180 2012 310 2079 bebant.
354 2014 427 2081 Fuit
448 2013 543 2079 etiam
563 2014 777 2082 amicissimus
799 2014 951 2092 Ovidius,
978 2036 1076 2102 quem
1100 2012 1140 2080 ad
1163 2014 1266 2101 potiti-

181 2154 251 2203 cam
275 2135 432 2202 convertit
453 2145 570 2212 artem,
593 2156 668 2203 cum
692 2146 784 2224 pater
805 2157 879 2203 eum
897 2136 938 2203 ad
954 2134 1174 2203 defendendas
1189 2156 1266 2222 cau-

180 2277 233 2322 sas
256 2267 288 2323 et
310 2256 503 2326 rhetoricam
521 2256 723 2346 disciplinam
745 2257 828 2324 luorl
843 2259 945 2345 gratia
959 2257 1184 2324 adhortaretur
1198 2278 1266 2324 am-

180 2377 391 2465 plectendam.
426 2378 559 2445 Etcum
582 2377 709 2446 divitias
731 2381 860 2468 optimis
881 2380 950 2446 suis
972 2378 1087 2447 studiis
1106 2377 1267 2446 cumulas-

181 2511 242 2578 set,
277 2500 408 2568 tandem
434 2503 553 2568 Romae
583 2501 725 2614 moriens
754 2523 839 2570 anno
869 2501 981 2568 aetatis
1009 2522 1089 2572 suae
1118 2503 1168 2566 57.
1192 2522 1266 2568 cum

180 2622 381 2700 Maecenate,
414 2623 470 2709 qui
500 2633 574 2690 ante
600 2644 674 2690 eum
697 2623 909 2700 moriebatur,
944 2623 1089 2710 sepultus
1111 2632 1161 2689 est
1182 2623 1266 2689 omni

181 2742 320 2808 maxima
351 2763 472 2830 pompa
505 2744 592 2808 iuxta
625 2742 781 2808 tumulum
815 2742 972 2811 eiusdem.
1022 2745 1060 2808 Et
1091 2744 1268 2829 Augustum

182 2864 356 2932 Caesarem
377 2884 487 2931 rerum
510 2864 652 2932 omnium
673 2885 806 2931 suarum
827 2863 982 2932 heredem
1005 2864 1146 2930 instituit
1192 2865 1269 2931 Car-

183 2985 305 3051 minum
333 3006 468 3052 suorum
497 2984 643 3053 elimator
670 2985 727 3053 luit
753 2986 892 3053 Tharsus
920 2987 1069 3071 (tersus‘l)
1100 2985 1152 3053 ille
1175 2993 1270 3074 po'eta

184 3118 216 3174 et
247 3107 402 3174 Tibullus.
447 3109 582 3196 Scn'psit
609 3109 793 3176 Carminum
823 3107 924 3175 libros
946 3117 1101 3196 quatu0r3
1136 3106 1271 3196 Epodon
1344 3167 1350 3172 ,

184 3225 317 3319 insuper
356 3228 480 3326 [unum]
519 3241 552 3298 et
588 3232 724 3298 Carmen
758 3228 929 3308 Seculare;
964 3227 1006 3297 de
1035 3231 1111 3297 Arte
1142 3230 1271 3297 Poetica

185 3351 302 3419 librum
325 3374 441 3430 unum,
473 3353 662 3440 Satyrarum
684 3351 782 3430 duos,
813 3350 1025 3439 Epistularum
1047 3350 1190 3419 totidem.
1235 3351 1273 3417 Et

185 3473 257 3540 illos
288 3471 386 3540 libros
410 3473 625 3562 Epistolarum
646 3475 679 3540 in
701 3485 826 3541 matura
847 3474 919 3541 eius
941 3483 1046 3541 aetate
1069 3484 1101 3541 et
1122 3493 1273 3541 consum-

186 3605 271 3663 mate
300 3597 386 3663 omni
416 3597 647 3664 sententiarum
674 3596 790 3685 peritia
820 3596 930 3663 edidit.
975 3594 1027 3662 Ob
1051 3594 1084 3662 id
1106 3596 1167 3662 hoo
1189 3616 1272 3683 opus

187 3716 340 3794 ostendit,
371 3717 530 3785 elimatius
557 3740 623 3808 quo
653 3719 728 3787 nihil
761 3721 843 3786 inter
864 3739 965 3806 opera
986 3739 1046 3786 sua
1068 3716 1129 3806 legi
1152 3727 1270 3805 potest,

187 3839 266 3927 quid
297 3860 407 3908 veram
441 3840 637 3927 voluptatem
667 3853 700 3908 et
731 3841 897 3909 utilitatem
927 3839 1048 3907 afferat.
1093 3841 1138 3906 Ex
1167 3838 1274 3906 medie

188 3962 273 4028 enim
289 3961 490 4050 philosophia
506 3970 538 4029 et
552 3962 649 4029 sectis
665 3965 807 4030 omnium
823 3963 1088 4052 philosophorum
1103 3961 1274 4028 Athenien-

189 4083 272 4150 sium
294 4083 427 4171 copiose
450 4083 704 4172 elegantissimas
727 4085 901 4152 sententias
924 4084 1062 4152 morales
1085 4083 1116 4148 in
1133 4082 1275 4150 medium

260 4321 375 4386 ¹)Epod.
395 4323 419 4384 4,
439 4323 450 4371 4
471 4333 512 4385 sq.
542 4349 568 4358 -
595 4321 682 4386 ²)Set.
703 4321 727 4384 4,
747 4323 771 4385 4,
791 4322 800 4371 4
822 4333 862 4385 sq.
891 4347 915 4359 -
944 4315 1045 4386 happ.
1066 4321 1127 4384 4,4,
1147 4322 1171 4370 t.
