3178 4972
623 417 682 466 ΗΒ.
702 415 720 464 l.
757 416 855 466 Eelsr.
873 415 938 466 xlv.

571 783 839 848 mmm
862 787 976 850 HV.

272 914 370 982 Vilice
393 914 545 982 silvarum
567 916 697 982 etmihi
720 938 773 984 me
796 918 961 986 reddentis
984 918 1094 1007 agelli,

272 1037 376 1116 Quem
400 1046 432 1103 tn
455 1035 577 1104 fastidis
599 1036 775 1105 habitatum
797 1039 941 1128 quinque
964 1040 1044 1108 locis
1066 1050 1099 1108 et

295 1217 344 1266 ΕΡ.
362 1217 427 1266 lllV.
464 1219 487 1266 l.
515 1217 588 1268 lilios
608 1221 703 1286 scripsi
724 1233 787 1270 cnm
809 1219 844 1280 Ε,
867 1223 896 1270 nt
919 1223 961 1272 est
982 1234 1092 1286 semper
1109 1224 1134 1273 ln
1152 1224 1283 1289 inscripti.

263 1290 301 1342 Cl.
324 1292 477 1345 Lachmann
500 1292 533 1342 ad
559 1294 664 1344 Lucret.
685 1308 712 1358 p.
733 1294 765 1344 ³2
787 1307 828 1358 sq.
860 1295 907 1358 (De
929 1297 1026 1348 ceteris
1043 1299 1111 1350 meis
1129 1297 1212 1350 codd.
1232 1300 1284 1349 lam

263 1378 316 1415 non
332 1367 451 1416 memini.
478 1366 544 1417 Vide
561 1367 596 1417 ad
612 1382 637 1416 v.
658 1369 708 1430 tt.)
729 1395 756 1405 -·
773 1370 916 1420 rennuatis
932 1371 997 1422 Cod.
1018 1371 1047 1435 (l)
1065 1373 1172 1423 Barthii.

264 1515 327 1565 lllV.
363 1514 476 1568 Vilicum
503 1517 625 1568 Horatius
650 1517 756 1568 videtur
792 1521 913 1582 Bagoae,
933 1521 1101 1583 eunuchum,
1120 1524 1251 1574 Corinnae
1269 1537 1317 1574 cu·

229 1590 415 1654 praeposuisse
448 1590 546 1642 Sabino
573 1605 623 1642 sno
651 1605 684 1642 ex
712 1590 755 1642 illo
792 1592 917 1656 stodem.)
945 1593 1011 1644 Vide
1029 1596 1186 1647 Excursum.

229 1664 287 1727 ipso
312 1664 451 1716 hominum
474 1679 588 1728 genere,
615 1665 687 1730 quod
705 1665 755 1716 do·
827 1667 881 1717 t-a.
904 1669 985 1733 Vilice]
999 1668 1316 1735 Vilicusntiqneservus,

229 1737 307 1788 minis
324 1737 461 1790 dissuadet
479 1737 624 1790 Columella
642 1741 710 1800 t,8,
724 1741 752 1789 t:
792 1755 846 1794 non
864 1740 989 1804 libertus,
1009 1741 1102 1808 quales
1114 1745 1237 1798 lloratius
1249 1759 1318 1798 nnn-

227 1813 392 1872 staamoneo,
411 1825 442 1862 ue
456 1815 559 1864 odmen
574 1828 608 1864 as
624 1829 652 1864 ao
666 1828 756 1878 panem
792 1829 873 1880 qnam
892 1816 1017 1868 habuisse
1035 1817 1151 1881 videtur,
1171 1822 1244 1870 certe
1256 1831 1319 1872 nus

228 1901 371 1948 morum,
399 1889 442 1950 put
466 1901 572 1950 corpore
593 1889 753 1951 placuerunt,
792 1905 874 1955 qnam
898 1896 1038 1942 memorat.
1066 1919 1093 1928 -
1119 1893 1251 1958 mmmm]
1277 1894 1316 1946 Cl.

229 1963 404 2022 lundunensem
429 1977 461 2013 na
485 1977 518 2014 an
542 1978 570 2014 eo
595 1965 693 2026 pumen
710 1979 755 2014 or·
792 1966 882 2027 0d.3.
901 1966 947 2026 ts,
965 1965 1006 2014 29.
1025 1966 1124 2028 Sata,
1141 1961 1213 2028 o‚3.'
1234 1967 1318 2020 Silvas

229 2039 297 2096 diue,
316 2037 360 2100 qui
376 2037 488 2088 urbanos
504 2052 535 2088 nc
552 2039 671 2088 dalmatas
688 2045 755 2090 ortas
792 2043 948 2106 perreptare
966 2039 1075 2092 amabat
1093 2042 1214 2094 lloratius
1231 2046 1260 2094 nt
1275 2045 1319 2094 Ti-

228 2113 377 2164 ooercuerit.
406 2113 497 2162 Socors
520 2119 543 2162 et
565 2114 755 2166 somniculosus
791 2113 888 2165 bullus.
907 2115 965 2165 vid.
985 2115 1050 2180 Epp.
1072 2116 1099 2176 l,
1118 2115 1149 2176 l,
1168 2116 1192 2168 l.
1215 2118 1318 2167 -milti

228 2200 306 2252 panta
319 2188 554 2250 nomenniomen,
573 2189 642 2249 otiis,
655 2203 753 2251 compo,
790 2203 831 2240 me
853 2190 985 2254 reddentia]
1010 2191 1102 2253 «quia,
1130 2204 1192 2242 cnm
1218 2193 1317 2242 llomae

228 2261 310 2322 duco,
329 2263 444 2323 theatris,
470 2263 555 2324 oeno,
572 2264 695 2325 popinae,
714 2265 755 2314 lo-
792 2265 876 2328 dego,
903 2263 1016 2314 aliorum
1042 2265 1129 2328 potius
1152 2277 1212 2316 snm
1236 2279 1317 2330 quam

225 2335 366 2398 pamelius
382 2342 540 2398 cometam,
558 2351 690 2400 nmmum
705 2351 756 2388 noo
793 2352 870 2390 meua
881 2339 974 2403 ipsium
988 2340 1042 2388 ruri
1054 2338 1118 2390 mihi
1130 2341 1200 2402 vivo,
1211 2339 1316 2400 utvolo,

228 2412 327 2462 amem
351 2411 457 2474 ineptias
480 2414 596 2464 somniat.
632 2414 688 2463 lam
705 2413 755 2463 ioci
793 2418 820 2465 et
844 2414 879 2465 ab
905 2414 998 2466 ciliciis
1023 2417 1188 2479 negotiisque
1209 2415 1318 2467 urbanis

230 2499 313 2538 causa
329 2486 404 2550 lingit
420 2499 449 2538 se
467 2500 547 2540 servo
567 2489 609 2539 isti
627 2501 754 2552 nequam,
793 2503 837 2540 me
855 2489 946 2539 reticio
964 2502 996 2538 ao
1016 2503 1136 2540 recreo·
1164 2490 1202 2540 Cl.
1221 2491 1274 2540 Sat.
1291 2491 1317 2550 Ξ,

230 2573 351 2622 moroso,
370 2560 472 2620 bibaci,
500 2563 526 2613 in
543 2562 640 2614 urbem
658 2565 755 2614 reverti
793 2564 940 2627 6,6tiaqq.
960 2564 1025 2628 Epp.
1042 2564 1221 2628 l,l0,6sqq.
1251 2561 1318 2616 llale

229 2635 345 2698 cupienti
373 2636 442 2686 hanc
468 2635 610 2700 Epistolam
638 2637 754 2698 mittere,
793 2637 887 2690 sedulo
912 2638 1012 2688 homini
1039 2638 1078 2700 (ni
1097 2635 1185 2699 lallor,
1212 2639 1318 2688 Barthio

230 2723 283 2775 qna
299 2710 355 2760 ruri
373 2712 397 2760 ei
417 2711 581 2762 manendum
599 2725 661 2763 esse
679 2713 758 2775 signi·
794 2713 852 2776 ipsi)
879 2711 994 2762 debetur
1017 2710 1079 2762 illud
1104 2725 1144 2761 ma
1163 2713 1317 2771 redimente,

228 2785 306 2836 licet:
326 2799 355 2836 re
373 2798 437 2836 vera
450 2790 540 2836 antem
551 2787 603 2836 hnc
615 2787 757 2850 scriptiun-
793 2786 894 2836 Seneca
914 2787 942 2834 et
958 2783 1038 2834 Plinio
1057 2783 1160 2847 dignius
1172 2797 1254 2847 quam
1269 2786 1320 2834 llo-

229 2859 304 2920 cnla,
317 2859 504 2926 qnamlvilicns
515 2862 572 2924 ipse
583 2861 624 2909 vix
638 2873 756 2924 unquam
793 2861 869 2910 ratio.
892 2885 917 2896 -
937 2860 973 2924 tu]
993 2859 1056 2923 aqui
1074 2861 1135 2908 ante
1149 2871 1209 2909 eras
1221 2859 1247 2907 ln
1259 2871 1319 2908 mea

229 2933 305 2996 uidit,
336 2934 520 2986 demonstrare
553 2933 635 2984 voluit
659 2936 756 2999 iniquis
794 2932 891 2986 tamilla
909 2931 1024 2993 urbana,
1043 2946 1135 2983 meum
1149 2931 1261 2983 lundum
1278 2932 1319 2984 la-

229 3009 301 3070 suis,
337 3009 381 3074 qui
410 3011 434 3060 ei
463 3011 574 3075 propter
598 3008 714 3062 villulam
741 3022 756 3060 a
793 3009 878 3068 slidis,
897 3009 1019 3071 quamvis
1034 3021 1096 3058 enm
1114 3006 1235 3058 habitent
1245 3009 1320 3072 qnin-

229 3084 382 3134 lltaecenate
405 3084 531 3136 donatam
554 3084 672 3135 inuidere
689 3083 758 3134 sole·
794 3097 846 3148 qne
864 3080 993 3142 familiae,
1020 3083 1055 3131 ita
1078 3085 1108 3132 nt
1125 3082 1235 3134 totidem
1251 3083 1317 3142 boui,

229 3157 308 3220 bant,
336 3171 389 3210 non
411 3161 466 3210 mm
490 3158 525 3210 ob
543 3161 628 3224 ipsam
647 3173 757 3224 posses-
793 3158 893 3217 idest,
916 3157 1017 3206 strenui
1035 3158 1115 3219 atque
1134 3157 1251 3218 honesti,
1269 3171 1319 3224 pa-

229 3234 333 3284 sionem
350 3245 411 3284 eam
429 3233 480 3284 sihi
497 3246 588 3284 caram
602 3247 663 3286 esse
675 3247 756 3298 quam
793 3230 961 3283 tresiamtllas
987 3229 1048 3280 inde
1071 3230 1178 3280 Variam
1200 3243 1230 3280 se
1253 3244 1319 3281 con-

229 3311 386 3373 propterea,
417 3308 489 3371 quod
521 3307 557 3359 lbi
580 3311 700 3360 remotus
721 3309 756 3360 ab
794 3307 863 3358 terre
889 3304 992 3358 soleant
1014 3305 1048 3355 ad
1065 3304 1197 3356 nundinas
1215 3306 1320 3356 obeun-

229 3381 334 3434 illorum
352 3380 513 3445 malignitate
532 3385 565 3446 (v,
578 3383 628 3446 37.)
647 3385 700 3434 eta
714 3397 757 3435 ce·
794 3382 842 3434 das
865 3385 892 3432 et
909 3380 1016 3445 qnando
1033 3381 1165 3445 oppidana
1187 3380 1320 3432 habentur

229 3457 293 3507 teris
311 3456 437 3507 omnihus
455 3457 530 3508 urhis
541 3454 669 3509 molestiis
687 3461 758 3510 tran·
794 3457 899 3510 comitia
916 3456 1038 3506 creandis
1056 3455 1203 3508 duumuiris
1220 3456 1269 3506 iuri
1282 3455 1320 3506 di·

229 3530 310 3596 quillo
328 3533 417 3582 animo
429 3533 500 3582 vivet
511 3532 660 3596 studiisque
672 3531 755 3584 libere
794 3531 897 3592 cundo,
920 3528 1051 3581 aedilibus
1068 3531 1218 3594 ceterisque
1235 3531 1320 3593 magi-

229 3607 314 3656 vaect.
350 3603 432 3656 Simul
460 3609 549 3658 autem
575 3608 684 3668 amicis,
711 3609 756 3671 qni
793 3605 919 3658 stratibus
937 3604 1151 3670 municipalibus.
1182 3603 1259 3668 (Filii,
1286 3617 1320 3656 ne

230 3681 343 3731 tortasse
362 3680 497 3730 interdurn
515 3683 689 3742 mirarentur,
708 3696 757 3733 cnr
794 3695 862 3746 opus
879 3681 1009 3730 rusticum
1033 3682 1164 3739 cessaret,
1191 3678 1262 3729 domi
1280 3680 1320 3728 vi-

229 3757 284 3805 tam
306 3754 419 3806 libenter
440 3757 466 3807 in
483 3769 580 3820 aspero
597 3754 640 3806 illo
658 3756 756 3807 Sabino
794 3757 891 3808 dentur
908 3753 1090 3816 remansisse.)
1125 3753 1192 3804 Satis
1210 3752 1319 3804 ridicule

229 3829 356 3894 degeret,
382 3831 500 3882 rationes
518 3831 639 3895 exponit,
659 3830 757 3894 quihus
794 3829 957 3882 scholiastae
972 3827 1007 3879 de
1020 3828 1138 3891 quinque
1152 3825 1320 3878 senatoribus

229 3905 264 3956 ad
299 3918 440 3956 secessum
473 3906 553 3956 istum
587 3903 646 3955 urbi
674 3917 756 3969 saepe
795 3907 859 3967 (sive
884 3905 973 3967 potins
994 3901 1192 3962 decurionibus)
1213 3901 1320 3952 Variam

228 3979 434 4044 praeterendum
459 3976 618 4044 impellatur.
654 3980 756 4042 Scripta
794 3977 929 4030 mittendis
955 3974 1096 4041 explicant.
1143 3975 1221 4026 Certe
1247 3977 1320 4026 enim

228 4054 334 4107 videtur
350 4053 465 4120 Epistola
483 4054 630 4104 llirchnero
648 4066 672 4104 a.
691 4067 716 4104 u.
730 4067 754 4104 o.
794 4066 847 4104 non
869 4066 964 4103 omnes
981 4053 1101 4115 qmnque
1119 4050 1147 4100 hi
1164 4047 1249 4100 coloni
1266 4050 1320 4100 Va-

229 4129 303 4189 7³24
331 4142 424 4180 verum
451 4143 495 4180 res
522 4131 563 4180 est
587 4141 697 4194 prorsus
716 4127 755 4178 in·
793 4129 849 4178 riae
868 4127 1026 4178 decuriones
1043 4137 1104 4176 esse
1121 4127 1252 4189 poterant.
1280 4127 1321 4176 ln—

230 4206 311 4256 certa.
341 4203 432 4269 (Simili
456 4207 547 4256 antem
573 4203 653 4256 inodo
679 4203 753 4254 ovid.
793 4201 880 4265 tellige
901 4201 979 4266 igitur
1000 4199 1109 4252 colonos
1131 4201 1271 4265 partiarios
1287 4198 1320 4250 li-

229 4285 287 4332 Am.
310 4283 338 4342 Ξ,
354 4281 380 4332 2.
405 4281 472 4332 dicis
499 4292 580 4332 causa
605 4279 698 4331 scribit
722 4279 756 4328 ad
793 4277 886 4338 beros,
907 4277 951 4341 qni
970 4276 1018 4340 ipsi
1039 4275 1255 4341 possessionibus
1273 4288 1319 4326 ca-

768 4423 787 4452 Β
