3082 4968
619 436 678 488 LlB.
697 437 715 484 l.
755 435 822 486 ssi.
840 435 871 484 V.
1254 433 1294 496 92¹5

249 593 286 660 Ni
309 593 391 660 foret
413 601 542 660 exsecto
566 591 666 669 frons,
691 592 808 681 inquit,
833 589 913 679 quid
935 589 1074 666 laceres,
1099 611 1172 657 cum

250 715 304 782 Sic
325 713 456 781 mutilus
481 713 661 780 minitaris?
682 715 722 780 lt
743 711 786 778 illi
809 712 904 779 iocda
925 711 1055 779 cicatrix
1253 713 1294 776 60

251 836 400 903 Setosam
421 835 504 902 laevi
527 835 664 902 frontem
687 843 874 923 turpaverat
895 834 971 900 oris.

251 958 450 1045 Campanum
472 957 503 1023 in
527 956 695 1033 morbum,
719 956 750 1021 in
773 955 887 1024 faciem
908 954 1068 1044 permulta
1090 956 1228 1032 iocatus,

164 1097 172 1104 ·
249 1081 417 1146 Pastorem
439 1077 570 1146 saltaret
591 1078 636 1143 uti
661 1076 804 1167 Cyclopa
826 1077 974 1164 rogabat:

250 1200 299 1265 Nil
322 1199 365 1265 illi
388 1198 478 1266 larva
500 1209 557 1266 aut
577 1199 708 1287 tragicis
730 1219 814 1286 opus
836 1217 910 1265 csse
933 1197 1106 1266 cothurnis.

250 1320 346 1387 llulta
368 1319 531 1388 Cicirrhus
553 1319 596 1396 ad
618 1319 717 1388 haec:
741 1322 902 1387 Donasset
923 1321 1029 1387 iamne
1052 1329 1198 1388 catenam
1253 1324 1293 1387 65

249 1443 294 1508 Ex
317 1452 391 1508 voto
414 1441 566 1520 Laribus,
591 1439 785 1530 quaerebam
808 1441 915 1510 scriba
938 1441 1026 1530 quod
1049 1454 1154 1520 esset,

240 1621 314 1746 Be60ti
330 1623 455 1706 minitetur
470 1634 511 1686 pr.
533 1622 564 1682 ti,
591 1624 717 1686 quattuor
735 1623 852 1672 Pottierii
871 1622 896 1681 t,
918 1621 959 1678 tt.
981 1621 1024 1682 ⁴8,
1045 1623 1087 1673 ἥ.
1110 1627 1187 1672 etex
1205 1621 1262 1674 aliis

278 1709 295 1746 u
316 1707 383 1746 erus.

205 1845 349 1906 nucu:
372 1846 733 1909 Pietotasoctaemtmcoot·
769 1845 837 1894 own.
867 1845 921 1895 Cic.
941 1843 1085 1905 delini,
1114 1846 1159 1906 te,
1187 1845 1244 1896 239.
1266 1874 1292 1882 -

205 1931 254 1980 que
269 1920 397 1968 cautorum
412 1921 503 1969 meum.
770 1918 927 1981 Campanum
948 1920 976 1968 io
992 1919 1115 1984 morbum]
1134 1921 1206 1970 «Hoc
1221 1921 1294 1970 enirn

237 1992 328 2044 Μ.
354 1993 463 2058 Aoctpr'o]
490 1995 579 2044 «tuam
600 2006 732 2058 provoca-
769 1994 846 2056 quasi
858 2006 873 2042 a
884 1996 979 2044 natura
990 1993 1133 2057 Campanis
1144 1993 1200 2044 iera
1211 1996 1297 2044 omui·

206 2069 306 2118 ιίοιιιιιι
319 2079 406 2131 eaque
423 2067 488 2118 mihi
505 2080 617 2131 pmrsus
633 2067 730 2132 placet;
770 2067 821 2118 bus
846 2069 930 2128 inest,
958 2069 987 2118 ut
1012 2068 1104 2132 capitis
1130 2067 1296 2132 temporibus

206 2145 233 2192 ct
250 2139 297 2192 tibi
315 2141 410 2205 (capite
428 2142 567 2192 minaciter
588 2143 668 2205 moto)
686 2142 733 2192 de·
770 2153 882 2204 magnae
909 2155 1041 2193 verrucae
1070 2143 1242 2194 innascantur
1268 2144 1295 2192 in

205 2215 363 2266 monstrabo
389 2228 433 2267 me
459 2229 488 2266 ra
510 2229 575 2266 vera
596 2218 658 2281 equi
684 2217 732 2266 ieri
769 2217 881 2268 modum
898 2229 1043 2267 cornuum:
1062 2229 1203 2280 quoscum
1216 2217 1295 2267 incidi

205 2287 321 2340 similam
333 2301 420 2340 essa.»
437 2317 464 2326 -
478 2295 523 2341 tua
534 2291 596 2354 cet]
614 2291 641 2340 iu
652 2302 731 2354 prosa
769 2291 881 2352 iaciunt,
900 2293 1037 2343 cicatrices
1050 2293 1075 2342 in
1088 2292 1174 2342 lrcnte
1187 2295 1297 2342 manant

206 2366 338 2414 oratione:
357 2365 731 2416 unisiccmuioretcxsactum
769 2367 846 2429 quusi
865 2369 944 2417 notae
965 2369 1134 2420 exsectorem
1152 2378 1292 2417 cornuum.

206 2439 285 2490 irouti
303 2441 390 2490 tuas.»
406 2467 433 2476 -
446 2441 506 2502 quid
517 2440 621 2505 souma]
636 2452 732 2506 uquam
768 2440 797 2490 lu
814 2441 887 2491 bunc
904 2453 968 2504 ergo
983 2441 1110 2501 morbum,
1128 2439 1156 2490 id
1174 2443 1229 2502 ast,
1254 2440 1295 2491 ia-

205 2512 331 2564 terribilis
340 2513 442 2564 lorestn
456 2514 631 2579 -mtottartq
645 2527 732 2564 «nuuc
769 2515 819 2565 ciei
844 2516 952 2574 vitium,
982 2529 1036 2578 quo
1062 2515 1191 2578 Campani
1219 2514 1296 2564 lubo-

205 2591 326 2654 ipsums;
354 2589 443 2652 tuque
460 2589 619 2641 indicativus
636 2590 732 2642 modus
767 2593 841 2648 rant,
867 2591 970 2640 iocatur
992 2592 1173 2640 Sarmentus.»
1208 2590 1293 2640 Ccurr.

206 2664 359 2727 aptissimus
393 2665 443 2714 cst.
488 2665 574 2716 Minus
608 2666 731 2714 accurate
770 2664 848 2721 Caro.
893 2665 940 2714 Est
970 2665 1073 2728 primus
1107 2661 1296 2727 elephantiasis

206 2737 351 2788 Bentleius:
380 2738 591 2801 «Antiquioresr
620 2738 733 2801 (Editio-
770 2737 876 2801 gradus.
921 2739 959 2789 De
983 2736 1134 2801 syphilitide
1158 2750 1221 2786 cum
1243 2737 1296 2786 Ito-

207 2825 270 2872 nea,
284 2813 377 2876 utiquc
386 2811 467 2862 etiam
478 2815 617 2875 praestans
630 2811 734 2863 illave-
769 2811 927 2864 senbaumio
969 2810 1080 2875 aliisque
1125 2811 1295 2874 cogitandum

206 2885 371 2949 natalitii.)
391 2887 537 2948 «muteris,
557 2888 732 2938 cummaiore
770 2898 822 2936 non
849 2889 899 2937 est.
927 2913 953 2922 —
978 2887 1105 2936 Postumo
1129 2885 1236 2935 saturat
1258 2886 1297 2936 cti

206 2963 281 3025 parte
300 2959 547 3012 membranarum.»
575 2961 628 3012 Sed
639 2962 733 3025 optimi
770 2961 889 3025 Opclopo]
918 2961 962 3010 tut
987 2958 1107 3010 saltando
1134 2957 1294 3023 Cyclopem,

207 3035 306 3099 utrique
320 3035 511 3096 Codicesmei,
530 3033 656 3096 libamini,
675 3037 735 3085 Pct-
770 3035 857 3085 terum
883 3031 956 3083 illum
981 3032 1104 3084 Galateae
1130 3035 1295 3094 amatorem,

207 3110 275 3160 tierii
292 3109 356 3160 satis
373 3110 482 3159 tuentur
502 3109 683 3160 indicativum.
704 3135 731 3146 -
770 3109 919 3158 imitaretur
947 3119 979 3156 ac
1007 3107 1145 3158 referret.»
1181 3107 1233 3158 Cir.
1262 3106 1297 3157 ad

207 3185 237 3233 ot
253 3183 290 3232 titt
307 3184 370 3246 cet]
390 3185 537 3234 «Graccum
548 3180 580 3233 ili
595 3195 646 3247 per
657 3187 685 3232 ot
697 3183 734 3232 ita
771 3183 839 3247 Epp.
852 3182 881 3242 2,
899 3181 929 3242 2,
949 3180 1011 3231 iil:
1028 3186 1057 3230 ut
1074 3181 1117 3243 qut·
1132 3182 1206 3232 Nunc
1222 3182 1298 3243 Satv-

208 3259 361 3322 expritnuut
389 3258 516 3322 (poetae),
545 3260 576 3308 ut
603 3258 734 3322 oppositio
770 3269 843 3318 maa,
860 3267 928 3305 cram
944 3259 1067 3318 cerastem
1084 3255 1194 3318 (luctopo
1209 3267 1297 3306 moco-

208 3332 253 3382 fiat
269 3346 323 3382 uon
340 3333 491 3394 nouorum,
512 3332 561 3383 nd
579 3333 733 3396 imaginum,
771 3337 821 3382 tur.
857 3329 887 3379 V.
900 3329 996 3378 sottum
1012 3330 1051 3380 sic
1063 3342 1126 3380 cum
1144 3331 1297 3380 accusativo

208 3407 259 3457 hoc
270 3408 327 3464 eat,
346 3408 376 3456 ut
387 3407 549 3456 contrarium
563 3419 616 3456 nou
633 3407 660 3457 iu
676 3407 734 3470 ipsa
772 3407 853 3456 etium
868 3404 894 3454 in
905 3416 985 3468 prosa
997 3416 1036 3454 or.
1049 3401 1140 3454 Vellei.
1154 3405 1256 3454 Patere.
1270 3404 1296 3464 2,

209 3494 251 3542 rc,
274 3480 368 3532 sedin
386 3478 515 3532 locatione
533 3482 669 3545 appareat.
705 3480 734 3530 id
770 3480 941 3531 83:1²qu
956 3479 1299 3529 com--oummsauas-

208 3559 299 3606 autem
326 3553 471 3618 plurimum
498 3555 528 3605 fit
554 3555 581 3604 in
607 3554 734 3605 extremis
770 3560 813 3605 act.
832 3555 919 3604 Etiam
930 3555 1036 3618 passiva
1048 3555 1200 3617 usurpatur.
1220 3553 1295 3604 ovid.

208 3629 344 3690 versibus,
368 3631 398 3678 ut
414 3629 533 3691 videtur,
560 3627 595 3678 ad
612 3627 735 3680 attolleo-
771 3630 847 3679 Trist.
861 3629 891 3689 Ξ,
910 3628 971 3678 5⁴9:
998 3628 1032 3676 lit
1050 3639 1107 3677 ntea
1127 3631 1184 3676 ruat
1202 3627 1298 3689 populo

209 3703 284 3766 dam,
304 3717 374 3768 quae
393 3705 418 3756 in
436 3704 490 3754 line
507 3716 635 3754 versuum
647 3702 735 3767 depri·
770 3703 865 3754 scitota
876 3704 1000 3765 poctooto
1010 3715 1091 3763 saepe.
1108 3727 1135 3737 —
1148 3700 1231 3764 mena]
1244 3713 1297 3750 non

209 3780 305 3840 mitur,
324 3779 527 3830 orationisvim.
556 3777 735 3829 ltabi-atilti
771 3780 813 3829 est
829 3777 983 3842 simpliciter
1002 3789 1125 3838 maana,
1153 3773 1202 3825 sed
1224 3788 1298 3844 μορ-

209 3853 346 3914 dicuutur,
372 3855 418 3918 qui
442 3866 540 3918 graeca
564 3853 594 3903 ol
613 3853 693 3918 μέν·
705 3853 736 3902 ol
770 3847 946 3918 polistrios,
966 3863 1096 3916 upcrsona
1113 3847 1233 3899 horribili
1248 3861 1297 3900 sua

208 3925 247 3980 δι’.
283 3931 382 3979 Lucan.
401 3928 430 3990 l,
449 3928 494 3979 36:
520 3929 565 3980 llis
579 3929 660 3978 uirtus
681 3928 735 3991 fcr-
771 3928 838 3978 lucie
856 3929 987 3978 termrcm
1004 3924 1160 3976 incutiens.»

208 4016 314 4065 emaque
328 4003 411 4054 bom
423 4003 561 4066 provomit,
580 4008 608 4052 at
622 4003 672 4053 tau
681 4004 735 4064 ipra
805 4002 892 4052 tta-70.
911 3999 1108 4063 bonorumet]
1121 4000 1299 4049 «consecras-

208 4079 304 4130 locot.»
343 4078 419 4130 Haud
441 4079 516 4128 Tura.
536 4079 554 4127 l.
576 4090 603 4142 p.
622 4076 667 4128 lit
692 4090 733 4142 aq.
772 4080 848 4127 satuc
863 4076 889 4125 io
907 4076 1012 4138 signum
1028 4073 1158 4124 libertatis
1169 4075 1297 4136 acceptae

211 4180 238 4190 -
259 4153 378 4217 cicatrtc]
402 4153 440 4203 Ex
462 4152 631 4214 antiquorum
653 4163 735 4202 seusu
772 4153 894 4201 catenam
907 4147 1033 4209 Laribus,
1052 4150 1082 4198 ut
1098 4147 1203 4210 ingenui
1221 4147 1298 4210 pueri

209 4233 244 4278 stt
259 4228 338 4278 auam
354 4226 520 4290 &somniatis
536 4230 559 4276 ot
575 4225 689 4288 emporia
698 4225 736 4274 ci-
773 4225 887 4287 (sumpto
905 4221 972 4272 virili
991 4221 1059 4286 toga)
1077 4220 1164 4272 bullas
1182 4222 1210 4271 et
1220 4218 1297 4284 puel-

209 4303 302 4352 tiorum
317 4303 379 4352 sctis
395 4302 459 4352 ballo
468 4301 631 4351 manicanti
647 4301 735 4350 iocou—
771 4297 812 4348 lue
835 4298 958 4362 pupas‘tn
989 4295 1126 4360 (Similiter
1147 4296 1188 4346 vir
1213 4295 1298 4345 iustus
