3090 4974
312 433 373 499 582
783 433 921 484 000000

311 593 400 642 700440
418 593 518 644 0040400
535 607 558 642 0.
572 607 599 644 u.
613 605 636 642 o.
650 593 720 651 7044,
740 589 877 642 consulem
889 605 913 640 0.
927 604 953 641 a.
967 605 991 641 0.
1005 591 1061 642 7344.
1074 605 1158 643 00000
1170 593 1263 642 nalum
1275 593 1388 652 llellV,

311 677 379 726 intra
398 691 421 726 0.
435 689 461 726 u.
474 690 499 727 c.
513 676 560 728 743
566 677 651 728 -tiu
665 689 749 726 ennos
761 676 980 726 llllllvlll-llll.
1008 675 1107 735 Quodsi
1118 677 1269 727 vicenarius
1286 688 1389 726 uxorem

311 756 385 809 duxit
408 773 432 808 a.
452 773 478 808 u.
499 773 522 810 o.
542 761 598 809 lit.
617 760 755 822 maiorque
779 757 893 808 liliorum
917 761 993 808 natus
1014 761 1055 809 est
1071 762 1216 823 sequente,
1242 759 1286 810 liic
1302 759 1388 810 iisdem

311 841 361 894 illis
380 841 465 894 tribus
482 843 557 894 annis
575 841 789 894 adolescentulus
807 843 864 892 erat
880 842 1044 892 livii—XX.
1063 855 1208 906 annorum,
1236 856 1288 906 qua
1310 846 1389 894 aetate

311 939 361 976 cur
376 925 410 975 ad
428 927 533 989 poetica
550 926 637 976 studia
655 925 810 977 incumbere
829 937 882 976 non
899 926 1028 991 potuerit,
1047 939 1218 991 nequaquem
1234 927 1321 978 video.
1347 928 1390 978 lli-

312 1011 370 1060 nori
386 1012 476 1060 autem
494 1009 547 1060 tilio
565 1010 673 1061 honoris
689 1013 791 1060 tentum
809 1023 889 1060 causa
907 1011 1056 1060 memorato
1066 1013 1211 1074 praecepta
1223 1024 1276 1061 nou
1287 1011 1391 1061 tradun-

312 1098 364 1144 tur.
384 1095 417 1158 (v.
430 1093 497 1158 366.)
526 1095 619 1158 Neque
637 1092 703 1144 04400
720 1095 811 1144 400004
822 1093 1003 1152 difficultates,
1023 1105 1092 1156 quae
1103 1095 1236 1144 removeri
1248 1097 1389 1160 nequeant;

311 1191 372 1228 nam
389 1191 422 1228 ex
440 1191 488 1238 eo,
507 1178 579 1241 quod
597 1179 624 1228 L.
639 1177 698 1228 Piso
715 1179 777 1242 poet
794 1175 960 1236 consulatum
978 1175 1011 1226 ab
1024 1176 1093 1229 Urbe
1111 1177 1220 1240 eluerit,
1239 1178 1310 1228 haud
1324 1179 1391 1228 recte

311 1275 325 1311 a
343 1260 475 1313 nonnullis
492 1259 634 1324 colligitur,
659 1273 708 1325 per
725 1273 772 1311 000
789 1273 873 1311 00000
890 1259 924 1310 ad
941 1261 1071 1310 maiorem
1089 1262 1146 1312 eius
1163 1259 1260 1322 fllium,
1288 1263 1390 1320 Romae,

310 1348 339 1396 04
365 1347 441 1408 0040,
470 1345 627 1408 degentem,
655 1345 724 1394 hanc
741 1343 880 1409 epistolam
898 1344 1006 1394 omuino
1023 1343 1103 1394 scribi
1121 1359 1174 1395 non
1190 1347 1322 1410 potuisse,
1347 1344 1391 1395 sed

310 1430 437 1494 scriptam
455 1440 515 1479 esse
533 1431 595 1478 ante
613 1425 780 1478 consulatum
798 1439 822 1477 0.
840 1441 867 1477 u.
886 1440 910 1477 c.
929 1427 986 1478 739.
1004 1427 1047 1478 vel
1068 1429 1120 1478 lioc
1137 1429 1194 1493 ipso
1212 1443 1291 1481 enno.
1322 1427 1393 1488 Quod

310 1527 375 1563 vero
391 1511 489 1563 nullam
501 1512 583 1576 petris
595 1523 686 1562 rerum
698 1513 833 1574 gestamm
845 1511 1008 1562 mentionem
1021 1512 1115 1573 inlicit,
1134 1525 1167 1562 ex
1179 1525 1212 1562 eo
1224 1510 1391 1577 explicamus,

240 1623 246 1636 ·
311 1595 384 1660 quod
407 1596 529 1646 Horatius
552 1609 567 1644 0
589 1596 751 1660 panegyrico
773 1608 872 1658 genere
895 1608 1005 1660 prorsus
1022 1595 1193 1646 abhorrebat,
1229 1594 1392 1656 Quinctilium

310 1682 402 1730 autern
420 1679 517 1728 Varum
537 1681 586 1729 etsi
603 1681 740 1729 mortuum
757 1680 811 1729 iem
828 1693 852 1728 0.
871 1693 898 1730 u.
911 1692 936 1731 c.
948 1679 1005 1730 734.
1018 1679 1072 1729 XV.
1089 1681 1152 1744 post
1167 1679 1243 1730 annis
1260 1683 1392 1744 tamquam

309 1775 405 1814 verum
423 1763 506 1813 critici
523 1764 661 1826 specimen
678 1761 780 1813 laudari
798 1777 823 1812 v.
837 1761 894 1814 ite.
914 1776 966 1813 non
983 1763 1115 1828 potuisse,
1138 1763 1256 1813 amicum
1273 1775 1393 1827 praeser-

309 1849 357 1898 tim
380 1848 475 1912 pottae
498 1847 745 1898 coniunctissimum
769 1845 825 1910 (od.
842 1847 872 1907 4,
891 1846 957 1910 tl),
985 1859 1065 1898 nemo
1082 1859 1130 1912 pro
1148 1849 1223 1898 certo
1240 1846 1392 1902 contendet;

310 1933 406 1992 immo,
426 1929 498 1994 quod
516 1932 614 1981 mortui
631 1931 709 1982 amici
727 1933 781 1982 tam
799 1929 945 1982 honorifice
961 1931 1096 1992 meminit,
1120 1931 1232 1994 gratiam
1248 1943 1281 1980 ac
1298 1930 1394 1982 testivi-

310 2018 393 2068 tatem
412 2017 490 2068 totius
506 2015 556 2066 loci
574 2028 738 2080 magnopere
750 2019 841 2080 auget,
861 2029 936 2076 eum,
955 2017 978 2066 si
991 2016 1114 2066 criticum
1125 2014 1240 2078 aliquem
1254 2015 1394 2066 etiamtunc

310 2100 480 2164 superstitem
505 2101 542 2150 440
567 2098 716 2162 laudasset,
743 2098 901 2150 adulationis
924 2101 1028 2152 crimen
1052 2101 1094 2150 vix
1115 2099 1234 2149 devitare
1257 2100 1393 2164 potuisset.

310 2186 403 2248 Neque
423 2197 488 2234 vero
510 2199 543 2234 ex
564 2198 591 2234 v.
609 2186 649 2234 st.
668 2183 774 2248 colliges
798 2186 943 2235 etiamnunc
958 2184 1056 2236 vixisse
1073 2181 1207 2246 Virgilium
1224 2185 1394 2247 variumque,

311 2280 373 2318 cum
390 2266 474 2317 verba
492 2268 556 2319 satis
574 2267 715 2318 commode
733 2269 771 2318 sio
784 2265 907 2332 explicari
918 2267 1038 2332 possint:
1059 2267 1176 2330 «Magnis
1186 2269 1287 2332 poetis,
1307 2265 1395 2332 quales

310 2353 401 2402 nostra
418 2353 505 2401 004040
523 2349 556 2400 4444
575 2350 705 2400 luerunt.»
740 2351 852 2401 lilaxima
870 2349 1011 2402 difficultas
1028 2353 1118 2402 autem
1134 2349 1270 2416 plerisque
1284 2351 1341 2402 visa
1358 2353 1395 2400 est

311 2433 367 2494 illa,
387 2433 461 2497 quod
477 2437 506 2484 Α.
521 2437 548 2485 P.
561 2434 619 2484 387.
647 2435 691 2498 Sp.
705 2435 821 2485 llaecius
831 2436 917 2499 Tarpa
934 2435 1074 2487 manifesto
1092 2439 1230 2499 tamquam
1246 2436 1325 2486 vivus
1341 2447 1395 2486 me-

310 2520 442 2580 moretur,
462 2519 505 2568 cui
522 2519 574 2568 iem
592 2531 616 2568 0.
630 2531 655 2568 0.
670 2531 693 2568 0.
707 2517 764 2567 699,
782 2532 797 2567 0
816 2519 941 2582 Pompeio
955 2520 1049 2582 lingua
1065 2517 1254 2569 demandatam
1272 2532 1334 2570 esse
1345 2518 1394 2570 sci-

312 2614 373 2652 mus
390 2615 484 2653 curam
501 2601 700 2666 probandorum
714 2601 877 2664 tabularum,
896 2603 1002 2667 quaein
1015 2601 1084 2654 ludis
1096 2603 1151 2652 suis
1162 2605 1254 2654 essent
1266 2602 1393 2654 edendae.

265 2681 268 2686 ’
311 2687 365 2736 Cic.
385 2683 419 2736 ud
436 2687 551 2746 Fam.7,
566 2687 592 2746 4,
607 2687 631 2735 4.
665 2686 765 2737 Verum
783 2687 919 2738 Weichert
935 2689 963 2737 P.
978 2689 1005 2736 L.
1021 2700 1048 2751 p.
1061 2685 1119 2737 334.
1133 2688 1207 2736 00040
1219 2687 1325 2737 monuit
1336 2701 1395 2751 pro-

309 2771 371 2834 pter
387 2769 439 2820 hoc
456 2783 510 2820 non
527 2783 587 2820 esse
606 2769 776 2832 cogitandum
793 2770 827 2820 de
845 2769 1017 2820 aedilitate
1030 2771 1131 2820 4400044.
1160 2771 1218 2820 lam
1234 2769 1280 2820 ubi
1298 2773 1395 2822 statue-

313 2854 397 2903 rimus
415 2853 487 2903 hunc
510 2866 534 2904 0.
552 2867 578 2904 u.
598 2866 621 2902 c.
639 2854 696 2903 649.
715 2853 795 2905 luisse
813 2857 900 2904 aetate
917 2854 1069 2918 quaestoria
1088 2853 1295 2917 (xxviium),
1323 2857 1395 2905 uetus

310 2949 372 2986 cum
390 2935 424 2986 sit
440 2937 548 2986 circiter
564 2949 588 2986 0.
605 2951 631 2986 u.
650 2950 673 2986 c.
687 2937 759 2997 672,
783 2940 905 3002 tempore
922 2938 1001 2988 huius
1019 2937 1168 3001 scriptionis
1185 2949 1270 2987 senex
1286 2937 1335 2988 luit
1351 2950 1396 2989 en·

310 3032 406 3070 uorum
424 3019 507 3076 LXX..
527 3033 580 3083 qua
597 3022 683 3070 eetate
701 3018 825 3085 permulti
843 3024 870 3072 et
887 3020 994 3072 luerunt
1010 3024 1038 3071 et
1049 3021 1201 3072 etiamnunc
1212 3019 1396 3086 suutperboni

309 3105 462 3168 poematum
489 3103 587 3162 critici;
615 3105 644 3153 at
667 3105 772 3155 taceam
789 3103 897 3156 oonsilio
914 3103 970 3166 illo,
998 3103 1071 3168 qaod
1088 3104 1174 3156 Pisoni
1191 3104 1284 3166 detur,
1311 3106 1396 3170 potius

310 3188 403 3238 scitam
425 3187 517 3238 4400044
540 3185 647 3238 laudem
665 3189 812 3249 contineri,
839 3201 920 3254 quam
938 3191 968 3239 ut
984 3188 1129 3239 crediderit
1144 3201 1263 3252 unquam
1281 3189 1353 3249 lore,
1370 3189 1396 3238 ut

312 3269 469 3322 adolescens
494 3270 657 3321 carminibus
682 3272 760 3324 nimis
782 3273 938 3337 frequenter
955 3286 1017 3324 cum
1034 3286 1100 3324 sene
1118 3274 1321 3324 communicatis
1338 3274 1396 3324 hiric

313 3353 390 3404 valde
408 3353 626 3405 incommodaret.
657 3355 734 3415 Quod
755 3356 790 3406 ad
808 3357 835 3406 L.
849 3355 951 3408 Pisonis
973 3356 1101 3421 praelecti
1118 3355 1185 3408 filios
1202 3357 1311 3420 attinet,
1337 3353 1396 3409 nihil

313 3450 378 3488 sene
404 3437 438 3486 de
464 3438 504 3488 liis
530 3440 647 3498 0000404,
675 3439 724 3490 0404
750 3440 822 3503 quod
845 3442 914 3491 Acro
931 3442 1035 3491 4004000
1051 3444 1131 3491 vocat
1145 3440 1268 3490 00040000
1282 3441 1396 3492 tuocum

313 3535 339 3572 v.
351 3521 409 3572 366.
424 3523 451 3572 L.
465 3521 555 3570 eutem
572 3522 632 3572 Piso
650 3521 704 3574 ille.
724 3522 817 3574 000004
835 3525 879 3586 qui
897 3524 945 3574 luit
961 3537 985 3574 a.
999 3537 1027 3574 u.
1040 3537 1064 3576 0.
1078 3525 1134 3575 tot.
1146 3526 1277 3589 cuiusque
1289 3537 1396 3588 magne·

310 3605 409 3656 0400000
427 3604 579 3656 libertatem
597 3610 730 3656 memoret
741 3608 801 3657 Tac.
814 3611 882 3658 400.
895 3607 920 3668 7,
934 3607 986 3668 34,
1004 3620 1029 3658 a.
1042 3621 1069 3658 0.
1083 3621 1106 3659 c.
1120 3609 1177 3659 7449.
1191 3609 1253 3673 (quo
1265 3623 1297 3659 ex
1310 3611 1396 3660 nostm

310 3690 463 3739 coniectura
479 3689 565 3740 XLlll.
586 3702 669 3740 annos
688 3693 765 3740 00400
783 3689 875 3740 4040004
892 3692 920 3741 L.
937 3691 1040 3744 Pisonis
1057 3691 1184 3756 praelecti
1201 3692 1261 3743 urbi
1278 3691 1355 3756 lilius]
1372 3693 1396 3740 et

309 3775 425 3822 mortem
443 3775 637 3836 opportunam,
656 3785 708 3836 qua
728 3773 872 3824 exstinctus
890 3774 932 3826 est
947 3777 1008 3824 ente
1022 3786 1104 3837 quam
1117 3787 1179 3826 reus
1190 3778 1316 3839 peractus
1327 3777 1396 3826 esset

310 3869 333 3904 a.
349 3868 375 3905 u.
389 3871 412 3906 0.
427 3856 484 3905 777.
497 3857 564 3906 Anu.
577 3855 602 3916 4,
618 3857 675 3916 tt,
695 3859 784 3908 utrum
802 3858 873 3908 Lucii
891 3870 946 3908 000.
960 3857 1031 3920 7344,
1050 3871 1085 3908 00
1103 3859 1184 3910 Gnaei
1202 3872 1258 3910 000.
1277 3859 1346 3918 tat,
1364 3871 1395 3910 00

310 3938 423 3988 40040000
441 3939 510 3988 tertii
527 3937 637 3990 alicuius
654 3938 756 3990 Pisonis
774 3938 843 3991 iilius
861 3940 952 4002 luerit,
971 3953 1021 3992 000
1037 3941 1200 4004 ignoramus.
1230 3945 1342 4007 Propter
1358 3955 1397 3992 ra·

309 4022 410 4080 tiones,
438 4035 505 4086 quas
531 4021 618 4082 attuli,
645 4023 771 4087 equidem
795 4025 903 4088 antiquo
926 4022 1088 4076 scholiastae
1106 4025 1256 4076 testimonio
1273 4023 1396 4089 refragari

310 4102 399 4155 nolim.
429 4108 462 4155 At
483 4106 528 4170 qui
553 4107 602 4156 0044
626 4110 688 4156 sunt
703 4109 793 4160 Artem
811 4107 944 4173 poeticam
961 4109 1088 4172 scriptam
1106 4121 1166 4160 esse
1184 4111 1305 4172 tempore
1322 4111 1396 4158 0040·

309 4188 379 4237 riore
396 4188 462 4238 40400
480 4201 564 4240 00000
582 4189 747 4250 teo-tat..
773 4204 827 4256 quo
845 4194 966 4255 tempore
984 4204 1080 4243 recens
1098 4192 1177 4242 luerit
1193 4191 1322 4252 Quinctilii
1339 4203 1396 4242 me-

309 4271 405 4332 moria,
424 4272 539 4323 vixerint
556 4274 702 4324 etiamtunc
720 4272 841 4338 Virgilius
858 4275 885 4324 et
901 4273 1008 4336 Varius,
1027 4273 1196 4339 Maeuiusque
1213 4277 1300 4342 aptior
1316 4285 1395 4340 00000
