3130 4966
296 414 315 477 2
562 413 565 420 “
676 415 806 466 iiohal'li
823 414 1003 468 salinarium

339 572 513 638 Contentus
536 571 635 648 vivat,
660 569 769 637 laudet
791 569 922 637 diversa
944 571 1145 658 sequentes?

360 826 384 874 3.
420 825 542 886 sequentis
558 825 587 874 B.

292 1059 435 1122 parationis
453 1071 534 1109 eausa
552 1057 748 1115 exscribamus;
768 1067 819 1105 nec
855 1057 995 1120 αμφιέσει
1011 1051 1048 1106 τὰ
1063 1053 1115 1108 τοῦ
1133 1054 1276 1122 πλησίον,
1304 1048 1394 1120 αὖθις

291 1137 381 1185 taman
398 1131 525 1183 credibile
543 1136 594 1192 est,
613 1131 646 1181 ab
664 1131 706 1182 his
723 1131 819 1194 Sophi·
856 1121 894 1180 αὖ
921 1130 953 1180 ot
976 1123 1061 1181 αὐτοὶ
1084 1130 1190 1182 ἐκεῖνοι
1216 1127 1394 1198 ποδήσονσι

291 1209 338 1260 stis
369 1221 489 1272 unquam
518 1207 601 1258 lectas
632 1217 691 1256 esse
718 1205 817 1255 Horatii
854 1203 908 1270 μὲν
921 1201 957 1255 τὰ
969 1203 1102 1277 πρότερα,
1121 1201 1298 1278 ὀδυροῦνται
1310 1206 1343 1259 δὲ
1355 1203 1393 1257 τὰ

290 1284 399 1344 satiras,
430 1282 479 1334 sed
501 1281 543 1334 vel
565 1293 630 1332 easu
652 1282 679 1330 in
701 1279 817 1332 eundem
854 1278 991 1350 παρόντα.
1038 1275 1119 1332 Οὕτω
1148 1279 1336 1352 δοσάρεστόν
1365 1297 1394 1334 τι

290 1357 379 1408 loeum
397 1356 548 1407 inciderunt
564 1353 607 1404 vel
624 1355 757 1418 antiquius
768 1353 817 1404 ali·
854 1352 933 1406 ἐστίν
945 1350 962 1406 ὁ
974 1349 1129 1427 ἅνθρωπος
1140 1352 1249 1429 κομιδῇ
1263 1359 1315 1408 καί
1327 1356 1394 1421 φιλ-

289 1433 361 1496 quod
380 1430 515 1495 exemplar
532 1433 662 1482 Graecum
676 1431 738 1480 ante
751 1442 817 1480 oeu-
853 1431 947 1482 αίιιον
971 1432 1022 1482 καί
1047 1427 1146 1494 δεινῶς
1170 1429 1323 1484 δύσκολον
1341 1435 1393 1485 καί

288 1504 328 1556 los
350 1506 510 1556 habuerunt.
547 1506 618 1568 (Erat
639 1507 729 1555 autem
746 1502 817 1554 loco-
853 1499 937 1557 οὐδὲν
946 1503 1003 1557 τῶν
1016 1503 1059 1570 (τὰ
1071 1506 1170 1570 Diibn.l
1183 1501 1279 1560 αὑτοῦ
1289 1503 1393 1560 ἀσπά-

288 1593 349 1629 rum
376 1579 560 1630 communium
583 1582 610 1628 et
631 1576 815 1642 exemplorum
853 1584 937 1644 ζεται.
971 1583 1118 1634 Himerius:
1148 1578 1234 1649 Δεινὴ
1256 1578 1277 1649 ἡ
1297 1582 1392 1652 συνή-

289 1653 423 1717 quaedam
434 1655 510 1718 qunsi
522 1650 681 1724 παράδοσις
698 1653 816 1716 perphi-
852 1657 918 1710 δεια
939 1653 1028 1727 κόρον
1049 1661 1140 1707 τεκεῖν
1163 1659 1213 1708 καί
1229 1654 1287 1725 τὴν
1305 1657 1392 1725 ἑξοσ-

287 1728 462 1792 losophorum
491 1741 523 1778 ac
548 1729 688 1778 rhetorum
709 1725 814 1778 scholas
852 1733 920 1783 σίαν
938 1725 1020 1803 ὕβρει
1036 1729 1232 1798 λυμήνασθαι.
1265 1733 1393 1788 Οἰκοῦν-

287 1804 445 1867 propagata,
474 1815 506 1852 ex
533 1816 586 1866 qua
604 1816 699 1853 omnes
715 1802 815 1867 pariter
851 1821 898 1870 τες
918 1803 974 1873 γῆν
994 1803 1136 1872 ζητοῦμεν
1155 1805 1317 1860 θάλασσαν
1339 1813 1391 1862 καί

286 1878 459 1937 hauriebant,
478 1879 512 1927 ita
528 1881 559 1927 ut
577 1873 687 1928 easdem
704 1879 815 1928 senten·
852 1879 985 1944 πλέοντες
1002 1878 1089 1932 πάλιν
1100 1883 1341 1955 περισκοποῦμεν
1353 1883 1389 1936 τὰ

287 1952 349 2012 tias,
368 1949 480 2010 fabulas,
500 1951 623 2002 historias
640 1951 722 2002 niodo
740 1953 814 2002 novis
852 1953 929 2023 λη’ῐα.
954 1952 988 2006 ‘0
1000 1954 1115 2029 πλωτὴρ
1125 1961 1278 2030 μακαρίζει
1290 1958 1390 2026 γηπό-

240 2089 241 2092 ¹
287 2024 421 2076 coloribus
447 2027 555 2075 ornatas
573 2028 653 2088 atque
671 2024 812 2089 expolitas,
851 2047 916 2082 νον·
955 2033 1005 2083 καὶ
1032 2029 1084 2085 τὸν
1111 2030 1245 2086 ναύτιλον
1273 2031 1389 2108 ἀρότης

286 2099 367 2149 modo
388 2099 478 2164 pingui
499 2100 616 2150 Minerva
639 2101 767 2163 repetitas
787 2100 814 2149 in
852 2102 962 2174 ἡγεῖται
979 2105 1064 2159 πάλιν
1082 2103 1249 2174 εὐδαίμονα,
1287 2109 1390 2164 Ταῦτα

286 2173 391 2237 scriptis
402 2174 458 2224 suis
470 2172 567 2223 alieubi
578 2173 650 2225 velut
661 2175 734 2223 certa
746 2186 814 2236 qua·
852 2177 946 2231 πάντα
956 2180 1009 2233 τοῦ
1020 2179 1110 2254 κόρου
1121 2187 1248 2250 παίγνια.
1261 2213 1290 2222 -
1302 2189 1387 2251 amno]

286 2247 349 2297 dam
372 2246 431 2310 lege
448 2248 500 2298 hae
523 2248 557 2298 de
580 2261 610 2300 re
628 2247 679 2298 lata
698 2247 814 2298 colloca·
851 2258 967 2308 Securus
993 2259 1086 2319 amici,
1116 2271 1205 2322 neque
1233 2260 1309 2311 huno
1335 2275 1388 2312 nee

285 2322 353 2371 rent.
400 2323 430 2371 ln
459 2322 511 2372 hac
538 2326 628 2373 aulem
654 2318 814 2390 παραδόσει
850 2332 939 2382 semet
966 2332 1056 2395 ipsum
1083 2345 1115 2382 ex
1141 2333 1387 2386 innumerabilibus

285 2396 408 2446 Horatius
426 2396 564 2458 regnabat,
584 2397 813 2461 quemadmodum
850 2407 892 2457 his
923 2407 1139 2478 μεμψιμοίροις
1165 2408 1279 2471 exeipit;
1308 2413 1387 2460 uter·

285 2470 311 2519 in
329 2469 419 2519 Satiris
433 2472 461 2519 et
472 2469 594 2534 Epistolis
606 2471 812 2536 interpretandis
851 2493 903 2544 que
922 2481 994 2531 enim
1011 2481 1062 2530 hoo
1079 2481 1142 2531 vitio
1157 2495 1268 2546 prorsus
1279 2485 1386 2534 immu-

284 2545 386 2609 passim
403 2545 663 2606 demonstrauimus,
691 2547 811 2610 saepius,
851 2555 891 2605 nu
909 2557 976 2604 erat.
1016 2552 1138 2618 Γιιικῶς
1158 2557 1289 2618 igiturne
1308 2571 1386 2608 mor-

285 2632 366 2682 quam
389 2619 477 2670 annuc
499 2620 599 2670 factum
622 2623 674 2680 est,
703 2621 812 2684 poetam
849 2627 942 2679 talium
969 2628 1046 2692 volgo
1075 2629 1206 2693 loqueum
1236 2631 1263 2680 u
1294 2633 1385 2696 quoa,

284 2707 347 2745 oum
362 2695 457 2746 Stoicis
468 2696 628 2759 praesertim
639 2709 671 2745 ao
682 2695 812 2759 sophistis
850 2703 901 2754 etsi
917 2716 966 2767 per
984 2715 1014 2754 se
1032 2701 1108 2754 facile
1125 2703 1293 2768 intelligitur,
1320 2719 1388 2770 pro-

285 2769 491 2832 θῦῐῐψθῑθῦῑθθδ
510 2763 812 2855 ΜθῐῑωῦὸῑήΧαλόπόν
850 2780 909 2843 pter
918 2776 1106 2830 nonnullorum
1115 2781 1292 2844 interpretum
1302 2794 1387 2845 argu·

285 2837 378 2913 εὖρεῑν
403 2837 512 2913 ἀκριβῆ
536 2840 614 2904 βίον,
630 2857 738 2928 ,oonap
763 2843 812 2894 καὶ
849 2854 900 2904 tias
912 2853 1059 2904 notandum
1069 2853 1220 2904 videbatur.
1237 2881 1263 2890 -
1278 2868 1360 2916 quam
1371 2881 1387 2891 -

284 2913 389 2987 ἄνδρα,
418 2911 493 2968 ἀλλὰ
514 2919 599 2968 παντὶ
619 2919 813 2991 ανακέκραται
849 2928 1038 2978 sortem-ratio
1055 2928 1156 2992 dederit]
1177 2929 1261 2978 «vitae
1279 2942 1385 2991 genus,

283 2987 378 3044 ἕνδειά
396 3007 439 3056 τις
456 2988 578 3078 πρόςιτὸ
595 2985 692 3064 ἄκρως
710 2989 811 3054 καλόν,
850 3001 924 3067 quod
946 3004 1050 3052 eertum
1068 3001 1208 3053 consilium
1226 3005 1385 3055 constanter

285 3068 334 3118 καί
346 3065 510 3119 πλεονεκτεῖ
520 3064 617 3140 ἕτερος
629 3067 738 3141 ἑτέρου,
754 3061 812 3138 ὅτῳ
850 3078 935 3127 secuti
956 3075 1018 3128 iude
1040 3075 1074 3126 ab
1092 3079 1180 3128 aetate
1198 3075 1286 3127 adulta
1305 3077 1385 3129 dele-

284 3135 322 3193 ἃν
344 3140 452 3195 ἐλάττω
473 3139 510 3194 τὰ
532 3142 667 3196 ἐνδέοντα
691 3135 720 3216 ᾖ.
756 3145 812 3197 Καί
850 3153 963 3215 pimus.»
978 3179 1005 3188 -
1018 3151 1096 3217 ratio]
1116 3153 1265 3204 «amoenans
1280 3153 1382 3204 Wuhln.

286 3216 358 3281 ἴδοις
379 3213 419 3269 οἲν
439 3215 490 3270 τὸν
511 3219 567 3286 μὲν
582 3215 739 3290 γεωργικὸν
755 3236 813 3286 μα-
853 3251 880 3262 -
898 3225 959 3288 fors]
978 3226 1007 3275 in
1023 3225 1076 3276 hoc
1087 3225 1227 3287 vocabulo,
1246 3227 1276 3275 ut
1288 3227 1325 3278 ait
1339 3227 1385 3279 Ci-

285 3296 439 3366 καρίζοντα
455 3290 524 3356 τούς
541 3289 680 3356 ἀστικούς
697 3289 736 3356 ῶς
748 3310 815 3346 συν·
852 3312 915 3349 eero
928 3299 961 3350 de
975 3301 1052 3363 Legg.
1066 3302 1091 3362 Ξ,
1111 3303 1151 3361 ll,
1170 3301 1223 3362 λθ,
1238 3301 1328 3350 incerti
1342 3316 1387 3352 ea-

286 3365 372 3430 ὄντας
396 3366 451 3436 βίῳ
469 3369 598 3438 χαρίεντι
614 3369 664 3418 καί
680 3362 813 3440 ἀνθηρῷ·
850 3387 892 3423 uss
908 3375 1083 3437 atpniitcontur
1098 3377 1180 3440 anapia
1198 3376 1289 3439 (quam
1306 3376 1332 3425 in
1357 3389 1384 3425 v.

285 3439 355 3506 τούς
375 3439 406 3492 δὲ
428 3437 487 3493 ἀπὸ
510 3439 568 3492 τῶν
588 3440 748 3509 ἐκκλησιῶν
765 3444 815 3494 καί
851 3449 985 3514 Fortuna).
1013 3451 1066 3500 Cio.
1086 3451 1120 3502 ad
1141 3453 1195 3501 Ati.
1215 3449 1260 3510 u,
1286 3449 1331 3510 tt,
1352 3451 1382 3502 3:

286 3514 343 3568 τῶν
359 3515 569 3605 δικαστηρίων,
587 3515 722 3582 καὶτοὺς
740 3515 814 3570 πάνυ
852 3523 900 3574 Sed
916 3525 977 3574 boae
992 3525 1061 3588 sora
1076 3527 1175 3587 viderit,
1194 3538 1234 3586 τα,
1247 3537 1313 3588 quoa
1323 3525 1385 3575 tali-
1485 3525 1490 3540 ’

287 3591 318 3644 ἐν
343 3585 444 3654 αὐτοῖς
461 3589 647 3660 ιυδοκίμοας,
674 3587 815 3666 ὀδαρομί-
852 3597 1173 3663 διιτίπνιδαιρὶαιηιισιπ
1189 3600 1276 3650 ratio
1288 3605 1379 3662 potest.

287 3681 357 3729 νοις
382 3661 418 3716 τὰ
443 3662 540 3718 αὐτῶν
566 3669 616 3718 καί
637 3663 817 3736 εὐχομένους
857 3699 883 3711 -
898 3675 1021 3738 obiecerit]
1038 3677 1067 3726 ln
1082 3676 1292 3739 hocquoquev.
1307 3675 1382 3726 caeci

288 3741 336 3794 ἐπί
361 3740 497 3815 σκαποὶνῃ
523 3741 628 3804 βιῶναι
655 3746 705 3796 καί
727 3744 816 3814 γηδίῳ
855 3763 933 3802 ausus
957 3752 1029 3801 notio
1052 3749 1148 3801 clarius
1170 3750 1238 3800 inest
1255 3763 1337 3814 quam
1355 3752 1382 3801 iu

288 3815 412 3888 σμικρῷ.
428 3813 598 3891 Ἀκούσῃδέ
608 3819 659 3874 τοῦ
668 3821 817 3895 μὲνστρα-
853 3837 879 3876 v.
896 3827 995 3888 offerre,
1022 3837 1075 3888 quo
1092 3827 1119 3875 in
1131 3823 1249 3888 pedestri
1261 3825 1381 3875 oratione

209 3917 211 3920 ·
288 3889 422 3944 τιωτικοῠ
445 3889 497 3944 τὸν
519 3892 664 3966 σίρηνικδν
682 3893 818 3966 εὐδαιμο-
855 3901 893 3950 uti
905 3898 991 3951 solent
1000 3900 1064 3964 (Cle.
1076 3899 1171 3950 adlltl.
1182 3899 1207 3958 2,
1218 3899 1260 3960 λλ,
1272 3899 1299 3947 i:
1315 3901 1383 3960 quod

289 3969 431 4033 νίζοντος,
460 3969 513 4022 τοῦ
539 3970 570 4023 δὲ
590 3971 621 4024 ἐν
642 3971 742 4046 εἰρήνῃ
766 3971 818 4027 τὸν
854 3976 908 4037 fors
928 3973 1056 4036 obtulerit,
1081 3973 1108 4022 id
1127 3978 1232 4024 octona
1250 3975 1380 4039 vidam),

291 4043 498 4115 στρατιωτικὸν
513 4044 684 4113 τεθηπότος.
719 4049 776 4100 Καὶ
793 4048 823 4100 εἴ
855 4051 974 4112 itemque
1000 4047 1124 4100 Horatius
1148 4048 1212 4112 ipse·
1232 4049 1285 4098 Sat.
1306 4049 1332 4110 i,
1352 4049 1380 4109 6,

290 4133 334 4182 τις
350 4118 426 4170 θεῶν
443 4113 540 4193 ῶσπερ
557 4122 588 4173 ἐν
604 4121 729 4195 δράματι
746 4117 818 4174 ὑπο·
855 4123 899 4176 ai:
911 4123 990 4173 Natta
997 4149 1009 4159 -
1016 4123 1077 4172 mibi
1087 4128 1110 4173 to
1119 4123 1173 4186 fora
1181 4123 1277 4172 obtulit.
1289 4151 1316 4160 -
1326 4123 1380 4187 illu]

292 4190 391 4268 κριτὰς
424 4191 575 4260 ἀποδύσας
605 4189 732 4248 ἕκαστον
765 4195 817 4250 τοῦ
857 4195 1032 4260 ιοιιιλειιιλλλα,
1051 4196 1319 4262 quasemelutuur.»
1334 4197 1382 4248 Le·

293 4268 437 4344 παρόντος
447 4271 515 4334 βίον
527 4273 576 4324 καί
588 4270 742 4338 σχήματος
754 4287 819 4340 μετ-
856 4274 907 4323 ctio
924 4273 979 4323 ullo
994 4267 1036 4324 vel
1054 4271 1115 4322 ideo
1136 4271 1289 4334 reiicianda,
1307 4269 1381 4334 quod
