3192 4974
295 444 357 509 374
658 447 1024 516 4444444444444444444

337 605 460 678 Restat,
484 613 519 668 ut
539 601 590 669 his
612 623 674 691 ego
696 624 749 670 me
772 604 842 691 ipse
864 623 975 692 regam
991 602 1143 692 solerque
1159 603 1336 674 elementis,

336 725 406 790 Non
428 723 535 812 possis
557 722 652 792 oculo
673 734 829 813 quantum
850 725 1048 792 contendere
1071 727 1237 816 Lynceus,

337 846 406 912 Non
428 855 537 912 tamen
559 845 680 914 ideireo
703 855 890 914 contemnas
912 846 1019 935 lippus
1042 847 1167 936 inungi3

335 967 416 1044 Nec.
440 967 517 1054 quia
539 966 696 1055 desperes
718 968 826 1034 invicti
848 968 994 1036 membra
1016 968 1185 1058 Glyconis,
1338 973 1379 1037 30

336 1086 467 1154 Nodosa
489 1109 608 1176 corpus
630 1087 713 1157 nolis
736 1089 910 1177 prohibere
935 1089 1101 1180 cheragra.

357 1258 399 1310 48,
412 1259 495 1308 444444
507 1258 623 1309 Pottierii
635 1257 699 1321 duo,
710 1259 749 1310 LO
762 1261 790 1310 et
800 1258 946 1322 Bentleius,
961 1261 1061 1311 44444444
1071 1260 1115 1312 alii
1124 1264 1255 1326 Ρ44444444,
1270 1267 1347 1316 4444444

325 1345 394 1383 unus
413 1334 470 1398 (Vp.
491 1331 531 1395 C.)
549 1334 626 1384 Feae.
647 1358 674 1370 -
694 1335 734 1384 49.
753 1335 859 1398 inungui
876 1333 921 1384 bS.
938 1363 964 1372 -
978 1335 1020 1386 36.
1034 1334 1097 1387 44444
1113 1338 1214 1393 Milonis
1230 1337 1346 1404 legunt.»

326 1408 410 1458 4444444.
431 1409 510 1466 Cnuc.
539 1408 572 1458 Et
588 1409 627 1459 444
644 1409 711 1460 Fene
729 1409 758 1460 V.
780 1411 810 1460 K.
828 1423 844 1459 4
862 1423 918 1461 sec,
937 1424 973 1462 m.
995 1438 1022 1448 —
1047 1411 1088 1462 34.
1106 1413 1228 1480 44444444
1246 1415 1302 1480 bdp
1319 1420 1346 1466 et

294 1549 379 1611 Agric.
390 1561 414 1598 4.
426 1549 470 1597 ut:
490 1561 569 1612 44444
579 1550 730 1600 4444444444
741 1563 820 1612 4444-
854 1551 919 1613 tan,
939 1551 1074 1614 proiectae
1086 1556 1148 1604 eunt
1164 1553 1199 1605 ab
1211 1555 1255 1617 444,
1270 1557 1379 1620 quitum

288 1625 444 1686 positorum,
464 1637 544 1685 444444
559 1627 721 1676 concordiam
736 1625 819 1676 44444-
855 1626 898 1676 hic
921 1628 1103 1678 accusativum
1125 1642 1151 1678 ν.
1169 1633 1316 1683 cosmum
1336 1646 1379 1684 re-

292 1700 338 1748 4444
354 1699 496 1748 exitiosum.
855 1701 1054 1764 4444444444-
1026 1703 1205 1769 -444444444
1229 1707 1282 1757 Sat.
1302 1708 1330 1768 4,
1349 1708 1377 1765 4,

324 1773 365 1823 47.
393 1775 475 1823 1444444
488 1774 581 1839 444]
569 1775 652 1825 Cum
666 1776 818 1827 etiamnunc
855 1777 938 1827 94-
950 1779 1008 1828 4444
1023 1783 1107 1828 tumea
1122 1779 1184 1842 444]
1203 1781 1379 1832 «Nontamen

292 1849 435 1914 impediar,
458 1851 601 1914 quominus
624 1851 759 1915 adspirem
783 1839 830 1901 ad'
854 1851 922 1902 adeo
940 1851 1139 1917 desperandum
1156 1854 1191 1905 de
1206 1855 1264 1905 visu
1282 1859 1332 1918 444,
1351 1859 1380 1906 44

292 1928 438 1992 perlectam
458 1927 630 1991 sapientiam,
656 1924 751 1978 saltem
773 1940 817 1978 me
854 1927 877 1976 si
903 1924 1044 1990 aliquando
1068 1926 1222 1992 lippitudine
1248 1930 1380 1994 (444444-

292 2005 381 2068 444444
398 2003 433 2066 (id
455 2001 529 2066 quod
551 2003 670 2053 omnium
691 2004 818 2066 gravissi·
854 2001 1062 2066 4444444444)
1079 2001 1198 2065 labarae,
1212 2003 1321 2067 collyria
1333 2004 1380 2056 ad·

292 2091 367 2129 4444444
385 2079 433 2140 est)
445 2091 538 2140 regam
554 2077 605 2138 4444,
624 2091 692 2141 quae
705 2093 737 2128 ex
750 2079 817 2129 meis
854 2075 948 2127 hibere
965 2078 1107 2142 curarique
1119 2076 1213 2128 nolis.»
1232 2080 1294 2142 (Sat.
1309 2081 1319 2130 4
1332 2117 1339 2140 ,
1352 2081 1377 2140 5,

292 2150 523 2217 qualibuscunque
549 2153 694 2216 sapientiae
723 2152 817 2203 studiis
854 2151 886 2200 36
903 2152 954 2214 sq.)
982 2153 1043 2202 Sine
1061 2152 1189 2216 imagine:
1214 2155 1255 2204 usi
1273 2155 1379 2218 experi-

293 2229 428 2280 deducere
446 2231 526 2291 atque
544 2225 668 2290 colligere
686 2229 758 2290 potui
770 2227 818 2277 ini·
854 2229 944 2276 mento
962 2226 1031 2277 44444
1043 2227 1078 2278 ad
1089 2239 1226 2279 summum
1242 2227 1378 2293 4444444444

293 2307 334 2356 tiis
352 2303 508 2368 (4444444444),
526 2301 592 2352 44444
610 2301 659 2353 sibi
681 2302 765 2366 ipsos,
789 2305 817 2352 ut
853 2300 965 2362 gradum
977 2303 1119 2363 4444444444
1131 2303 1239 2365 nequis,
1254 2301 1306 2353 noli
1318 2302 1378 2352 ideo

292 2378 401 2440 volunt,
436 2378 570 2430 moderari
608 2376 683 2428 444444
711 2378 815 2440 444444;
853 2375 999 2438 desperare
1011 2379 1080 2427 acte
1095 2389 1206 2440 prorsus
1218 2375 1378 2440 negligere.»

292 2456 377 2506 444444
394 2455 465 2504 enlm
488 2453 590 2517 4444444
611 2466 665 2503 444
687 2465 761 2512 curo,
788 2454 817 2501 ut
855 2450 909 2500 Cic.
928 2449 1023 2500 044444
1040 2452 1070 2514 4,
1093 2451 1123 2504 44
1151 2453 1239 2503 Primo
1259 2453 1325 2503 444444
1340 2465 1380 2504 44-

293 2531 356 2581 44444
371 2529 574 2593 Damasippus.»
589 2555 617 2566 -
634 2528 708 2590 soler]
726 2529 817 2576 444444-
854 2529 967 2587 euenum
983 2525 1110 2576 1444444444
1121 2533 1156 2578 eat
1172 2528 1199 2577 44
1209 2529 1322 2578 4444444444
1332 2531 1380 2576 ter·

293 2603 429 2670 quillem,»
446 2616 499 2652 non
516 2605 571 2653 tam
588 2602 615 2652 in
626 2601 709 2654 rebus
720 2601 818 2652 adver·
853 2601 943 2663 44444444
958 2604 1098 2654 consuere.
1132 2603 1217 2653 Varro
1229 2605 1257 2655 L.
1271 2604 1300 2654 L.
1315 2604 1340 2664 6,
1353 2601 1378 2652 9:

293 2680 342 2740 444,
368 2691 482 2742 quarum
504 2691 554 2743 per
572 2681 655 2728 totam
672 2675 817 2742 Epistolam
855 2675 947 2738 0444444
969 2689 1093 2727 4444444444
1113 2678 1224 2742 44444444
1245 2691 1296 2726 444
1318 2676 1379 2726 4444-

293 2753 392 2806 unllam
409 2755 574 2805 mentionem
596 2753 692 2814 inlicit,
719 2765 815 2816 quam:
854 2763 927 2814 4444,
956 2756 1040 2802 tamen
1067 2753 1202 2802 4444444444
1224 2750 1377 2814 praeter-ibo.

295 2829 357 2882 44444
381 2830 499 2881 minores
524 2841 606 2891 quam
631 2826 728 2879 vellem
753 2841 819 2892 pro·
856 2825 956 2877 Eadem
973 2827 1103 2877 sententia
1120 2825 1381 2878 alterastatimima·

293 2917 402 2970 gressus
420 2903 531 2955 4444444
548 2904 644 2954 naute
661 2917 694 2954 44
710 2904 819 2966 sapien-
855 2901 916 2964 gine
941 2899 1086 2952 illustratur
1108 2901 1180 2966 apud
1202 2901 1305 2952 Stoicos
1327 2899 1380 2950 usi-

294 2982 355 3032 tia.»
380 2979 560 3044 -4444444444]
583 2977 720 3030 Elementa
744 2979 819 3029 exte-
856 2977 918 3026 4444.
936 2976 1039 3027 444444.
1053 2977 1180 3040 4444444,
1192 2977 1221 3036 4,
1240 2976 1288 3027 ³6:
1307 2969 1379 3026 0664

294 3069 379 3106 nuans
396 3054 460 3106 dicit
476 3059 552 3118 quast
569 3055 703 3106 doctrines
719 3053 820 3119 simpli-
854 3046 909 3137 γὰρ
920 3045 1044 3102 14444444
1029 3065 1151 3117 scopes
1170 3043 1359 3115 καὶὸμως
1324 3065 1379 3102 4444

293 3131 414 3182 444444444
437 3143 470 3181 44
486 3131 595 3181 minime
615 3130 767 3193 abstrusas,
790 3133 819 3181 ut
854 3119 953 3190 ἀμελῶ
970 3122 1193 3192 τοῦσώματος·
1212 3121 1381 3198 444414444-

293 3207 381 3272 quivis
408 3219 502 3258 earum
528 3207 669 3258 veritatem
694 3204 819 3270 intelligat
856 3216 922 3265 σος,
947 3203 997 3253 nul
1022 3193 1102 3267 ὅμως
1127 3196 1182 3253 οὐκ
1206 3195 1304 3267 ἀμελῶ
1328 3199 1380 3267 τῆς

294 3284 380 3346 iisque
399 3283 437 3332 uti
451 3284 544 3344 queat.
855 3275 998 3344 κτήσεως·
1026 3273 1086 3330 οὐδ’
1109 3272 1209 3342 ἁπλῶς
1229 3271 1320 3368 ἄλλου
1337 3292 1380 3329 44-

326 3358 374 3408 48-
375 3356 415 3406 34.
434 3357 528 3407 444444-
515 3356 691 3422 -44444444441
714 3357 820 3422 Signifi—
855 3351 906 3418 νὸς
922 3352 975 3421 τῆς
991 3351 1154 3420 ἐτιμελείας
1169 3349 1217 3405 διὰ
1234 3349 1288 3420 την
1303 3347 1380 3406 ἀκό-

294 3434 338 3484 444
354 3431 440 3482 aciem
457 3430 598 3483 oculorum
609 3433 767 3495 extendere
781 3432 821 3484 di·
855 3445 961 3496 vaotv
983 3426 1041 3480 τῶν
1061 3422 1158 3501 ἄκρων
1180 3423 1378 3496 ἀφιστάμεθα.

293 3509 381 3572 rigere
409 3519 495 3570 usque
523 3507 558 3558 ad
586 3509 692 3559 eertum
718 3508 817 3568 finem,
857 3504 1029 3569 6-4444444]
1047 3505 1162 3556 athletae
1186 3505 1379 3566 4444444444,

294 3578 422 3645 σκοπόν,
441 3581 509 3633 ultra
527 3596 609 3646 quern
626 3583 700 3633 cerni
716 3597 770 3633 ram
781 3596 820 3633 44
855 3581 950 3645 poetae
968 3578 1095 3642 aequalis.
1130 3579 1235 3629 Anthol.
1251 3577 1305 3629 Pal.
1319 3580 1378 3643 l..p

294 3659 330 3711 4444
347 3661 449 3723 444444;
468 3657 619 3709 4444444444.
655 3660 709 3708 Cic
728 3658 762 3708 de
778 3657 821 3708 04-
855 3655 920 3705 6⁴6:
954 3649 1088 3715 Γλύκων,
1122 3648 1156 3704 sd
1188 3647 1380 3724 Περγαμηνὸν

295 3735 338 3786 fic.
357 3733 388 3794 3,
406 3734 437 3794 4,
456 3733 485 3783 6:
512 3737 635 3795 quantum
650 3732 744 3782 4444444
760 3731 820 3781 444-
853 3723 1048 3816 Ἄᾳὶδικλέος,
1062 3723 1381 3816 Ὁκαμμάχωνκερα4-

294 3813 590 3871 supermanantem
614 3806 700 3856 laton
718 3809 821 3855 444444-
855 3799 918 3867 νός,
945 3798 962 3853 ὁ
980 3801 1087 3868 44λ44444ς
1107 3801 1211 3869 πόδας,
1233 3799 1382 3867 Ὁκαινός

294 3886 360 3936 dere.
378 3896 428 3948 pro
445 3881 568 3946 Ligar.,3
586 3881 615 3932 6:
635 3882 762 3944 (44444444
774 3893 822 3942 44-
850 3873 962 3944 Ἄτλας,
981 3877 1016 3930 (41
1028 3881 1052 3930 τ’
1069 3875 1203 3932 4444444444
1218 3883 1301 3967 χέρες
1314 3873 1381 3970 ’'Ilp-

295 3964 362 4019 tero,
379 3971 439 4008 4444
455 3957 615 4017 4444444444,
633 3963 662 4006 ut
677 3955 723 4006 1444
735 3968 820 4017 4444-
856 3951 949 4026 44444·
977 3951 1029 4008 τὸν
1053 3956 1085 4008 δὲ
1109 3953 1246 4048 4444444444
1264 3951 1324 4008 οὔτ’
1349 3955 1381 4007 ἐν

294 4033 477 4084 444144444444
495 4031 626 4082 44444444.
662 4031 704 4080 Sic
727 4025 1381 4126 0414444’1444λ44ς,οὔι4’1.’λλ446444“4444ὤ444

296 4109 325 4168 4,
343 4105 368 4158 4.
385 4121 445 4158 4444
461 4106 607 4158 4444444444
624 4117 672 4170 444
687 4105 820 4156 444444444-
854 4107 1174 4196 (epcumzdvliaiterus.,l
1185 4103 1246 4159 oda
1256 4103 1382 4158 44444414

294 4145 392 4232 44444444
408 4183 478 4234 inter
495 4182 614 4247 44444444
626 4181 752 4233 exercitia
764 4193 821 4231 me·
854 4175 988 4234 ’044444444
1004 4199 1072 4234 vexa
1053 4181 1091 4233 siv
1104 4176 1232 4248 Ἀΐδης
1213 4183 1380 4253 werpum.

296 4260 390 4306 morat.
426 4259 541 4310 Vitiosae
558 4257 686 4309 lectiones
704 4255 818 4308 4444444
859 4285 886 4294 -
913 4259 1066 4308 Nudam„
1082 4257 1221 4322 44444444]
1248 4271 1301 4308 «ex
1328 4269 1381 4319 qua

296 4331 363 4382 44444
382 4331 465 4384 Cudd.
479 4333 621 4394 relutatac,
642 4333 740 4395 444444,
758 4346 820 4386 4444-
856 4333 978 4384 oriuntur
995 4332 1057 4384 nodi
1079 4335 1105 4384 44
1122 4333 1265 4398 digitorum
1282 4331 1382 4384 articu-
