3116 4968
598 401 658 460 un.
678 403 707 452 u.
744 403 812 454 sir.
831 405 872 454 m.
1224 409 1285 475 aia

241 556 362 623 Audire
384 566 483 644 atque
505 567 614 646 togam
638 559 735 627 iubeo
758 559 970 648 componere,
995 565 1143 652 quisquis

241 679 421 746 Ambitione
445 679 528 745 mala
550 691 605 746 aut
627 684 749 768 urgenti
772 681 869 770 pallet
894 703 1019 760 amore,

242 801 401 888 Quisquis
423 799 550 866 luxuria
572 803 693 870 tristive
716 805 944 891 superstitione

241 925 303 988 dut
323 921 385 988 alio
408 922 524 990 mentis
546 923 660 990 morbo
682 923 780 1002 colem
804 925 867 992 lma
889 927 1024 1014 propius
1047 949 1112 1006 me,
1242 935 1283 997 80

242 1045 324 1110 Dum
346 1043 451 1112 doceo
474 1045 615 1112 insanire
636 1066 767 1121 omnes,
791 1067 850 1112 vos
872 1047 985 1114 ordine
1009 1049 1104 1116 adite.

240 1165 354 1232 Danda
375 1176 426 1234 est
447 1165 581 1233 ellebori
605 1167 704 1234 multo
727 1189 802 1255 pars
827 1170 964 1236 maxima
987 1172 1108 1250 avaris;

231 1317 457 1455 ξὲἀωκξὲωὸἒο.
478 1316 509 1382 (λ)
530 1321 556 1368 ei
582 1317 697 1370 Galeano
717 1315 747 1384 (ξ)
769 1320 911 1372 Bentleius.
933 1347 959 1358 ·-
986 1325 1025 1372 is.
1045 1325 1133 1374 Pereili
1158 1325 1199 1375 bc.
1221 1351 1249 1363 -

195 1513 267 1576 [ulva
283 1515 378 1564 asurim
391 1514 488 1565 leonia.
504 1541 530 1551 ·-
544 1516 572 1565 Si
582 1517 649 1566 male
660 1516 722 1581 cet]
761 1516 834 1580 quod
845 1519 996 1570 attentionis
1007 1521 1111 1584 signum
1123 1523 1168 1583 slt,
1187 1525 1285 1575 erbor-

198 1588 282 1638 litiam
305 1587 376 1652 apud
399 1589 454 1639 Cic.
474 1589 530 1639 Cat.
550 1589 611 1640 mai.
630 1590 661 1651 7,
680 1591 721 1640 ii.
761 1593 831 1641 tatur
847 1593 951 1644 Stoicus
963 1594 1057 1645 doctor
1074 1597 1143 1648 inani
1161 1597 1230 1649 lustu
1248 1601 1285 1650 in-

196 1662 262 1713 muta
283 1675 339 1712 rem
360 1675 446 1727 amere
469 1663 593 1713 dicuutur
619 1663 651 1724 ii,
677 1665 724 1727 qui
760 1665 839 1717 flatus
857 1669 884 1717 et
901 1666 995 1718 elatus.
1029 1663 1182 1723 barrama
1207 1687 1285 1724 mon-

197 1738 387 1800 patrimonium
403 1750 483 1788 suum
500 1737 651 1802 prodigunt.
682 1738 721 1789 Ci.
760 1743 827 1790 strat
844 1741 1010 1801 Quintilli.
1029 1744 1059 1805 d,
1079 1747 1143 1796 ⁴56:
1172 1748 1199 1798 in
1216 1761 1285 1798 coar-

197 1823 222 1860 v.
236 1811 277 1861 37.
308 1813 389 1876 lunge
406 1811 465 1862 beas
478 1825 581 1877 perere,
600 1812 724 1863 nonbene
756 1815 874 1876 ponenda
898 1821 957 1880 topa
981 1817 1032 1880 cel,
1058 1819 1080 1867 si
1103 1833 1198 1871 maesse
1222 1825 1284 1886 arii,

196 1885 261 1935 sarri.
277 1911 305 1920 -
325 1886 540 1950 Pididiaquuam
557 1890 643 1938 tuum.
672 1889 724 1938 Pa-
758 1889 835 1939 eiiam
849 1890 1143 1954 aaiauproiniicienda.
1159 1897 1284 1964 -paitoq

195 1960 275 2010 tidini
300 1961 409 2025 proprie
435 1962 477 2012 ast
502 1961 631 2027 quidquid
660 1961 723 2012 mali
760 1962 840 2012 veluti
864 1966 975 2028 propter
997 1965 1130 2018 morbum.
1160 1970 1233 2022 Pers.
1253 1972 1283 2036 l,

195 2032 285 2085 odoris
297 2037 352 2094 cst;
370 2035 443 2100 apud
460 2037 566 2088 Latinos
578 2039 723 2101 usurpatur
759 2037 805 2088 ii:
827 2039 913 2088 Visosi
927 2038 1019 2101 palies,
1038 2041 1160 2103 improbe,
1173 2049 1283 2097 namma.

195 2108 229 2159 de
247 2107 344 2170 rebus,
363 2123 433 2174 quae
451 2109 516 2162 alios
534 2123 642 2174 quoque
659 2124 722 2162 sen·
761 2140 789 2149 ·-
803 2125 899 2174 omnes,
917 2126 962 2162 uos
978 2115 1073 2179 ordine]
1093 2116 1211 2169 Dubitari
1228 2124 1286 2185 pot·

195 2195 255 2245 sus,
274 2195 369 2246 aures,
387 2183 479 2235 oculas
496 2184 649 2246 offendunt,
668 2198 721 2234 non
760 2191 813 2249 est,
832 2189 921 2238 utrum
939 2187 1156 2252 distinguendum
1173 2194 1207 2244 sit
1222 2207 1284 2246 cum

194 2256 282 2308 solum
306 2271 399 2318 nares;
427 2258 524 2310 deinde
550 2259 647 2310 dicitur
672 2273 721 2324 pro
759 2262 912 2313 Heindortio
936 2265 1047 2314 insanire
1063 2279 1147 2316 mmet
1161 2281 1216 2329 aas,
1241 2283 1286 2320 or-

195 2333 298 2396 inepto,
318 2331 431 2395 insulso,
447 2333 481 2384 de
494 2333 646 2385 bominibus
658 2334 721 2398 ipsis
758 2339 827 2398 dine,
854 2341 953 2400 au,1ut
970 2352 1018 2389 nos
1035 2339 1156 2392 fecimus.
1192 2346 1285 2395 Poste·

194 2407 280 2457 etde
304 2406 412 2458 dicendi
434 2421 542 2471 genere.
563 2437 591 2446 -
608 2409 722 2460 Periiiim
758 2413 813 2463 rius
831 2414 858 2462 et
882 2416 992 2478 propter·
1013 2427 1154 2468 caesuram
1177 2419 1284 2482 praele-

194 2484 236 2531 esi
260 2481 333 2531 idem
358 2482 404 2545 qui
429 2495 509 2546 supra
536 2483 648 2534 ridiculo
675 2497 722 2534 oo·
757 2487 871 2538 rendum
898 2488 1005 2539 videtur
1030 2493 1057 2540 ct
1085 2492 1195 2556 propter
1220 2507 1283 2545 seu-

193 2557 319 2619 gnomine
332 2555 430 2607 dieitur
441 2557 537 2609 aazia
550 2586 577 2595 -
588 2558 720 2623 dictantis]
757 2574 818 2612 sum
835 2563 937 2626 ipsum;
958 2563 1009 2614 boc
1022 2565 1093 2615 enim
1109 2565 1184 2617 dicit:
1205 2569 1282 2631 «vos,

193 2633 310 2683 debitori
327 2634 457 2686 cautionis
474 2633 625 2696 formulam,
644 2649 721 2686 «cre-
758 2637 803 2699 qui
819 2637 899 2688 variis
916 2637 985 2688 vitiis
1001 2637 1140 2700 laboratis,
1160 2655 1209 2706 pro
1226 2643 1284 2707 ipsa

193 2707 308 2758 dentis.»
334 2731 362 2743 -
392 2707 539 2774 rescribere]
569 2710 719 2760 abscisci-
757 2713 909 2762 vestrorum
925 2712 1050 2763 vitiorum
1067 2715 1195 2766 varietate
1211 2720 1283 2768 certo

192 2781 261 2841 bem
280 2795 330 2846 per
341 2784 519 2846 argentarium
532 2783 654 2835 debitum
665 2783 720 2836 sol·
757 2783 874 2848 quadam
903 2785 995 2836 ordine
1028 2787 1081 2838 buc
1113 2789 1220 2850 adeste,
1255 2792 1285 2841 ut

125 2861 130 2868 ·
191 2867 267 2916 vere,
280 2855 307 2907 h.
321 2870 345 2906 e.
359 2858 488 2922 scriptum
500 2857 582 2909 debiti
593 2857 716 2910 liberare.
756 2871 840 2910 uuum
862 2863 924 2924 post
945 2860 1058 2912 alterum
1082 2875 1132 2926 ego
1155 2865 1283 2928 castigem

191 2932 333 2983 Terentius
357 2933 464 2984 Pborm.
486 2935 516 2994 5,
543 2935 571 2996 7,
599 2935 643 2985 28:
671 2935 720 2985 Sed
756 2935 837 2997 atque
849 2935 996 2998 corrigam,
1016 2949 1110 2986 omnes
1120 2937 1230 2988 vitiosos
1242 2939 1283 2990 in-

192 3007 274 3056 nonai
299 3009 368 3058 sodes
392 3009 427 3058 od
449 3007 535 3072 [onan
559 3014 634 3072 atquo
657 3009 719 3060 illud
756 3021 835 3059 sanos
847 3021 909 3060 esse
918 3009 1133 3062 demonstrans.»
1151 3013 1194 3062 Sic
1205 3012 1282 3077 louge

191 3081 254 3130 mibi
269 3083 406 3146 Arperitum
419 3097 523 3134 mosum
538 3084 717 3146 tabernariis,
756 3083 844 3133 acrior
865 3083 894 3132 lli
915 3083 996 3134 Stoici
1018 3085 1180 3145 exhortatio;
1207 3089 1281 3137 recte

190 3157 315 3206 Phormio.
345 3158 391 3207 Pu.
421 3159 524 3220 Quodne
540 3173 584 3224 epo
604 3160 719 3222 dumipst
755 3159 885 3208 Diiutzer:
905 3158 1126 3222 «Naaltlleindarl
1139 3161 1283 3211 wt'irdsder

188 3243 269 3294 parra
285 3231 335 3282 tilis
351 3231 440 3294 quitor
456 3233 548 3283 debui?
564 3233 611 3284 ubi
629 3237 718 3286 Dona·
755 3233 817 3282 Sata
828 3233 937 3282 misen:
953 3233 1074 3283 wddrsnd
1084 3234 1124 3284 ioli
1134 3235 1211 3298 seips,
1225 3236 1283 3286 dass

191 3308 250 3365 tus:
270 3307 402 3367 «rescribi,
421 3308 512 3370 reddi,
526 3309 717 3360 renumerari.»
755 3307 795 3356 iir
812 3307 860 3357 allo
877 3307 1068 3369 narcisciseid,
1087 3312 1159 3358 traici
1170 3309 1280 3358 bezai»

223 3381 313 3432 77-8t.
345 3381 477 3433 Hactenus
505 3383 644 3434 Stertinius
669 3384 718 3434 ad·
788 3381 882 3432 8283.
907 3382 1001 3432 Danda
1016 3383 1281 3448 eslcetiiamquat-

190 3455 312 3506 hortatus
330 3459 387 3507 erat
409 3471 493 3508 unum
510 3458 716 3522 Damasippum
754 3458 815 3506 tuor
835 3457 897 3506 vitia
920 3458 1079 3522 praecipua,
1105 3459 1131 3508 in
1150 3471 1219 3522 quae
1240 3461 1281 3510 in-

190 3531 244 3580 iam
256 3529 433 3582 incalescente
446 3533 578 3594 oratioue,
591 3535 621 3582 ut
632 3531 719 3583 solent
755 3530 815 3580 vehi
832 3528 955 3581 solebant
965 3532 1058 3593 Stoici,
1078 3534 1202 3596 castigat,
1220 3547 1282 3583 avu-

189 3599 375 3674 ciparciloyoi,
405 3605 440 3656 ad
469 3619 563 3658 omnes
589 3604 717 3658 mortales
754 3605 841 3654 ritiam
867 3605 924 3668 (vv.
945 3605 1077 3670 82-t59.),
1104 3607 1279 3658 ambitionem

189 3692 252 3731 sese
270 3681 408 3731 convertit.
423 3709 451 3717 -
464 3687 550 3744 mpam
565 3681 636 3731 iubeo
648 3695 716 3731 emn-
755 3681 805 3743 (vv.
828 3679 968 3742 teneaat,
988 3680 1118 3732 luxuriam
1142 3683 1192 3746 (vr.
1214 3680 1280 3732 eai-

186 3754 289 3818 ponera]
302 3755 400 3818 Tagum
412 3755 540 3806 decenter
552 3759 717 3820 componunt
752 3755 831 3817 asti,
849 3757 1065 3818 superstitionem
1082 3758 1132 3819 (vv.
1146 3755 1277 3819 att-iat).

188 3830 215 3879 iu
231 3827 375 3894 plicaturas
394 3828 527 3895 discipuli,
555 3832 600 3895 qui
626 3833 715 3882 cousi·
755 3853 782 3864 -
809 3829 923 3891 ellebori]
949 3828 1102 3879 Elleborum
1127 3830 1232 3892 nigrum
1254 3843 1276 3881 s.

187 3903 255 3956 deut
280 3903 307 3954 iu
333 3902 466 3956 subselliis
490 3904 533 3956 vel
562 3905 712 3969 cathedris,
751 3905 888 3954 veratrum
910 3905 1022 3954 nodetur
1041 3903 1204 3966 paralyticis,
1231 3904 1278 3956 in-

186 3981 303 4030 nitentes
314 3991 398 4029 aures
411 3981 538 4044 magistro
555 3980 712 4044 praebituri,
750 3979 951 4041 sarientibus,
969 3979 1127 4041 hydropicis,
1141 3979 1201 4029 dam
1212 3979 1278 4030 citra

186 4054 265 4114 item,
287 4053 334 4116 qui
351 4055 498 4117 oratorem,
526 4067 607 4120 quem
624 4056 714 4121 suspi-
748 4053 852 4118 stimat,
867 4053 1136 4118 pommeraniae,
1155 4055 1277 4105 articula·

186 4129 273 4188 ciuut,
303 4129 333 4178 ut
357 4129 472 4179 attentos
499 4128 590 4190 decet,
620 4129 712 4181 audire
748 4130 796 4178 riis
816 4129 916 4179 morbis.
954 4129 1038 4179 Trahit
1054 4129 1140 4180 doum
1157 4135 1180 4180 ei
1204 4130 1276 4180 bilem

184 4202 286 4254 volunt.
322 4205 361 4254 lta
377 4203 404 4254 b.
417 4203 433 4254 l.
448 4204 583 4256 auditores
600 4205 634 4256 ad
657 4208 713 4256 sta-
745 4205 906 4267 pituitasque.
942 4202 1006 4254 Plin.
1027 4205 1057 4255 H.
1077 4205 1106 4254 N.
1126 4206 1174 4267 at,
1197 4207 1222 4256 t.
1242 4231 1271 4242 -

186 4281 243 4329 tum
261 4276 438 4343 habitumque
456 4279 505 4330 rite
524 4280 710 4343 compositum,
747 4279 986 4342 marito-maxima]
1014 4279 1117 4330 «Etiam
1141 4291 1203 4330 cum
1226 4293 1273 4330 su—
