3192 4974
644 465 702 514 tie.
723 465 741 512 l.
777 464 875 515 Epist.
893 465 913 513 l.

280 621 378 687 Vilius
401 631 569 708 argentum
590 631 641 687 est
662 641 758 696 auro,
783 620 953 686 virtutibus
976 641 1101 687 aurum.

282 745 310 810 0
334 743 438 820 cives,
463 743 566 818 44444,
590 741 779 829 quaerenda
801 743 939 830 pecunia
959 743 1099 829 primum
1121 753 1185 824 est;

279 865 385 932 Virtus
407 876 481 952 post
502 885 661 931 nummos.
706 865 795 932 44444
817 865 913 931 44444
935 885 1082 930 summus
1104 863 1145 931 ab
1169 865 1233 930 imo

279 985 456 1062 Prodocet,
481 985 562 1053 haee
586 985 732 1053 recinunt
755 986 888 1053 iuvenes
910 984 1028 1053 dietata
1049 1007 1212 1075 senesque
1283 987 1324 1050 55

279 1111 386 1176 Laevo
409 1108 560 1195 suspensi
583 1106 707 1174 looulos
730 1107 938 1197 tabulamque
960 1107 1091 1176 lacerto.

271 1305 299 1318 -
318 1293 435 1342 4444444444
458 1285 483 1331 at
506 1280 589 1330 44444
615 1278 758 1330 Markland.
779 1305 807 1316 —-
825 1279 867 1330 66.
886 1278 992 1331 Habent
1015 1281 1089 1331 huno
1109 1293 1219 1331 versum
1237 1279 1291 1346 bSp

270 1357 297 1406 et
317 1367 412 1407 omnes
434 1354 567 1405 Pottierii:
595 1355 713 1417 Guyeto,
741 1354 947 1418 coringhamo,
974 1355 1114 1406 Sanadmm
1139 1355 1292 1408 auctoribus

270 1443 333 1482 eum
350 1429 479 1495 expunxit
494 1429 529 1481 ld.

237 1576 304 1622 ctum
321 1569 364 1633 tal.
376 1569 481 1635 4444444)
497 1569 565 1632 quod
578 1574 671 1620 444444
688 1563 761 1619 ‹izo-
797 1559 818 1640 ᾖ
834 1567 901 1632 βίος
917 1563 983 1636 ἤδη.
1012 1572 1052 1623 De
1064 1582 1118 1634 quo
1130 1569 1201 1622 dieto
1213 1569 1261 1621 44.
1275 1583 1324 1622 444

237 1645 292 1698 viti
306 1645 374 1695 oioit.
410 1642 548 1708 Olympios
564 1646 656 1695 autem
675 1645 762 1695 44444-
798 1645 833 1695 ad
851 1642 915 1695 Plat.
929 1645 1040 1710 deliep.
1053 1646 1096 1696 444.
1109 1657 1136 1711 p.
1149 1644 1207 1696 toi.
1220 1647 1251 1697 Α.
1279 1647 1326 1696 So·

237 1722 276 1772 ria
313 1717 539 1784 aequiparabatur
579 1720 761 1771 Romanorum
798 1717 887 1782 phool.
911 1720 1014 1783 Fragm.
1039 1719 1097 1771 325.
1121 1720 1213 1771 Dind.:
1237 1713 1325 1772 κᾶστι

238 1795 441 1859 4444444444.-
466 1795 582 1856 polam]
610 1794 711 1847 Vitruv.
735 1793 760 1844 9.
798 1787 871 1864 πρὸς
886 1788 923 1844 τὰ
934 1789 1073 1864 χρήματα
1084 1787 1325 1861 Θνητοῑσιτᾶλλα

237 1869 333 1921 Praei:
351 1867 600 1930 nomomensis,
619 1869 662 1932 qui
678 1869 763 1930 04444-
797 1865 925 1940 dadsspa.
961 1869 1100 1934 Euripides
1121 1870 1193 1934 apud
1216 1871 1323 1922 Luoian.

234 1947 295 2008 pio,
315 1945 420 2006 Pythio,
440 1943 559 2006 44444444,
577 1945 672 1995 Nesea
686 1943 763 1994 44444·
798 1944 864 1994 Tim.
877 1941 923 1995 44.
938 1933 974 1993 Ὦ
989 1945 1093 2014 χρυσέ,
1110 1941 1237 2010 δεξίωμα
1253 1941 1325 1995 κάλ-

236 2024 300 2082 4444,
319 2021 475 2070 6444444444
489 2019 764 2082 moioreaitomopnor
798 2017 898 2070 λιστον
907 2017 1036 2090 βροτοῖς
1059 2019 1157 2070 Contra
1168 2019 1241 2070 idem
1253 2020 1325 2084 apud

236 2095 341 2144 4444444
356 2094 551 2154 constitimus,
568 2093 607 2142 uti
622 2107 673 2142 444
688 2094 762 2144 niodo
799 2091 985 2144 Philodamum
995 2095 1031 2144 de
1042 2094 1182 2145 Rhetorica
1194 2092 1252 2145 Vol.
1260 2095 1327 2146 lien·

237 2171 264 2220 44
279 2174 401 2219 conventu
415 2173 575 2219 4444444444
589 2169 763 2231 4444444444-
799 2167 851 2219 444.
869 2168 999 2232 V..:pl7
1018 2161 1106 2220 04444
1121 2165 1326 2236 admonuim-

236 2258 302 2294 rouo
315 2244 401 2308 ferant
416 2245 515 2305 444644,
537 2245 580 2294 444
595 2245 687 2306 etiam,
705 2257 762 2295 44444
798 2237 893 2308 κὸς
878 2239 1004 2334 α’ργορος
1030 2242 1141 2311 μόνον,
1174 2240 1249 2296 ἀλλὰ
1275 2245 1326 2297 sot

236 2319 764 2370 reuertunturtnsuoativitoteaeaoooi-
799 2315 1070 2391 ‹imprimas-.-
1042 2320 1326 2372 -lmaeemmuoo

236 2395 334 2454 444444,
368 2393 550 2456 simphonias
577 2393 709 2457 quodripia
734 2394 762 2444 ιἰι
798 2395 857 2460 imo]
876 2395 949 2459 quod
961 2394 1012 2447 1444
1022 2397 1092 2447 mter
1102 2395 1171 2446 duos
1184 2396 1262 2447 44444
1273 2397 1324 2458 444

236 2468 336 2518 4444444
356 2472 380 2518 44
404 2469 433 2517 44
452 2468 555 2530 patrios
578 2468 728 2518 4444444444
748 2481 761 2518 4
799 2469 845 2521 ubi
862 2470 1180 2533 negotiissuiavacabant
1194 2470 1327 2540 44444444-

236 2555 313 2604 444444
325 2541 429 2604 publico
443 2547 565 2604 papatus
579 2542 635 2592 otto
645 2542 763 2592 44444444-
800 2557 853 2596 res.
872 2545 926 2595 Cir,
941 2545 995 2595 Sat,
1010 2545 1041 2606 2,
1055 2545 1079 2606 3,
1095 2545 1135 2596 48.
1155 2547 1228 2596 Grut.
1240 2546 1324 2596 inser.

237 2617 269 2668 tia
282 2616 444 2680 vectigalibus
460 2617 590 2679 4444444444.
799 2619 889 2680 iiim.
906 2618 955 2670 iiie
965 2615 1054 2682 lepida
1062 2619 1259 2683 prosopopoeia
1268 2620 1325 2684 ipse

269 2691 359 2742 aa-ts.
389 2691 466 2741 Vilius
477 2691 540 2756 eet]
558 2692 596 2742 Ex
609 2704 686 2742 44444
698 2692 764 2742 Stoi·
799 2695 878 2745 lanus
894 2692 1000 2744 medius
1012 2694 1130 2756 magistri
1141 2695 1232 2758 partes
1243 2695 1327 2744 susei-

238 2778 332 2816 corum
365 2765 448 2829 quasi
475 2762 553 2837 παρὰ
585 2763 763 2838 προσδοκίαν
799 2759 1327 2835 444.-Ρ4444444]444444444ἰ’44ξ44γο-

238 2841 319 2892 iniieit
335 2839 522 2892 sententiolam
538 2854 588 2906 per
605 2855 649 2902 se,
671 2843 702 2892 44
721 2841 764 2892 vi·
799 2855 900 2906 μενονε
924 2840 991 2892 salta
1008 2854 1077 2892 voce
1095 2843 1123 2892 et
1139 2840 1229 2905 pelam
1247 2841 1328 2894 docet

237 2915 330 2978 detur,
355 2917 390 2965 ite
415 2913 514 2966 claram
538 2918 565 2966 et
589 2917 706 2976 4444444,
733 2917 764 2966 ut
800 2916 866 2979 (sina
894 2917 1084 2967 retractatione
1112 2917 1158 2967 aut
1184 2915 1326 2981 puderet.»

238 3003 318 3041 nemo
335 2991 443 3041 omnino
461 3002 523 3041 eam
543 3003 643 3054 negare
663 2989 761 3055 possit,
800 2989 920 3042 Verbum
953 2985 1155 3060 προδιδάσκειν
1189 2989 1324 3054 (Sophoal.

238 3077 353 3128 eamque
372 3062 435 3124 4144,
462 3063 512 3114 sed
534 3077 604 3128 44444
627 3063 709 3128 priori
726 3063 763 3113 si·
799 3062 1326 3130 4444.463.Τ44444.684.Ρ4444444.4044.)

239 3137 307 3190 milis
325 3141 377 3200 est,
396 3140 595 3204 comparatione
607 3137 697 3188 ailart:
716 3137 764 3189 «Ut
801 3138 894 3190 callide
911 3139 945 3189 ad
968 3140 1135 3191 Latinitatem
1151 3138 1258 3190 videtur
1276 3138 1327 3190 de·

238 3213 358 3278 Olympia
387 3215 444 3264 sine
472 3215 620 3266 certamine
655 3213 762 3264 vincere
800 3215 907 3266 41444444
924 3216 1012 3279 poeta.
1032 3241 1061 3252 -
1078 3214 1202 3278 44444444]
1219 3215 1286 3278 Epp.
1300 3215 1325 3274 4,

238 3288 315 3352 longe
331 3291 450 3353 praestat
465 3290 591 3340 victoriae
608 3289 636 3338 in
654 3288 764 3352 Compi·
801 3289 845 3350 48,
864 3289 909 3340 ⁴3:
930 3289 960 3339 iit
973 3302 1082 3353 44444444
1096 3303 1171 3340 soevo
1187 3289 1276 3340 eredas
1286 3288 1327 3340 di-

239 3363 336 3415 talibus
352 3367 457 3428 partae.
482 3365 517 3415 ita
538 3365 642 3414 animus
660 3375 763 3427 aequus
799 3369 870 3415 44444
878 3365 1000 3428 4444444444
1016 3365 1138 3424 Reddam
1155 3363 1202 3415 ubi
1217 3377 1244 3414 v.
1261 3374 1327 3428 pro-

238 3437 385 3490 4444444444
402 3453 540 3490 summum
556 3438 659 3489 bonum
670 3451 765 3502 perve-
800 3440 860 3505 prio
874 3451 940 3492 usus
960 3441 1010 3491 est.
1046 3439 1101 3490 Cir.
1118 3441 1173 3492 Clo.
1192 3438 1227 3489 de
1243 3439 1275 3488 N.
1292 3437 1325 3488 D.

239 3515 290 3574 nit,
317 3527 399 3577 quam
416 3527 497 3578 aeger
519 3528 551 3565 aa
576 3513 763 3578 perturbatae
802 3515 831 3576 4,
849 3513 897 3576 46,
915 3515 972 3574 74.;
993 3513 1042 3566 sed
1059 3513 1132 3566 idem
1149 3513 1184 3565 de
1200 3513 1274 3565 Finn.
1295 3508 1324 3573 4,

239 3589 268 3638 44
283 3586 434 3648 videsset..
453 3587 765 3652 itavirtualongeprae-
800 3589 831 3650 4,
851 3589 895 3639 46;
922 3590 1018 3640 44444444
1033 3591 1175 3640 4444444444.

238 3664 290 3714 stat
306 3662 386 3714 etiam
404 3664 434 3714 iis
451 3663 528 3714 bonis
546 3665 676 3721 externis,
695 3675 764 3726 4444
834 3664 875 3715 eo.
897 3664 981 3716 Laevo
996 3664 1060 3729 444]
1076 3665 1152 3716 idem
1168 3673 1266 3713 versus
1287 3657 1327 3712 le-

239 3737 326 3800 prima
350 3737 477 3789 mortales
500 3737 630 3788 ducunt.»
665 3735 765 3788 Nihilo·
802 3739 872 3802 gitur
888 3740 941 3788 Sat.
955 3740 984 3800 4,
1003 3739 1032 3798 6,
1051 3738 1103 3798 44.,
1121 3735 1250 3788 ubivide.
1279 3736 1328 3800 iin-

239 3812 327 3862 minus
339 3811 454 3864 eandem
465 3813 568 3884 4444444
578 3807 681 3876 δόξαν,
694 3825 764 3875 quae
801 3813 909 3864 tardum
921 3814 1002 3864 etiam
1012 3811 1135 3877 Virgilius
1146 3810 1259 3861 eosdem
1268 3823 1329 3859 ver-

239 3887 389 3937 oertissima
413 3887 498 3938 videri
526 3889 647 3952 poterat,
677 3899 765 3950 oppu-
802 3900 863 3949 sus,
882 3886 977 3938 leviter
993 3888 1083 3937 tamen
1100 3887 1232 3947 mutatos,
1251 3896 1328 3949 repe-

239 3965 302 4025 goat
312 3963 401 4026 opinio
409 3963 536 4027 volgaris
550 3977 583 4014 44
593 3965 686 4014 vetere
699 3975 764 4014 sane
802 3965 859 4014 tere
875 3963 957 4024 solet,
976 3966 1006 4013 ut
1022 3962 1110 4023 (44.4,
1127 3961 1194 4013 44οε
1224 3961 1329 4024 Capitur

239 4037 369 4100 sapientia
391 4039 549 4102 Theognidis
566 4038 627 4089 699:
652 4034 765 4101 Πλήθει
801 4038 876 4100 inque
889 4039 959 4088 44444
968 4038 1058 4088 scindit
1067 4037 1325 4088 aesemdereduotos

238 4105 477 4198 d'a’mipwnov’
459 4107 546 4198 444τῆ
563 4113 618 4178 μία
640 4112 777 4179 γίγνεται
802 4117 830 4164 44
845 4114 912 4165 444.
927 4114 954 4174 4,
974 4113 1037 4162 464.
1054 4113 1195 4176 4444444444
1209 4112 1328 4175 4444444·-

239 4179 300 4250 ἤδε,
317 4183 468 4238 1144444444·
486 4185 584 4238 seivit
602 4179 697 4238 ἄλλων
714 4181 765 4238 444-
801 4201 849 4238 444
866 4190 918 4239 444.
948 4150 994 4238 'aa
1013 4188 1041 4248 4,
1059 4185 1124 4237 ast:
1150 4185 1246 4252 Arprito
1265 4199 1328 4238 444·

238 4253 372 4333 444ιό44ἵ
352 4257 516 4327 nodosior.
539 4263 701 4326 Phooylidis:
721 4261 766 4313 At·
801 4265 867 4313 4444
880 4261 1119 4325 permitteretne
1132 4262 1203 4313 44444.
1222 4264 1249 4313 et
1259 4264 1325 4312 Aen

238 4337 343 4404 ςησθαι
365 4335 483 4406 βιοτήν,
508 4333 664 4410 ἀρετὴνδ,
691 4331 760 4390 ὅταν
803 4339 831 4400 7,
852 4337 895 4389 44.
915 4337 1010 4402 444444
1027 4337 1107 4388 tenuia
1119 4349 1271 4400 4444444444
1283 4349 1328 4399 pe·
