3130 4966
275 431 318 497 20
655 429 784 482 uonnrn
801 429 983 482 snrrnnnuu

318 589 358 660 Ut
378 587 619 658 Nomentanus?
641 587 753 675 Pergis
774 585 949 676 pugnantia
975 603 1088 653 secum

320 712 492 780 Frontibus
514 710 660 778 adversis
682 728 895 798 componere:
919 728 984 775 non
1005 727 1083 796 ego,
1108 727 1240 776 avarum

295 867 298 872 ·
320 836 401 903 Cum
421 843 495 900 vato
518 842 549 900 te
571 831 656 909 fieri,
679 851 818 919 vappam
842 829 939 897 iubeo
962 851 1001 897 ac
1023 829 1228 897 nebulonem.

319 957 376 1024 Est
396 956 479 1023 inter
500 958 620 1022 Tanain
641 952 799 1042 quiddam
820 972 1039 1041 socerumque
1061 951 1179 1020 Viselli.
1304 952 1365 1018 400

319 1079 376 1146 Est
396 1077 513 1146 modus
536 1077 568 1144 in
590 1075 705 1150 rebus.
730 1083 805 1141 aunt
826 1074 905 1142 certi
929 1073 1072 1161 denique
1094 1073 1194 1152 fines,

320 1201 411 1282 Quos
433 1199 517 1267 ultra
539 1199 685 1286 citraque
707 1197 819 1284 nequit
840 1195 1019 1264 consistere
1041 1206 1176 1264 rectum.

344 1371 407 1498 eorl.)
420 1371 459 1436 0]
477 1375 523 1422 ac
540 1370 568 1420 r..
589 1396 617 1405 -
636 1333 693 1419 000.
714 1367 819 1418 ranam
838 1365 941 1428 00000
959 1369 1020 1432 (non
1038 1367 1129 1435 neap).
1147 1391 1173 1404 -
1187 1368 1244 1420 000.
1263 1369 1332 1436 caia]

310 1448 372 1499 recti
409 1460 433 1497 c.

278 1595 458 1662 0400000000]
484 1597 513 1646 L.
532 1594 640 1646 cassius
660 1591 806 1644 Nomenta-
841 1593 918 1643 044000
946 1593 1090 1654 0000400000,
1123 1605 1180 1644 0000
1210 1594 1369 1659 0000000ου44

278 1684 339 1732 nus,
356 1683 472 1736 persona
484 1668 616 1720 Luciliano
628 1667 690 1733 (rid.
703 1668 806 1718 Becker
842 1668 950 1718 0040000.

278 1747 364 1797 00040.
380 1747 447 1798 Noa.
464 1746 496 1795 N.
513 1745 542 1795 F.
559 1745 591 1794 V.
609 1757 637 1809 p.
656 1742 705 1794 000
722 1743 803 1806 agol,
876 1743 932 1794 400.
952 1743 1009 1793 400.
1038 1742 1143 1808 000040]
1162 1743 1272 1796 tl'anais
1283 1743 1369 1809 spado

278 1834 342 1872 cum
358 1817 442 1871 altaro
458 1819 502 1871 illo
519 1818 643 1885 prodigo,
662 1819 765 1869 Maenio
780 1829 803 1868 0.
843 1818 901 1880 4044,
920 1821 949 1870 ut
966 1818 1076 1882 quidam
1097 1820 1184 1880 aiunt,
1208 1821 1369 1872 Maecenatis

278 1895 373 1958 llallio,
393 1897 439 1959 qui
450 1897 503 1946 Sat.
517 1895 590 1955 t‚8‚
604 1895 643 1943 44.
663 1891 804 1942 ridiculum
842 1892 972 1954 libertus,
997 1895 1028 1944 ut
1052 1893 1188 1956 nonnulli,
1214 1896 1242 1946 1..
1261 1897 1369 1948 Munatii

278 1970 408 2022 0004040404
434 1981 583 2033 cognomen
609 1967 707 2028 habet,
733 1965 806 2032 apud
843 1967 945 2031 Planci,
971 1967 1070 2022 Visellil
1092 1972 1183 2020 autam
1205 1983 1285 2021 aecer
1307 1971 1372 2022 her-

278 2047 387 2110 po'atam
405 2043 582 2108 componitur.
617 2042 741 2093 «Cassius
757 2043 808 2092 No-
844 2044 968 2093 nicena.»
1001 2044 1125 2096 Peaeum.
1154 2071 1182 2084 -
1209 2046 1254 2096 4404
1282 2047 1371 2098 modu

279 2121 422 2170 montanus
443 2118 513 2169 adeo
534 2117 592 2168 siue
611 2118 738 2182 respectu
755 2116 807 2166 bo-
844 2116 908 2180 oat.]
925 2118 1023 2167 Lucan.
1036 2119 1066 2180 0,
1085 2118 1149 2168 0000
1166 2119 1229 2170 0000
1245 2121 1305 2171 dart
1319 2123 1371 2172 400·

278 2207 376 2245 norum
387 2204 498 2244 suorum
509 2191 649 2257 prodigus,
667 2193 698 2242 ut
708 2193 809 2242 easter—
842 2197 913 2242 moto
929 2192 1032 2242 0040040
1042 2192 1116 2242 Secta
1125 2194 1188 2258 44044,
1205 2208 1308 2248 aarum
1317 2211 1373 2248 nao-

280 2271 346 2321 tium
372 2268 523 2332 septuagies
548 2265 625 2331 gulae
651 2279 683 2317 ac
706 2264 807 2316 libidini
844 2267 904 2316 0000
918 2267 1041 2330 44000000
1057 2271 1147 2319 400000.
1163 2297 1191 2308 -
1204 2271 1372 2335 0004000184-

280 2343 458 2410 impendaret.
502 2343 585 2394 Huius
610 2353 729 2406 coquum
753 2341 809 2391 Da·
845 2339 952 2406 gnificat
969 2353 1000 2392 00
1017 2342 1069 2393 hac
1080 2345 1211 2396 0004000440
1224 2347 1270 2397 4044
1282 2347 1373 2412 diapa-

280 2432 354 2472 mam
372 2419 479 2470 nomina
497 2415 627 2469 Salustius
638 2415 749 2482 Crispus
766 2416 808 2466 lni-
845 2417 936 2468 tetiam
954 2417 1007 2468 iam
1024 2415 1107 2469 tinem
1123 2419 1272 2485 imponere.
1292 2423 1370 2474 ’00οε

281 2495 424 2547 0400400000
445 2494 561 2559 scriptor
582 2492 666 2543 400400
689 2492 808 2542 centenis
847 2493 909 2543 «llit
922 2493 1010 2543 4040000
1029 2493 1128 2543 4410040
1140 2521 1170 2532 -
1182 2497 1287 2561 0004000]
1305 2497 1373 2547 Scri·

282 2569 389 2622 milibus
400 2566 729 2640 conductumhabuissa.»
744 2569 806 2618 Aca.
845 2571 908 2633 ptor
924 2567 958 2617 ad
975 2567 1091 2620 Harena.
1104 2568 1135 2630 3,
1154 2571 1184 2631 0,
1202 2571 1233 2621 ³:
1251 2573 1373 2622 44004000

282 2647 310 2696 04
321 2648 445 2696 Pomaria.
470 2646 586 2706 Uterque
597 2643 770 2706 igituruepcs
783 2643 810 2692 et
846 2647 897 2703 004,
923 2641 991 2703 quod
1011 2656 1069 2692 0000
1088 2645 1181 2696 0404040
1197 2651 1220 2695 04
1236 2646 1318 2710 officio
1332 2649 1371 2712 04.

282 2731 380 2784 ganeo:
399 2731 450 2770 nec
462 2719 553 2768 tamen
567 2715 811 2782 propterealegen·
880 2717 937 2767 408.
958 2717 1014 2768 400.
1043 2719 1112 2783 llice]
1130 2721 1252 2771 Imitatur
1267 2733 1373 2773 morem

282 2793 348 2844 dum
366 2806 428 2845 0040
446 2792 543 2844 Wolfio
555 2806 588 2843 ex
601 2791 684 2843 cedd.
698 2791 809 2842 Bentleii
847 2790 1080 2858 philosophorum,
1103 2795 1149 2857 qul
1167 2796 1194 2847 in
1211 2792 1374 2860 4000404ξο000

282 2883 315 2920 ac
330 2869 374 2919 040.
409 2868 456 2920 Eat
477 2869 599 2918 00040040
621 2870 696 2919 oder
715 2867 808 2918 0000.
847 2866 989 2919 moralium
1009 2867 1117 2934 epilogis
1138 2871 1199 2934 post
1229 2871 1374 2935 digressio-

285 2971 313 2983 -
326 2943 459 2993 0000044000
469 2942 590 3004 00000040]
607 2941 692 3005 lunga
704 2954 767 2992 cum
779 2955 806 2992 v.
848 2957 897 2995 nes
914 2944 1042 3008 variaque
1054 2943 1176 3010 exempla
1188 2959 1282 2997 earum
1294 2949 1375 3012 caput

282 3031 441 3081 0000000000,
469 3030 522 3068 non
545 3030 607 3068 cum
629 3031 672 3067 vv.
688 3029 811 3082 000000-
848 3021 972 3084 repetere
990 3017 1120 3070 solebant.
1141 3047 1168 3056 -
1181 3021 1375 3072 Naaaoutaco·

282 3095 321 3145 440
336 3106 426 3144 000000.
463 3093 536 3144 «Non
557 3091 658 3144 desinis
678 3092 811 3143 contraria
847 3094 900 3160 000]
923 3095 1158 3147 Wachsmuthium
1174 3095 1338 3161 (4400000000
1352 3099 1372 3150 1.

284 3171 321 3222 ita
342 3180 521 3233 componere,
547 3169 578 3219 ut
594 3180 610 3217 0
628 3166 737 3233 regiona
760 3165 812 3217 sibi
849 3183 876 3234 p.
894 3169 972 3232 000),
991 3171 1119 3234 Langium
1136 3173 1163 3222 04
1174 3171 1320 3223 oblim-ium
1333 3185 1375 3224 00-

284 3246 406 3312 opposita
423 3245 512 3296 04040»
530 3247 560 3296 04
576 3245 683 3306 Graeci,
702 3242 735 3295 da
749 3241 813 3293 0000-
850 3245 927 3296 cutus
944 3247 1034 3311 recepi
1051 3245 1195 3298 lectionem
1213 3247 1298 3299 codd.
1311 3247 1373 3312 aliq.

284 3321 391 3390 piapen
412 3314 484 3384 ἡμῖν
501 3318 536 3368 04
554 3317 615 3380 titos
636 3312 811 3383 (ἀντίθετοι).
850 3321 878 3370 04
894 3318 960 3370 Edd.
984 3321 1048 3370 vett.
1068 3319 1101 3383 (v.
1120 3321 1201 3384 Cruq.
1221 3323 1249 3372 04
1270 3323 1374 3386 Fcam).

286 3395 393 3448 lucian.
419 3391 520 3458 catapl.
540 3392 580 3445 44,
602 3421 629 3430 -
656 3392 811 3458 0000000000]
851 3395 923 3445 «lam
947 3392 1030 3444 redeo
1055 3393 1089 3443 ad
1114 3396 1275 3447 sententiam
1302 3397 1376 3449 initio

285 3470 360 3523 velut
381 3467 556 3533 gladiatorum
576 3479 634 3532 par.
653 3468 706 3518 sat.
726 3469 756 3530 4,
780 3468 811 3528 7,
850 3469 930 3520 huius
950 3468 1048 3519 satirae
1073 3470 1252 3534 propositam,
1281 3485 1297 3522 a
1322 3485 1376 3537 qua

286 3547 328 3597 00.
350 3571 377 3582 -
396 3545 459 3596 0000
473 3547 528 3593 0040
549 3547 573 3594 40
593 3542 658 3608 tien]
677 3543 815 3596 contrahit
851 3545 987 3608 digressus
1003 3555 1078 3604 eum,
1105 3546 1134 3595 ut
1151 3556 1213 3595 cum
1230 3557 1311 3596 avaro
1331 3557 1377 3598 aa·

287 3621 366 3672 haec:
387 3621 461 3670 «Non
479 3629 542 3669 cum
553 3630 664 3670 avarum
681 3632 732 3683 ego
751 3621 814 3670 vato
851 3631 942 3671 reram
959 3617 1132 3682 colloquium,
1152 3633 1184 3670 ex
1196 3633 1250 3684 quo
1266 3622 1325 3685 ipso
1336 3633 1379 3672 aa·

288 3697 315 3746 40
337 3691 408 3755 fleri,
435 3695 578 3758 propterea
600 3692 658 3744 0004
681 3695 708 3745 40
734 3694 815 3746 iubeo
851 3695 897 3754 440,
915 3697 945 3744 04
962 3693 1068 3758 opinor,
1093 3692 1180 3745 elucet
1199 3707 1311 3747 avarum
1328 3709 1379 3748 00·

288 3781 432 3834 vappam.»
453 3795 480 3805 -
501 3781 614 3832 vappaan
630 3795 645 3806 -
661 3782 693 3820 00
713 3769 816 3822 000040-
852 3769 954 3820 minem
971 3780 1001 3818 00
1022 3766 1153 3832 probare,
1178 3769 1205 3820 id
1222 3772 1277 3832 004,
1302 3771 1378 3822 recta

288 3844 353 3907 0000]
373 3845 425 3894 sat.
440 3843 469 3904 4,
486 3845 516 3905 0,
536 3843 579 3896 4οε
597 3843 817 3908 4000400000ρο
853 3856 883 3894 00
900 3844 991 3893 unere
1008 3843 1127 3894 indicare
1144 3845 1268 3908 adeoque
1284 3845 1380 3896 00004-

289 3918 648 3984 4000044000400000040040.
669 3919 818 3971 «8004000-
854 3919 1165 3970 040000000004004040
1177 3931 1264 3969 0000.»
1294 3920 1381 3971 lit-u

290 3993 424 4044 marcrad
441 3993 623 4060 0044044400.»
650 3993 715 4050 Plin.
735 3995 765 4046 ll.
784 3995 815 4045 N.
850 3993 939 4058 000004
959 4006 1009 4058 pro
1031 4005 1122 4045 aecus.
1141 4005 1204 4045 cum
1224 3993 1328 4058 influit..
1350 3999 1380 4048 ut

292 4068 337 4128 44,
358 4068 404 4129 00,
424 4068 472 4118 aa:
502 4069 593 4120 Vittcrn
613 4073 694 4119 000040
715 4068 818 4132 gudw-
854 4067 994 4130 sacca,
1014 4069 1076 4120 tto:
1094 4069 1379 4132 Nacoiccatratioicc,

292 4143 352 4194 dom
367 4143 395 4193 40
411 4144 472 4194 40040
490 4143 582 4194 iterum
599 4149 686 4207 tpoatc
705 4143 816 4208 4000000,
853 4144 1000 4194 4004000000
1022 4147 1052 4193 ct
1074 4149 1160 4206 000004
1183 4147 1235 4196 cet.
1263 4146 1317 4197 Cic.
1345 4145 1380 4196 de

292 4230 345 4280 000
360 4219 506 4269 0040044040
522 4219 616 4282 deperit
634 4233 714 4282 00000
736 4231 818 4281 000-
855 4219 927 4271 0400.
945 4222 975 4281 a,
993 4219 1040 4282 00,
1061 4220 1107 4270 78:
1136 4223 1158 4272 04
1183 4221 1273 4274 Stoicis
1292 4235 1381 4274 00000-

291 4307 410 4357 000000
433 4295 525 4358 accipit
542 4306 645 4355 000000,
666 4293 818 4358 protractas
855 4294 1190 4363 ‹liamcirtau--emcioa
1219 4299 1298 4348 Com.
1311 4296 1378 4362 Nep.
