3192 4974
648 423 709 473 nin.
727 422 747 472 1.
782 421 881 473 srisr.
900 422 930 472 v.
1270 418 1332 485 ηρ

290 585 459 651 Contracta
481 600 579 668 σοον]
601 601 665 646 non
688 579 720 644 in
742 587 931 667 paupertate
956 576 1121 648 solutum?
1290 577 1332 645 20

289 708 378 772 liaeo
399 725 461 791 ego
483 722 660 790 procurare
685 711 718 768 et
738 699 876 768 idoneus
897 700 1040 788 imperor
1063 710 1096 767 et
1116 719 1180 766 nan
1375 667 1377 672 ¹

291 827 425 903 invitus
449 845 491 892 na
513 835 607 912 turpe
629 822 725 900 toral,
748 843 790 890 ne
813 821 945 889 sordida
966 841 1084 910 mappa

290 950 447 1036 Corruget
468 967 579 1022 nares,
603 965 644 1014 ne
667 965 732 1012 non
753 955 785 1012 et
807 943 979 1012 cantharus
1001 953 1033 1011 et
1054 942 1128 1010 lanx

289 1071 447 1140 Ostendat
468 1069 524 1135 tibi
548 1077 594 1145 te,
617 1087 659 1134 ne
681 1066 764 1134 lidos
787 1067 870 1133 inter
890 1065 1012 1132 amicos

312 1318 353 1369 23.
371 1318 443 1368 naris
460 1318 489 1367 C.
511 1343 537 1353 -
556 1327 602 1367 aar
617 1328 667 1366 aaa
683 1313 722 1365 bd
739 1315 767 1364 et
783 1325 851 1365 corr.
871 1325 895 1362 o.

246 1537 297 1587 hoc
314 1533 452 1585 dumtaxat
462 1531 521 1583 loco
532 1534 560 1583 et
570 1531 642 1595 apud
654 1531 709 1581 Cia.
722 1541 770 1594 pro
807 1528 921 1579 amiam
933 1529 1007 1580 libor
1017 1541 1122 1592 amaa,
1140 1542 1217 1591 quam
1226 1529 1333 1581 malma

246 1609 367 1662 Cluentio
385 1609 431 1671 37,
451 1607 508 1660 tal.
538 1607 651 1672 (addocti
666 1604 769 1669 iudicer)
807 1603 894 1654 iwaai
913 1604 948 1653 Ta
963 1617 1073 1666 manaae
1088 1604 1154 1654 solas
1169 1618 1267 1655 camna
1283 1606 1332 1655 ad·

245 1687 386 1752 reperitur.
412 1711 440 1720 -
463 1683 581 1745 amau]
604 1681 720 1747 «copiosi
743 1683 771 1731 et
807 1678 846 1728 aa
859 1679 982 1740 paupert:
1006 1679 1107 1743 lagereio
1124 1681 1189 1730 dara
1209 1679 1262 1730 lana
1277 1685 1333 1730 tor·

245 1761 425 1820 abundantes,
444 1759 489 1823 qui
507 1769 645 1822 sempera
661 1757 770 1822 pincer-
806 1758 917 1804 meatum
933 1754 1061 1814 σώσουσι,
1085 1754 1237 1816 Suppeditaa
1257 1767 1333 1806 msa

245 1837 286 1888 nis
307 1833 488 1900 repleantur.»
520 1831 609 1883 Altera
631 1830 770 1895 explicatio
806 1827 909 1890 iamai,
927 1827 1014 1877 timido
1025 1829 1170 1878 audaciam.
1200 1827 1332 1881 Obbarius

245 1911 377 1962 «bibentis
395 1909 530 1972 ingenium
548 1903 769 1958 iecundumred-
807 1902 885 1953 ailert
900 1901 1003 1968 lepidos
1020 1902 1148 1953 Varronis
1159 1915 1255 1954 versus
1272 1904 1330 1968 Frg.

245 1987 355 2038 dentes»
372 1984 478 2035 videtur
493 1985 572 2033 nimis
589 1981 666 2045 longe
681 1993 770 2031 arces-
806 1991 833 2042 ρ.
853 1977 911 2028 272.
932 1977 988 2040 Blp.
1011 1989 1043 2026 ex
1066 1977 1151 2027 Nonio
1174 1989 1200 2042 p.
1221 1978 1262 2028 28.
1285 1978 1330 2030 lia

244 2064 303 2114 sita.
334 2064 403 2112 Sane
426 2059 543 2112 Maccius
562 2055 666 2108 Anthol.
684 2054 766 2108 Palat.
809 2053 870 2102 Vino
885 2051 947 2101 allii
963 2050 1331 2113 qadqmmiuaatdtarclam

243 2138 275 2189 ll.
292 2150 318 2203 p.
337 2135 393 2188 tta.
413 2135 479 2186 dixit
495 2127 661 2200 εὔγλωσσον
671 2159 687 2170 -
698 2159 713 2170 -
725 2126 769 2182 ol-
805 2127 857 2176 Hoc
874 2125 1057 2190 aegritudinem
1074 2125 1109 2175 ad
1124 2127 1272 2176 medendam
1289 2125 1332 2176 la-

243 2227 308 2274 νον,
336 2211 385 2263 sed
410 2210 436 2262 b.
460 2208 478 2260 l.
499 2209 614 2260 duorum
640 2205 769 2258 Codicum
805 2205 939 2260 ommim
956 2200 1008 2250 Hac
1024 2199 1161 2250 hilaritatis
1177 2199 1248 2250 dulce
1261 2200 1332 2250 serni-

243 2287 443 2339 ilonacensium
466 2286 494 2334 et
516 2284 630 2334 duorum
651 2282 768 2333 Pottierii
806 2276 924 2336 numiam
939 2275 1110 2326 Haccoatinet
1126 2275 1332 2338 οοοριιιωιεοιι-

243 2362 276 2426 (i.
303 2362 337 2425 7.)
363 2360 442 2412 lectio
466 2359 570 2423 facundi
596 2356 768 2409 intolerabilis
805 2353 883 2402 abia.

243 2437 317 2487 esset
333 2434 474 2498 tautologia
486 2447 548 2484 cum
559 2447 585 2483 v.
595 2434 723 2483 dantum.
738 2459 766 2468 -
838 2427 928 2478 tt-st.
957 2438 1003 2490 ιρο
1017 2423 1167 2490 procurare]
1184 2425 1241 2494 linc
1252 2423 1329 2476 dicit:

243 2510 386 2575 domnola]
406 2512 491 2572 «arta,
509 2510 648 2572 angusta.»
673 2509 766 2558 Scaou.
807 2515 866 2552 «me
887 2503 945 2567 ipso
962 2501 1129 2564 inspectante
1146 2513 1242 2552 servus
1259 2503 1332 2552 stru-

243 2584 282 2637 Gi.
304 2584 352 2636 0d.
374 2584 403 2646 3,
429 2584 460 2645 2,
488 2584 511 2632 i.
533 2582 696 2644 -solattan1
718 2579 767 2631 «ab
806 2581 864 2628 otor
883 2589 1021 2636 mensam,
1048 2578 1078 2626 ut
1098 2574 1189 2638 dccet,
1217 2588 1333 2640 appara-

243 2659 367 2712 omuibus
390 2657 440 2710 illis
457 2659 534 2722 quasi
554 2655 680 2718 uinculis,
708 2656 769 2720 qui-
806 2651 876 2702 bit.»
909 2649 1011 2701 Pendet
1033 2651 1125 2700 autem
1146 2661 1172 2699 v.
1188 2661 1333 2711 procurare

241 2736 295 2788 bus
311 2747 393 2786 aurae
405 2747 454 2785 nos
466 2735 605 2784 onerant.»
634 2733 769 2795 Bancpo-
806 2729 834 2777 et
861 2738 876 2774 a
903 2737 931 2775 v.
960 2725 1063 2774 idcircor
1091 2723 1139 2786 lad
1167 2723 1332 2788 providenda

242 2813 285 2863 tus
311 2811 383 2862 enim
408 2807 555 2868 malorum,
583 2805 681 2871 quibus
703 2803 768 2855 alias
806 2799 908 2859 omnia,
930 2794 1091 2861 ἐπιτήδειος
1111 2797 1288 2861 οἰκονομεῖν)
1306 2797 1333 2846 et

242 2887 385 2950 premitur,
406 2884 528 2935 omnium
545 2880 717 2932 obliviscitur.
739 2907 766 2916 -
806 2887 866 2924 av.
878 2873 999 2934 imperor.
1021 2895 1048 2906 -
1067 2871 1188 2933 imperor]
1206 2872 1329 2932 «omnia,

244 2961 289 3012 av.
306 2965 457 3025 paupertate
477 2961 513 3009 ita
531 2958 649 3022 positum
667 2957 720 3015 est.
739 2956 769 3004 ut
806 2963 875 3014 quaa
893 2947 1006 3011 requirit
1024 2946 1088 2996 bani
1106 2959 1138 2996 sc
1159 2944 1221 2996 laeti
1239 2946 1333 2996 convi-

242 3035 321 3087 simul
338 3034 373 3086 ad
388 3034 557 3100 participium
573 3031 705 3095 pertineat
726 3041 768 3078 so-
806 3024 905 3074 vatorls
922 3021 1050 3080 cilicium,
1076 3033 1125 3083 ego
1147 3020 1267 3083 proiecto
1285 3033 1332 3072 ac-

243 3104 768 3176 lutumpmlapaapertoteralatreapaa-
807 3099 898 3147 aurate
915 3094 1072 3161 praestabo,
1099 3091 1180 3144 veluti
1203 3095 1225 3145 si
1249 3093 1330 3156 alius,

239 3191 363 3250 petato.»
381 3186 501 3237 Diuersa.
522 3179 679 3238 almatius,
692 3179 766 3241 puto,
806 3173 849 3222 cui
866 3173 908 3222 ius
925 3171 997 3222 esset
1013 3181 1058 3220 ma
1075 3166 1137 3219 talia
1154 3167 1279 3230 iubendi,
1304 3168 1332 3219 id

243 3259 516 3325 absoluteaccipltur,
529 3254 677 3306 utestcic.
691 3253 767 3302 verr.
806 3260 850 3298 me
873 3246 962 3296 iacere
985 3244 1133 3296 iussisset·
1168 3243 1250 3294 Nobis
1273 3245 1329 3294 est:

244 3337 338 3386 docus.
356 3335 385 3396 2,
410 3335 456 3394 aa,
483 3331 544 3382 ⁴85:
572 3329 657 3379 aniam
673 3339 769 3389 seraper
806 3322 845 3372 iol
861 3322 924 3371 lassa
934 3318 1146 3370 semicinctiam.
1175 3319 1333 3370 locosehoc

243 3411 342 3461 solato
367 3410 492 3472 liberoque
515 3410 580 3457 erat.
609 3429 637 3440 -
664 3401 768 3452 Similes
807 3396 857 3446 dici
876 3395 959 3446 cuivis
979 3393 1150 3450 manifestum
1172 3395 1221 3444 est.
1252 3394 1333 3444 Cete-

242 3484 317 3536 loaos
329 3485 363 3536 de
379 3485 434 3534 vini
450 3479 593 3534 virtutibus
604 3478 657 3528 vid.
671 3477 706 3528 sd
718 3475 766 3527 0d.
806 3485 867 3522 rum
896 3472 1008 3532 imperor
1034 3481 1084 3533 pro
1109 3469 1251 3531 imperatur
1271 3468 1333 3518 mai

244 3561 272 3624 3,
288 3562 331 3613 st.
361 3557 481 3624 Diphilus
498 3556 570 3622 apud
587 3556 682 3606 Athen.
697 3555 721 3613 2,
735 3554 766 3602 2:
806 3547 870 3598 dixit
886 3560 919 3596 cx
936 3543 1128 3596 consuetudine
1147 3547 1247 3594 Graeca
1259 3544 1287 3592 et
1298 3541 1333 3593 ad

239 3627 275 3686 Ὦ
291 3633 364 3686 πᾶσι
387 3640 449 3698 τοῖς
472 3627 618 3705 φρονοῦσι
642 3643 769 3700 προσφι-
806 3621 954 3686 analog'am
971 3634 996 3671 v.
1015 3619 1110 3670 iubeor.
1141 3618 1223 3669 Cin.
1242 3619 1270 3668 Ρ.
1284 3617 1330 3666 56:

243 3709 360 3762 λέσιοιιε
384 3706 507 3760 Διόνυσε
532 3705 581 3756 aal
607 3701 768 3767 σοφώταθ’,
805 3698 926 3748 invideor.
942 3723 968 3732 -
982 3700 1054 3756 carpo
1071 3691 1146 3757 toral]
1158 3691 1217 3742 vid.
1231 3689 1265 3740 ad
1277 3691 1329 3740 Sat.

244 3781 284 3850 ὥς
300 3779 372 3851 ἡδύς
388 3798 431 3846 ιις
448 3779 487 3844 al,
499 3777 549 3844 Ὃς
565 3775 618 3831 τὸν
633 3773 769 3830 ταπεινὸν
806 3775 836 3834 2,
855 3771 883 3833 i,
901 3770 947 3822 ut:
966 3770 1049 3819 inlato
1066 3767 1168 3818 laralia.
1185 3793 1211 3802 -
1228 3765 1332 3828 mappa]

244 3862 318 3928 μέγα
335 3861 454 3931 φρονεῖν
471 3859 564 3918 ποιεῖς
579 3851 685 3921 μόνος,
710 3847 768 3904 Τὸν
808 3847 846 3898 Cl.
860 3847 913 3896 Sal.
926 3846 957 3904 2,
971 3843 1002 3903 8,
1016 3843 1056 3892 63,
1070 3869 1096 3879 -
1111 3838 1240 3903 emanat]
1254 3840 1333 3899 Quin-

244 3931 296 3999 τοὶς
307 3932 401 4006 ὀφρῦς
411 3930 531 4004 αἴροντα
541 3929 711 3995 συμπείθεις
721 3941 769 3994 γε-
808 3923 844 3974 til.
858 3923 902 3984 lt,
921 3921 951 3982 3,
970 3919 1016 3969 8οι
1035 3916 1146 3966 Naribus
1162 3915 1310 3977 labrisque-
1321 3939 1333 3952 ·

244 4007 309 4079 λᾷν,
334 4008 392 4060 Τόν
414 4010 437 4058 τ’
459 4001 571 4071 ἀσθενῆ
593 3999 705 4070 τολμᾷν
726 4015 768 4064 τι,
807 3997 915 4058 ἀνήσω,
932 3996 1098 4054 cosmopeia,
1115 3989 1246 4053 fastidium
1256 3989 1333 4054 dpati-

244 4083 295 4137 νὸν
311 4079 405 4136 δειλὸν
422 4078 548 4155 θρασύν·
573 4093 643 4144 quae
665 4078 770 4128 Grotius
805 4072 880 4138 dean
896 4069 963 4120 aaut.
997 4067 1065 4116 Nam
1081 4069 1105 4114 et
1121 4077 1265 4128 corrugare
1283 4075 1333 4115 na-

245 4161 393 4212 Horatianis
409 4157 500 4208 verbis
518 4167 583 4207 usus
600 4155 639 4206 sio
656 4153 681 4203 in
700 4152 770 4202 Lati-
807 4160 865 4208 res,
888 4149 917 4194 at
932 4141 1052 4192 Horatius
1068 4139 1118 4199 ait,
1140 4143 1164 4189 et
1179 4139 1271 4204 lallare
1286 4165 1301 4176 -
1317 4163 1333 4174 -

246 4249 310 4287 num
328 4235 459 4286 conuertit
475 4231 597 4294 Excerpt.
611 4231 653 4279 Tr.
666 4241 693 4292 p.
706 4227 767 4277 797:
807 4222 952 4272 indecorum
972 4219 1015 4266 ost.
1037 4242 1064 4251 -
1083 4227 1114 4264 ae
1134 4227 1185 4264 aaa
1206 4213 1269 4278 cet]
1288 4213 1333 4262 «ut

246 4313 340 4362 tiuare
355 4310 454 4373 sapim
470 4321 500 4358 σο
516 4305 606 4356 melta
620 4299 771 4367 sapientibus
807 4293 903 4363 pocula
914 4294 942 4343 et
952 4291 1058 4357 patinae
1066 4291 1256 4354 argenteorum
1267 4300 1333 4353 spo·
