3156 4972
255 421 319 488 266
636 417 765 472 ilOiiATii
783 415 964 468 sarmtutttt

298 577 483 647 Accedam?
505 596 546 644 an
570 575 676 664 potius
698 573 835 642 mediter
855 571 948 638 finire
971 569 1127 638 dolores?

300 699 458 780 Exclusit;
481 707 625 765 revocat:
649 696 806 764 redeam?
828 698 917 773 Non,
941 694 969 760 si
991 692 1151 760 obsecret.
1176 692 1259 759 iicce

302 823 423 889 Servus
444 841 509 888 non
531 818 628 908 paulo
651 817 840 906 sapientior:
865 819 893 885 0
916 816 1012 893 bere,
1035 834 1121 902 quae
1144 833 1197 880 res
1282 812 1345 880 265

298 946 365 1011 Nec
383 942 514 1010 modum
526 940 623 1009 habet
637 961 744 1028 neque
771 936 956 1016 consilium,
979 937 1102 1004 ratione
1116 934 1279 1022 modoque

299 1064 439 1134 Tractari
451 1085 514 1131 non
526 1063 600 1130 voit.
643 1063 678 1130 ln
693 1081 804 1128 amore
815 1060 897 1128 baec
911 1068 985 1128 sunt
996 1055 1096 1136 maia,
1117 1055 1255 1134 bobum,

301 1189 365 1255 Pax
387 1207 530 1254 mrsum:
552 1185 635 1253 haec
656 1185 684 1251 si
707 1183 781 1271 quis
802 1181 1000 1270 tempestatis
1022 1199 1125 1269 prope
1147 1179 1209 1246 ritu

303 1307 433 1376 Mobilia
454 1317 486 1374 et
507 1325 606 1376 caeca
627 1305 783 1372 fluitantia
805 1313 892 1372 sorte
914 1301 1040 1372 laboret

303 1430 452 1500 Reddere
474 1438 563 1498 certa
585 1428 660 1507 sibi,
684 1425 782 1494 nihilo
804 1424 878 1515 plus
900 1423 1051 1513 explicet,
1076 1443 1115 1492 ae
1136 1424 1164 1490 si
1286 1423 1349 1490 270

245 1631 247 1634 ,
303 1553 448 1622 insanire
470 1560 564 1640 paret
584 1560 674 1619 certa
696 1550 820 1617 ratione
841 1546 1015 1636 modoque.

326 1733 384 1784 464.
403 1732 514 1784 04404404
532 1745 559 1796 p.
581 1757 608 1766 -
626 1730 684 1782 265.
702 1743 743 1780 ere
759 1730 785 1779 S.
809 1756 836 1768 —
858 1729 915 1778 270.
936 1733 1019 1790 certo,
1046 1727 1092 1778 sibi
1108 1727 1184 1780 44444440
1200 1727 1263 1780 LCt.
1287 1755 1314 1763 -

294 1808 352 1860 444.
364 1813 487 1859 emutare.
513 1807 597 1868 444440,
615 1807 734 1868 taquam,
752 1803 854 1855 iicttcda
870 1805 938 1866 tet,
957 1800 1105 1866 Bentleius,
1129 1804 1161 1854 FJ
1171 1819 1176 1853 :
1202 1807 1318 1854 44444040

263 1979 334 2029 04444
345 1977 464 2041 praestat
475 1975 580 2028 Codicis
592 1976 610 2025 S
621 1973 787 2034 indicativus,
826 1971 882 2022 tea.
901 1996 929 2008 -
943 1983 1020 2033 penes
1036 1971 1067 2036 te]
1086 1973 1147 2022 4404
1164 1971 1190 2022 40
1206 1973 1350 2036 potestate,

263 2064 345 2116 quem
361 2047 494 2102 Bentleius
517 2049 714 2101 restituendum
737 2047 790 2098 du·
826 2059 907 2098 sanae
924 2046 1049 2096 mentis.»
1068 2072 1096 2083 -
1114 2045 1183 2110 seris]
1202 2059 1281 2098 «cum
1297 2048 1352 2099 iam

262 2127 301 2178 xit
327 2125 423 2174 0044440
441 2125 529 2176 invitis
546 2123 738 2174 membranis.»
759 2148 787 2158 -
825 2119 930 2172 vetulus
946 2119 1040 2184 baiba,
1062 2123 1092 2171 ut
1107 2119 1351 2182 solentamatores,

264 2201 373 2260 044444,
393 2211 458 2262 quae
474 2198 790 2263 roscetidpud'leren-
824 2194 909 2246 verbu
933 2195 1062 2259 0404444.»
1098 2194 1273 2260 4444044430,
1298 2209 1353 2248 000

265 2278 332 2328 44004
358 2276 489 2325 Parmeno
519 2286 615 2324 servus
641 2273 675 2324 ad
703 2273 791 2322 Phae·
826 2272 898 2323 enirn
915 2270 998 2322 verba
1014 2270 1102 2335 palato
1120 2271 1197 2332 ieris,
1224 2271 1273 2322 sed
1289 2285 1353 2322 ver-

264 2351 364 2402 driam:
391 2349 471 2410 llere,
490 2362 555 2410 quaa
570 2361 611 2399 ree
627 2349 655 2398 444
671 2361 695 2398 44
712 2359 790 2408 nequa
826 2345 868 2396 bis
885 2344 972 2396 balbis
997 2344 1124 2409 palatum.
1154 2348 1228 2397 Pers.
1248 2348 1276 2406 4,
1301 2345 1351 2396 ³5:

264 2424 395 2476 4044444040
412 2437 491 2485 neque
502 2424 604 2472 medum
613 2423 692 2474 Habet
701 2422 789 2482 aliurn,
826 2435 857 2472 04
875 2426 958 2472 moero
980 2421 1126 2483 supplantat
1145 2421 1223 2472 uerba
1236 2421 1353 2483 peleto.»

265 2512 322 2550 eum
335 2498 445 2562 ¹covasilio
467 2511 554 2561 repere
578 2511 628 2548 44444
649 2501 727 2560 potet.
762 2497 792 2546 in
828 2497 1012 2553 (4044041404.
1047 2498 1104 2546 Non
1130 2497 1172 2546 est
1195 2495 1352 2560 hypallage,

265 2573 429 2624 0040444044
445 2574 531 2624 44444440
548 2575 632 2623 ineunt
646 2572 724 2622 oilie:
749 2571 792 2620 444-
827 2582 909 2634 quarn
942 2573 1051 2630 vocant,
1089 2571 1181 2622 44444040
1211 2570 1253 2621 iiia
1285 2571 1356 2634 facab

265 2649 362 2710 iuriac,
380 2648 549 2710 Suspiciones,
572 2648 732 2708 4444044444404,
751 2647 793 2694 444-
828 2645 1006 2708 grammaticis
1029 2658 1138 2708 0444040,
1165 2645 1215 2698 sed
1236 2647 1289 2696 hoc
1311 2645 1355 2694 di-

266 2725 363 2786 44444404,
376 2723 485 2784 Battum,
495 2736 553 2784 pun
563 2735 679 2771 nunna:
696 2723 794 2771 44444440
829 2721 876 2770 444;
905 2717 1050 2772 «feriuntur
1067 2721 1144 2784 quasi
1166 2719 1264 2782 verba,
1290 2732 1354 2770 cnm

266 2800 327 2850 ituec
342 2803 371 2848 tu
386 2797 530 2860 sipostutes
545 2798 649 2848 4444440444
665 2801 735 2847 carto
750 2796 794 2860 se·
830 2793 943 2859 apaiuto
951 2797 1167 2859 repercutiuntur
1177 2796 1281 2860 hacque
1294 2807 1356 2860 pro·

266 2887 336 2936 cere,
360 2873 437 2922 44444440
455 2873 515 2935 pitu
531 2886 595 2936 apes
611 2874 694 2935 Quum
710 2872 731 2920 si
753 2871 795 2920 des
829 2869 991 2920 nuntiatione
1013 2869 1135 2921 affectata
1156 2884 1237 2922 sonus
1258 2883 1355 2922 eorum

268 2961 385 3011 04040444,
403 2952 432 2996 444
448 2961 506 2998 cum
521 2949 620 2998 ratione
636 2948 791 2997 4444044404-
831 2943 1008 2995 debilitatur.»
1038 2971 1065 2982 -
1091 2945 1241 3010 aedificante
1265 2945 1355 3011 40404]

268 3021 381 3086 aapiicet]
401 3034 461 3084 «aa,
480 3035 548 3085 quae
569 3023 689 3073 intricata
706 3023 793 3080 40444
831 3019 870 3070 Cl.
883 3032 909 3067 v.
922 3017 980 3069 tit.

270 3095 348 3147 «nibil
361 3097 499 3160 expedint,
517 3097 663 3161 proficiat..
691 3098 746 3149 Cic.
760 3095 794 3146 nd
862 3093 1183 3146 275.276.Addacruornt
1191 3095 1355 3157 eet.]«ddtle

269 3174 341 3224 Fam,
355 3172 383 3234 3,
402 3173 432 3234 a,
452 3173 479 3222 t:
495 3175 795 3236 procinctam-qnam
831 3166 910 3218 stulto
936 3170 981 3218 tuo
1007 3170 1091 3218 amori
1119 3170 1190 3222 444444
1215 3172 1355 3230 44000444,

268 3249 380 3310 mummia
402 3249 462 3298 milti
485 3253 573 3311 uptam
595 3250 796 3311 annuentemque
832 3242 924 3306 quales
946 3243 1014 3294 inter
1037 3243 1133 3296 4404404
1156 3247 1218 3296 04444
1241 3243 1356 3296 solent.»

269 3324 377 3374 44044444.
398 3349 425 3358 -
444 3322 483 3386 04]
502 3323 576 3374 conl.
590 3325 673 3389 Epod.
688 3326 733 3403 ii,
752 3323 792 3375 44.
831 3321 870 3370 De
888 3321 987 3377 040444,
1006 3333 1087 3383 quarn
1104 3323 1208 3372 4044404
1223 3320 1274 3372 eibi
1298 3322 1356 3385 ipse

180 3416 187 3431 ⁸
270 3401 323 3450 Sat.
338 3397 367 3456 4,
386 3397 414 3458 4,
434 3397 490 3447 teo.
832 3395 993 3456 consciscat,
1012 3393 1094 3446 nolim
1110 3397 1278 3461 interpretari
1293 3407 1358 3446 cum

302 3469 424 3522 iii-iii.
446 3470 549 3534 Picenis]
563 3472 593 3522 in
611 3473 706 3522 Piceno
726 3473 796 3536 epti·
832 3471 982 3532 Boettigem
1010 3471 1107 3533 opusc.
1134 3473 1153 3522 i.
1183 3485 1210 3537 p.
1237 3473 1294 3522 att.
1327 3498 1356 3509 -

270 3559 314 3598 mn
342 3545 399 3609 pira
428 3546 455 3595 et
485 3557 566 3608 poma
592 3546 795 3609 proveniebant.
832 3545 914 3608 ignaru
921 3543 1006 3607 giudic
1014 3543 1074 3608 scri
1084 3545 1290 3608 Pythagoricum
1299 3549 1359 3596 arat

271 3622 366 3682 sate,
385 3618 413 3680 i,
432 3620 473 3668 to.
500 3621 591 3670 iuven.
606 3622 651 3682 44,
671 3620 719 3672 tt:
747 3622 797 3673 Aa·
832 3616 1001 3682 symbolum:
1019 3615 1359 3690 nippaxatpppriexa-

269 3697 340 3748 4444440
359 3694 455 3746 Picenis
477 3700 500 3744 44
521 3696 605 3745 odoris
624 3696 695 3746 444040
710 3711 797 3748 444444-
833 3689 924 3744 ladam
952 3693 1068 3756 (Diogen.
1088 3697 1174 3746 40444.
1198 3697 1229 3757 8,
1257 3695 1287 3745 tt
1314 3707 1357 3758 sq.

271 3773 310 3823 tis.
325 3798 353 3808 -
367 3769 615 3834 percutiticoni.v.
630 3771 686 3822 teo.
701 3773 796 3822 -ioci
832 3770 926 3822 athen.
946 3769 976 3820 X.
998 3769 1055 3820 tea.
1083 3770 1131 3835 d.);
1157 3783 1211 3836 quo
1234 3771 1360 3823 iioratius

272 3859 352 3898 40444
379 3848 500 3896 amantes
527 3857 669 3909 pomorum
694 3848 797 3898 semina
833 3847 973 3909 negatione
989 3843 1094 3898 sublata
1111 3847 1145 3898 ita
1162 3843 1258 3909 utitur,
1280 3851 1359 3914 quasi

272 3921 325 3973 ude
348 3920 462 3972 duorum
484 3921 632 3985 primorum
655 3921 798 3984 digitorum
834 3919 916 3971 dicat:
942 3920 1034 3971 uturba
1052 3924 1080 3972 44
1102 3924 1235 3986 permisce
1252 3925 1357 3984 004444,

273 4007 431 4060 compressu
448 3998 475 4046 et
497 3996 612 4061 impulsu
635 3997 696 4048 idae
714 3997 741 4047 44
758 3997 798 4048 44-
834 3997 942 4048 insanos
959 3997 1063 4048 concita
1081 3996 1235 4048 bimaitan·
1249 4023 1278 4036 -
1289 4011 1362 4050 04404-

273 4069 467 4134 tumagebnnt,
482 4073 512 4120 04
523 4071 631 4134 4044,44
640 4072 743 4124 4044444
754 4071 798 4124 4444
833 4077 897 4122 ture.
926 4073 1015 4133 440440,
1042 4073 1158 4135 inquam,
1183 4073 1294 4138 Hellade]
1315 4075 1360 4126 Sic

275 4144 310 4196 ad
325 4158 455 4196 4040440444
467 4145 609 4208 (conclavis
625 4144 743 4211 laquear)
756 4161 799 4198 us·
834 4146 938 4198 distinxi
951 4159 1014 4198 eum
1025 4145 1142 4198 Bentleio
1153 4145 1274 4211 aliisque.
1300 4149 1363 4199 Ete-

276 4232 329 4284 que
352 4217 531 4282 4444440444οη4,
558 4220 674 4272 44044444
699 4223 798 4274 4040444
835 4223 903 4282 4440,
922 4223 1065 4286 postquam
1081 4235 1124 4272 vv.
1137 4222 1362 4275 444-2444440444-

275 4294 316 4346 444
338 4294 477 4358 augurium
494 4297 630 4360 caperent.
660 4295 750 4350 Pollux
763 4297 797 4360 9,
835 4297 902 4358 tiae,
924 4295 974 4347 sed
991 4298 1082 4348 tamen
1099 4299 1248 4352 4040400444
1265 4311 1361 4351 exem-
