3178 4972
284 450 347 516 518
650 447 778 497 nonulli
794 444 1016 501 Erisronnutttt

325 609 441 674 Coram
462 626 542 692 rege
566 623 626 670 suo
650 601 691 668 de
714 610 903 688 paupertate
926 608 1069 666 tacentes

217 700 223 710 ι
323 728 399 795 Plus
421 737 576 815 poscente
598 725 717 802 ierent3
740 722 852 798 distat,
877 741 1030 788 sumasne
1051 719 1226 808 pudenter,

323 853 370 916 An
392 849 509 936 rapias.
553 847 648 935 Atqui
671 867 781 913 rerum
803 857 899 934 caput
921 845 982 912 hoc
1004 853 1088 918 erat,
1112 843 1164 910 hic
1186 841 1265 910 lons.
1330 841 1372 906 la

323 971 466 1036 indotata
488 969 565 1034 mihi
589 989 683 1034 soror
705 977 769 1046 est,
793 966 993 1055 paupercula
1014 976 1118 1032 mater

323 1093 361 1158 Et
382 1090 500 1158 fundus
522 1110 583 1156 neo
605 1088 775 1155 vendibilis
798 1109 859 1155 neo
881 1107 1018 1176 pascere
1041 1086 1168 1162 firmus,

343 1336 385 1389 43.
402 1349 450 1386 suo
467 1347 481 1383 e
500 1333 565 1384 cod.
584 1334 704 1384 Pei-censi
722 1333 757 1393 (et
773 1311 835 1382 cum
858 1344 911 1382 une
935 1332 1073 1381 dumtaxat
1094 1331 1162 1380 leae
1184 1331 1265 1394 atque
1281 1343 1335 1380 uno

312 1411 436 1472 Pettieriil
455 1408 590 1469 Bentleius
607 1421 639 1458 ac
657 1421 678 1458 s.
699 1409 815 1470 (uanos,
834 1405 945 1466 lassad.)

281 1635 356 1684 verr.
370 1637 433 1684 Aoo.
446 1633 470 1694 3,
484 1634 525 1694 44,
539 1631 584 1682 53:
603 1633 675 1682 borno
686 1645 767 1681 mous
783 1636 806 1680 et
841 1629 993 1680 mercenarii
1000 1629 1147 1678 4444444444
1153 1629 1370 1678 memodsdmeon

278 1710 428 1770 industrius,
457 1708 684 1770 eepeieotissimue
699 1719 731 1756 oo
747 1706 805 1755 dili·
842 1705 978 1766 compium
995 1704 1217 1754 circumvolitantis
1227 1703 1316 1753 limine
1323 1717 1371 1766 po·

277 1782 541 1844 pentissimuserotor.
556 1781 630 1831 Ouid.
645 1781 750 1831 llleiam.
763 1779 803 1839 ll,
842 1780 977 1830 tentionem
1001 1791 1163 1842 somnumque
1184 1778 1250 1842 repis
1266 1779 1305 1828 sui
1321 1793 1370 1828 m-

279 1857 342 1905 tte:
361 1869 442 1906 eomes
458 1855 608 1918 sepelientis
627 1856 715 1904 illinet.
841 1855 953 1904 moribus
975 1855 1135 1918 4449444444ῑί4.
1160 1881 1187 1889 -
1212 1853 1287 1914 Atqui
1304 1853 1368 1916 cet]

311 1929 399 1982 it-tt.
419 1931 512 1980 Corum
532 1930 594 1991 cet]
613 1930 669 1979 lam
688 1926 806 1978 444444441-
842 1929 889 1980 Est
913 1923 1051 1999 ἀναφορὰ
1076 1927 1118 1978 vel
1142 1923 1247 1992 κλῖμαξ
1273 1941 1298 1977 ν.
1317 1928 1367 1979 38:

278 2007 311 2054 tis
331 2004 497 2069 praeceptis,
517 2017 586 2067 quae
604 2004 670 2054 dare
688 2004 803 2066 poterat,
840 2003 916 2063 Ateio
940 2003 979 2052 bio
1002 2008 1037 2052 est
1059 2004 1111 2053 cet.
1134 2027 1160 2038 -
1180 2015 1266 2052 rerum
1283 2001 1368 2066 caput]

277 2092 361 2144 pauca
391 2078 537 2143 quaedam,
567 2079 616 2129 sed
643 2078 803 2141 praecipua,
842 2079 946 2128 «Totius
959 2077 1070 2140 incepti,
1084 2075 1157 2140 quod
1170 2075 1216 2127 tibi
1228 2077 1369 2140 tantopere

279 2153 411 2216 (pudoris,
439 2153 600 2212 modestiae,
626 2151 802 2215 prudentiae)
841 2151 915 2202 cordi
933 2154 987 2212 est,
1011 2152 1083 2215 erigo
1100 2163 1132 2200 ac
1149 2150 1209 2202 finis
1225 2150 1369 2214 primarius

277 2229 363 2276 amico
390 2227 512 2277 inculcat.
548 2227 674 2276 Ceterum
698 2237 803 2276 summa
842 2227 911 2286 erat,
939 2228 966 2275 ut
984 2225 1152 2276 commodius
1169 2227 1291 2284 viveres,
1318 2237 1370 2275 au·

173 2311 176 2318 ¹
277 2313 340 2351 cum
357 2301 498 2351 testivitate
517 2300 636 2363 depingit
652 2301 678 2348 in
693 2299 735 2348 bis
747 2297 804 2348 vol·
841 2300 961 2350 ctoritate
974 2299 1121 2362 gauderes,
1141 2299 1265 2349 ditarere.
1284 2299 1369 2348 liuius

276 2376 380 2439 garium
405 2376 600 2425 assentatorum
624 2374 755 2424 inscitiam
772 2385 803 2420 ac
841 2377 930 2426 autern
943 2375 1040 2438 incepti
1054 2386 1197 2424 successus
1210 2374 1253 2422 tua
1267 2373 1292 2421 in
1305 2384 1369 2436 pru-

275 2449 449 2514 pravitetom,
478 2461 530 2512 qua
556 2449 679 2511 potentes
703 2447 803 2496 amicos
841 2447 931 2498 dentia
948 2450 1014 2499 situs
1026 2451 1081 2500 est:
1101 2461 1163 2498 nam
1179 2449 1201 2498 si
1213 2445 1367 2498 verecunde

276 2537 357 2586 saepe
375 2537 390 2572 4
406 2535 469 2572 vera
488 2521 602 2575 amicitia
620 2519 758 2584 repellant.
777 2547 800 2555 —·
840 2525 976 2587 acceperis
988 2525 1091 2588 patroni
1104 2523 1173 2572 dona
1187 2536 1238 2572 nee
1250 2521 1367 2572 mendici

274 2611 333 2662 repe
349 2596 402 2660 suo]
429 2597 533 2648 «amico
555 2609 604 2645 suo
627 2595 802 2658 potentiore»
819 2587 822 2646 ἔ
839 2597 924 2647 instar
948 2597 1119 2663 impudenter
1135 2597 1290 2661 poposceris
1308 2597 1367 2646 avi-

275 2677 305 2722 ut
322 2673 388 2736 Epp.
403 2674 412 2721 l
425 2710 430 2730 ,
445 2672 469 2728 7,
483 2671 523 2720 37-
552 2671 653 2720 Seneca
671 2669 705 2718 de
722 2670 799 2718 Brev·
819 2652 822 2715 i
839 2672 928 2736 deque
941 2675 1071 2737 rapueris,
1088 2671 1218 2737 quidquid
1230 2671 1368 2722 tibiollert

275 2747 424 2806 vitarem:
444 2745 803 2807 Dicquentumeeistotem-
819 2738 821 2788 Ι
840 2748 962 2808 occasio,
998 2746 1039 2798 ille
1071 2759 1180 2812 semper
1209 2747 1294 2810 magis
1318 2745 1367 2796 tibi

273 2835 335 2885 pore
347 2821 469 2881 creditor,
483 2825 605 2882 quantem
617 2821 710 2881 amica,
724 2817 821 2899 queo,
840 2821 953 2881 favebit,
980 2822 1053 2886 quod
1073 2822 1162 2886 ipsum
1178 2823 1226 2874 tibl
1244 2826 1284 2874 est
1302 2835 1368 2886 pro·

275 2901 328 2945 tem
344 2909 415 2955 reo,
434 2899 558 2956 quantum
574 2895 649 2944 eliens
664 2894 801 2944 obstubrit.
839 2897 971 2960 positum:
998 2900 1106 2958 contra,
1130 2898 1151 2948 si
1169 2895 1367 2948 inverecundus

275 2971 348 3019 Pers.
364 2971 387 3030 l,
402 2969 448 3018 67:
468 2971 495 3018 in
509 2969 625 3031 prandia
640 2981 736 3032 repom.
756 2969 804 3016 Le·
840 2973 867 3020 et
884 2972 960 3032 tagax
979 2971 1046 3031 eris,
1074 2969 1150 3020 brevi
1169 2975 1290 3036 tempore
1308 2971 1367 3022 lau-

274 3043 369 3093 ctionis
394 3056 458 3104 auo,
489 3055 571 3107 quam
597 3055 659 3092 cum
684 3041 802 3092 Bentleio
839 3047 926 3095 torem
945 3044 994 3095 abs
1011 3048 1038 3094 te
1056 3043 1211 3096 alienabis.»
1230 3046 1277 3094 vv.
1290 3051 1367 3108 ceput

275 3115 459 3180 praetulerunt
469 3117 800 3166 etiamliultmannuslirit.
838 3119 883 3168 boc
895 3119 1048 3169 referuntur
1060 3119 1094 3168 ad
1105 3131 1149 3168 vv.
1162 3120 1220 3169 Plus
1229 3145 1260 3156 ··
1269 3120 1364 3181 serem

274 3191 337 3240 Blbl.
352 3190 375 3250 3,
388 3190 411 3239 4,
425 3203 451 3253 p.
463 3189 520 3240 394.
535 3192 561 3239 et
570 3191 756 3240 Lachmannns
768 3188 802 3240 ad
838 3207 881 3242 vu.
894 3195 970 3243 distat
980 3219 1040 3253 -,--
1051 3195 1139 3255 rapies
1154 3207 1204 3259 per
1223 3189 1366 3260 ἐπεξήγη-

275 3265 379 3314 Lucret.
393 3263 417 3324 l,
431 3262 499 3323 ita,
519 3263 664 3314 admodum
679 3265 801 3326 exiguae
818 3281 820 3310 l
839 3283 886 3318 σιν
907 3269 1061 3332 interposita
1080 3271 1149 3318 sunt.
1179 3269 1273 3331 illinus
1290 3272 1365 3320 recle

274 3338 412 3389 codicibus
425 3341 467 3388 est
478 3339 630 3388 auctoritas.
656 3339 743 3400 Atque
758 3336 801 3387 vel
839 3341 880 3391 alii
891 3342 936 3392 lieo
947 3341 981 3392 ad
993 3355 1035 3391 vv.
1049 3355 1165 3392 mmeme
1174 3343 1298 3404 pudenter
1308 3345 1366 3392 ret-

273 3415 384 3477 propter
407 3423 503 3462 versus
526 3423 666 3462 caesuram
683 3414 803 3475 praestat
838 3415 974 3479 tulerunt.)
1012 3417 1093 3478 eaput
1109 3420 1199 3466 autem
1217 3419 1244 3467 et
1258 3417 1316 3481 sous
1331 3429 1366 3468 ex

273 3501 333 3549 4444,
353 3486 446 3537 idest:
461 3498 615 3549 ununquanr
627 3484 716 3536 locum
728 3483 801 3536 illum
838 3487 951 3540 formula
968 3491 1059 3540 Latina
1077 3492 1115 3541 sie
1129 3491 1273 3554 iunguntur
1284 3491 1365 3544 etlam

274 3573 447 3613 communem
465 3559 499 3610 de
517 3562 673 3628 paupertate
692 3563 718 3610 et
735 3559 803 3610 mul·
839 3562 911 3626 apud
929 3564 1087 3614 Ciceronem
1105 3564 1138 3614 de
1157 3565 1199 3614 0r.
1215 3567 1243 3626 l,
1260 3567 1303 3626 lii,
1316 3564 1362 3617 li:

274 3639 307 3688 tis
324 3637 457 3700 variisque
476 3635 534 3684 eius
550 3634 728 3684 incommodis
745 3637 803 3684 ten-
834 3636 1038 3698 pltilesopltorum
1060 3651 1159 3701 propes,
1186 3640 1241 3688 444444
1265 3637 1298 3687 eil
1322 3638 1365 3688 ille

274 3715 381 3775 gentes,
398 3712 427 3760 ut
438 3709 536 3759 iaciunt
549 3707 600 3770 alii,
613 3721 675 3772 que,
689 3709 711 3760 si
723 3709 799 3770 ierte,
836 3711 938 3773 fonteet
948 3713 1030 3773 eapite
1038 3712 1151 3762 Socrate.
1168 3740 1194 3749 -
1208 3713 1271 3774 erat]
1285 3714 1365 3762 etune

274 3786 359 3835 iautor
384 3783 511 3847 intelligat
537 3783 609 3847 ipsos
636 3796 743 3846 quoque
769 3785 800 3834 iis
837 3797 901 3835 cum
919 3784 1047 3836 sumebas
1063 3786 1209 3851 pudenter,
1227 3789 1308 3849 atque
1323 3787 1365 3837 eei

273 3860 359 3922 premi
384 3871 416 3908 ac
442 3857 612 3922 pauperculis
630 3859 723 3908 amicis
741 3860 800 3908 ton-
838 3860 1018 3911 etiamnunc.»

273 3933 337 3982 dem
349 3936 496 3990 succurrat,
511 3945 564 3984 non
576 3933 633 3983 sine
646 3934 724 3984 tacita
735 3947 801 3997 qua·
869 3933 959 3985 46-49.
986 3936 1104 3984 lodoloto
1121 3935 1183 3999 cet]
1207 3933 1364 3999 Exemplum

273 4007 336 4056 darn
348 4007 547 4070 contemptione
557 4019 589 4057 ao
599 4007 797 4071 despicientia.»
837 4008 1031 4074 impudentiae,
1051 4021 1120 4072 quae
1137 4009 1268 4060 beneficia
1286 4021 1365 4060 men-

274 4078 613 4142 ct.i³laut.stten.³‚2,t:
632 4083 798 4146 tomeooiido,
837 4082 908 4133 dicat
936 4097 950 4132 a
986 4087 1116 4148 patrono,
1146 4083 1235 4135 causis
1264 4082 1362 4144 allatis,

272 4165 350 4212 quom
370 4156 451 4216 potis,
477 4155 519 4203 lile
543 4167 626 4204 mecon
642 4155 800 4206 obtenturum
837 4168 906 4220 quae
923 4157 1003 4208 buius
1021 4157 1245 4218 misericordiam,
1264 4159 1365 4221 utape-

271 4237 356 4288 repam
372 4229 485 4280 ridiculis
500 4229 571 4292 lepis.
598 4228 700 4280 Colum.
720 4231 749 4280 li.
768 4231 797 4280 li.
836 4234 892 4290 rat,
906 4230 981 4282 iaetle
993 4233 1130 4282 moveant.
1153 4231 1365 4296 ignominiosum

272 4299 355 4364 praei.
372 4302 400 4362 4,
420 4303 447 4352 tl:
472 4301 510 4352 Ao
535 4303 659 4353 honestius
683 4304 800 4354 4444444444
837 4307 927 4354 nutem
947 4307 1006 4356 erat
1021 4303 1095 4356 iratri
1110 4306 1195 4356 sorori
1206 4305 1297 4356 dotem
1309 4316 1366 4358 non
