3090 4974
561 443 620 493 LlB.
640 443 671 493 ll.
707 442 806 494 EPlST.
826 445 856 494 tl.

214 598 361 666 Gaudent
381 596 560 665 scribentes
583 608 672 665 etse
695 607 890 665 venerentur
911 607 943 665 et
965 598 1061 676 ultro,

213 723 246 788 Si
269 729 390 796 tacens,
414 718 545 786 laudant
565 718 724 806 quidquid
746 719 906 807 scripsere
928 719 1023 787 besti.

212 841 325 929 Atqui
348 840 523 928 legitimum
545 840 654 927 cupiet
673 839 791 907 iecisse
812 848 943 928 poema,

214 962 293 1029 Cum
314 961 432 1028 tabulis
454 960 594 1028 animum
615 963 761 1028 censoris
782 972 888 1030 sumet
907 961 1051 1043 honesti;
1196 963 1258 1028 tto

211 1081 366 1160 Audebit,
389 1101 605 1170 quaecunque
627 1103 741 1171 perum
764 1082 945 1170 splendoris
967 1083 1133 1151 habebunt

212 1205 250 1270 Et
270 1204 340 1270 sine
361 1204 506 1291 pondere
528 1214 622 1270 erunt
642 1212 675 1270 et
695 1203 819 1271 honore
841 1204 972 1292 indigne
992 1204 1148 1304 ferentur,

201 1384 267 1433 eret.
280 1384 306 1445 li,
319 1383 391 1434 tote.
407 1407 434 1418 -
450 1383 506 1432 ill.
516 1383 633 1446 {emetur
644 1381 720 1433 bSEd
738 1385 766 1433 el
781 1383 875 1434 tertius
892 1383 1028 1435 schmidii.

170 1539 283 1604 maligne
303 1551 348 1590 me
366 1537 566 1603 reprehendere
587 1539 693 1604 poterit,
732 1539 943 1592 versificatorum
966 1541 1044 1592 turbe
1064 1555 1144 1606 egere
1161 1557 1258 1608 super-

169 1615 245 1678 quasi
263 1616 372 1678 propter
389 1613 502 1664 nimium
518 1613 615 1664 lustum
628 1615 694 1664 reci·
731 1627 880 1665 recensum
897 1618 981 1678 putet.
1010 1615 1085 1668 Adeo
1105 1620 1195 1668 nutem
1213 1633 1258 1670 cu·

170 1687 312 1740 lotionibus
323 1686 491 1740 aemulorum
507 1699 629 1739 meorum
642 1701 695 1738 non
733 1686 816 1738 mulet
832 1687 1020 1754 subtiliterque
1036 1691 1159 1742 enucleat
1176 1707 1258 1758 prae-

170 1762 287 1814 adsim.»
322 1759 432 1812 lllustrie
453 1763 545 1812 autem
562 1760 693 1826 exempla,
732 1765 809 1825 cepte
827 1760 892 1823 stili,
912 1776 981 1826 quae
999 1763 1104 1826 dicunt,
1122 1767 1151 1816 ut
1162 1765 1203 1816 vel
1216 1768 1256 1818 his

169 1839 334 1900 quantopere
351 1837 444 1888 intenti
457 1849 516 1888 esse
529 1836 646 1888 debeant
658 1837 696 1887 in·
732 1835 884 1888 mediocres
896 1839 1032 1901 poetasse
1041 1837 1258 1904 desperationem

170 1914 302 1976 terpretes
314 1924 441 1964 versuum
459 1924 599 1971 caesurae,
618 1924 695 1974 pree·
731 1922 815 1975 prope
828 1910 939 1973 rediget.
958 1911 1205 1976 (Lepidmumigilur
1216 1918 1259 1966 est

169 1985 235 2037 bent
245 1986 316 2050 virg.
330 1988 376 2036 Ge.
390 1986 414 2047 ii,
428 1985 488 2036 263:
507 1987 558 2036 Nec
568 1986 696 2036 utentum
727 1985 821 2046 poema
830 1985 1016 2036 etinventicne
1026 1989 1054 2036 ei
1064 1989 1256 2051 compositione

168 2074 243 2124 suuper
258 2061 352 2110 crudeli
368 2060 553 2124 swectrpo,
572 2059 618 2109 uhi
635 2057 694 2122 ple·
731 2060 759 2108 et
775 2060 830 2108 toto
848 2071 946 2121 genere
963 2059 1069 2111 dicendi
1081 2063 1145 2112 eriis
1157 2062 1257 2126 regulis

168 2137 245 2200 rique
262 2136 373 2197 iungunt
389 2147 465 2196 stipor
480 2134 575 2184 crudeli
595 2134 692 2197 senec,
731 2135 950 2185 consenteneum.
970 2135 1045 2186 Conl.
1058 2138 1088 2186 Α.
1103 2139 1131 2187 Ρ.
1144 2137 1212 2200 tut.)
1227 2165 1255 2174 -

169 2211 243 2262 reete
261 2211 352 2260 contre
365 2210 532 2273 Wagnerus:
550 2209 601 2258 Nec
616 2209 694 2260 mori·
728 2207 821 2272 [xiste]
834 2203 986 2280 ἀορίστως.
1006 2209 1045 2260 Cl.
1058 2210 1124 2274 Epp.
1137 2212 1160 2271 t,
1174 2213 1215 2272 ti,
1228 2213 1253 2262 ὅ,

168 2291 326 2346 turaruper.
353 2283 441 2345 Get,
460 2283 522 2334 ³⁴6:
543 2284 611 2334 Unde
625 2297 693 2334 noea
734 2282 945 2348 -Cimtobulisl
964 2284 1071 2336 ceretis,
1090 2286 1255 2336 «cumscri-

168 2360 292 2424 inpresm
306 2359 433 2410 lomim
443 2359 600 2420 sepuieotio
610 2357 693 2422 cepit?
729 2355 795 2408 bere
816 2358 921 2422 incipit,
948 2357 1025 2409 simul
1048 2371 1110 2409 ecre
1128 2359 1255 2410 iudicium

168 2433 214 2484 ubi
231 2431 301 2484 mnle
319 2432 435 2484 nonnulli
448 2435 558 2497 iungunt
567 2435 693 2498 ioprm
730 2444 857 2483 exercere
879 2431 962 2483 dehet
987 2432 1021 2484 de
1044 2432 1154 2497 singulis
1170 2449 1255 2500 prope

168 2509 303 2559 lomim
729 2506 834 2568 verbis,
854 2508 951 2571 quihus
963 2508 1079 2568 utitur;»
1096 2512 1170 2572 pete
1183 2523 1256 2560 nom·

191 2583 248 2634 tot.
260 2583 317 2633 4⁰8.
336 2581 599 2646 Gaudentsciibentes]
612 2585 693 2634 Gree-
729 2582 866 2645 paratione
891 2595 953 2632 oum
974 2595 1074 2632 censore
1095 2583 1205 2646 honesto,
1228 2584 1254 2634 id

168 2669 198 2708 ce
210 2657 419 2716 constructione,
433 2647 551 2720 ἥδονται
562 2653 692 2728 γράφον-
730 2658 784 2716 est,
803 2657 941 2718 «integro,
960 2669 1039 2707 suum
1051 2657 1097 2720 qui
1112 2669 1210 2708 munus
1223 2671 1254 2708 ee

166 2745 221 2795 τες.
236 2757 264 2768 -
281 2744 307 2782 se
323 2731 484 2795 uenerantur]
509 2744 555 2782 «se
576 2733 606 2780 ut
623 2732 692 2781 divi·
729 2741 782 2791 qun
799 2742 849 2793 pur
865 2731 907 2779 est
919 2731 1061 2780 severitate
1074 2731 1253 2793 exsequitur..

167 2818 216 2856 nos
241 2808 334 2869 poetes
359 2803 493 2855 laudent.»
516 2833 544 2844 -
571 2806 692 2868 quidquid
730 2803 796 2852 ilinc
814 2804 895 2853 etiem
912 2802 1005 2854 lestive
1018 2801 1112 2866 dilogie
1130 2804 1200 2854 inter
1216 2809 1255 2854 to-

166 2881 287 2943 ecipscre
294 2879 367 2943 beati]
378 2878 518 2941 Eleganter
526 2880 596 2930 hene
605 2882 691 2944 ipsum
728 2877 799 2927 bidos
817 2879 844 2926 et
860 2879 978 2938 cerates,
1003 2875 1144 2942 inquibus
1162 2878 1256 2930 scribi·

166 2956 326 3006 sententium
353 2955 485 3018 expressit
509 2953 626 3006 Catullus
643 2957 690 3018 22,
729 2965 805 3012 mus,
825 2955 853 3004 et
868 2953 1002 3002 censorias.
1019 2979 1046 2988 -
1059 2951 1171 3017 Audebit]
1189 2954 1254 3004 «Fe-

167 3027 215 3080 tt:
233 3029 301 3078 idem
318 3027 457 3091 (Suffenus)
475 3029 583 3093 infaceto
599 3035 634 3080 est
650 3031 692 3080 io-
729 3025 778 3077 cile
796 3041 811 3076 e
829 3040 859 3078 se
877 3025 1045 3090 impetrabit,
1067 3025 1133 3076 luiso
1149 3028 1253 3092 pudore

165 3102 271 3165 foedior
280 3115 353 3163 nce,
372 3102 453 3152 simil
464 3105 586 3164 potirtntc
597 3104 689 3168 ottipit,
729 3113 782 3152 non
799 3101 968 3165 impeditus.»
996 3099 1115 3164 Cilipp.
1129 3102 1252 3163 t,2,t0:

164 3189 244 3239 mpure
260 3177 326 3226 idem
340 3189 454 3237 wiquom
464 3177 546 3238 deque
561 3177 692 3228 mittemus
727 3189 816 3238 sapere
832 3175 905 3225 aude.
933 3175 1020 3237 Atque
1038 3175 1076 3225 sic
1087 3177 1181 3226 Graeci
1192 3175 1254 3227 τολ-

165 3264 197 3302 oe
209 3253 305 3313 poem
319 3263 377 3300 citro
392 3251 493 3302 scribit:
517 3251 578 3302 Toto
599 3253 692 3316 pandet
727 3248 788 3318 μᾷν
800 3251 938 3314 usurpent.
957 3247 1029 3299 Pluto
1040 3250 1144 3301 lienes.
1156 3263 1184 3315 p.
1194 3250 1251 3302 245.

165 3325 192 3376 io
208 3339 234 3376 se
250 3331 351 3386 meique
367 3339 392 3376 se
408 3326 460 3387 ipse
475 3326 593 3378 meatur.
729 3325 764 3376 C:
783 3319 851 3386 τούς
868 3323 900 3374 ἐν
912 3319 948 3393 τῇ
966 3318 1255 3393 ἤπείρῳἝλληναςυ

198 3399 320 3450 loe-tit.
346 3399 378 3450 At
397 3400 441 3462 oui
457 3400 595 3464 opimium
609 3402 691 3464 cupiet
727 3392 1251 3464 ἡμῖςοῦκέτολμὴσαμεν-ἐκδοῦνω.

165 3471 698 3539 cet.]Stultisillislnudibuscpponuntur
730 3499 757 3510 -
776 3489 870 3538 ponem
886 3473 1030 3538 splendoris]
1050 3474 1148 3525 «verbe
1163 3474 1253 3524 humi-

165 3549 495 3613 severeertispreecepts,
509 3549 691 3613 quihuesetis-
727 3548 774 3610 lin,
801 3549 923 3610 sordide,
949 3561 1046 3614 pamm
1067 3547 1203 3600 illustria.»
1223 3575 1251 3586 .-

165 3620 254 3672 lucere
271 3620 354 3672 debet
370 3625 462 3686 po'e'ta,
479 3625 510 3674 ut
526 3637 593 3688 opus
610 3637 688 3676 suum
726 3624 857 3690 ltoiebum]
885 3625 981 3676 Futura
1007 3625 1118 3689 propter
1140 3636 1253 3687 proece-

164 3695 302 3758 iepitimten
329 3695 423 3766 sellem
451 3711 549 3749 vocare
577 3700 688 3762 undeet,
727 3700 795 3752 dens
812 3698 911 3750 audebit
926 3699 1099 3763 positesunt,
1118 3697 1252 3748 hscvide-

165 3767 285 3820 nendum
299 3769 456 3834 pulchrum,
476 3773 690 3826 nondumudmi·
725 3773 788 3827 lieet
812 3772 1019 3837 significatione:
1047 3785 1136 3835 «quse
1155 3784 1251 3835 purum

164 3842 257 3896 rebile.
276 3843 403 3896 Consulto
420 3847 492 3897 enim
509 3849 580 3898 tecet
596 3848 630 3898 de
648 3849 690 3899 in·
726 3847 877 3912 splendoris
895 3848 944 3912 ipsi
962 3847 1063 3898 hebere
1080 3844 1249 3908 videbuntur,

164 3919 256 3982 genio,
275 3918 309 3969 de
322 3919 487 3982 inventione,
500 3919 534 3970 de
547 3921 616 3972 iuste
626 3935 689 3984 per·
727 3923 823 3974 codem
841 3925 962 3986 tempore
980 3919 1141 3972 amovebit.»
1160 3947 1187 3956 -
1200 3921 1253 3970 sine

163 3993 230 4043 tium
241 3995 448 4057 compositione,
462 3993 496 4046 de
508 3999 565 4046 erte
577 3996 689 4048 allectus
722 3997 841 4060 pmcne]
860 3997 1004 4058 «gravitate
1021 3995 1137 4044 carentia
1154 3997 1182 4044 et
1198 3995 1252 4045 ine-

163 4067 306 4130 movendi,
323 4070 403 4120 unice
417 4074 562 4136 praecepte
576 4071 688 4122 deusde
727 4071 796 4120 nin.»
814 4074 845 4120 Α.
858 4073 887 4121 P.
901 4070 963 4120 320:
985 4069 1082 4119 Fabula
1099 4069 1191 4118 nudius
1206 4083 1250 4119 ce-

163 4141 309 4195 luminibus
325 4145 457 4196 sermonis
473 4159 506 4197 ec
523 4146 557 4196 de
572 4149 627 4196 toto
644 4159 688 4210 ge-
725 4145 806 4205 ueris,
825 4145 996 4206 sinopondcre
1008 4149 1031 4194 et
1042 4149 1106 4194 orte.
1120 4171 1146 4180 -
1159 4144 1258 4214 honore·

164 4229 229 4268 nere
251 4217 366 4270 dicendi.
401 4219 531 4270 Nimirum
551 4219 586 4270 de
603 4221 688 4272 meio·
725 4218 838 4283 incipito]
867 4217 989 4281 «indigno
1020 4219 1151 4278 carmine,
1178 4218 1249 4282 quod

164 4290 687 4356 ribusillisveripoiitaevirtutibuscum
726 4293 849 4359 plausum
861 4292 911 4344 sibi
928 4291 1069 4357 postulet.»
1084 4319 1110 4330 -
1129 4294 1249 4359 secitur]
