3082 4968
552 421 610 470 un
630 421 648 470 1.
684 421 751 470 sar.
772 419 835 470 viu.
1046 437 1049 442 ·
1183 415 1243 481 tau

204 575 385 642 Conservus
409 573 461 641 vili
484 573 641 661 portanda
663 574 790 642 locabat
813 576 843 640 in
865 595 949 642 arcu.

202 697 268 762 lloc
290 697 429 762 miserae
452 695 538 783 plebi
562 695 665 762 stabat
687 717 858 762 commune
881 695 1079 784 sepulcrum,
1202 696 1243 762 to

199 815 374 882 Pantolabo
397 836 529 884 scurrae
552 819 818 904 Nomentanoque
840 818 963 904 nepoti:

198 937 281 1004 itiite
304 939 407 1026 pedes
430 939 461 1004 in
485 939 603 1015 lronte,
628 949 790 1006 trecentos
812 939 927 1026 cippus
950 939 982 1005 in
1004 959 1117 1028 agrum

219 1137 260 1186 u.
278 1137 417 1187 amuco
434 1134 496 1194 sca,
513 1136 661 1186 nanuum
679 1136 705 1185 a.
723 1163 749 1172 -
763 1099 971 1199 abaciacum
988 1138 1024 1189 sa
1042 1139 1103 1203 (non
1115 1141 1166 1205 uo).
1181 1171 1207 1180 -

187 1211 228 1260 ta.
254 1225 320 1275 apro
337 1213 388 1262 Fea
405 1212 462 1262 sine
481 1213 554 1260 certa
573 1209 656 1261 codd.
675 1213 839 1262 auctoritate.
864 1211 968 1276 (aquarn
985 1213 1112 1265 exhibent
1127 1219 1210 1268 nostri

188 1287 215 1334 et
233 1286 350 1336 Pettierti
367 1285 480 1346 omnes.)

154 1435 180 1484 ia
196 1435 261 1485 calta
277 1440 375 1496 captae
394 1435 509 1484 aurbu.
530 1462 556 1472 -
576 1433 776 1495 Concor-1224.
803 1435 904 1485 Seneca
917 1435 950 1486 de
963 1436 1020 1487 Vita
1033 1435 1111 1487 beata
1126 1439 1166 1488 tt.
1180 1453 1243 1490 eum

153 1507 206 1572 aar]
229 1509 303 1573 apud
326 1507 504 1560 Furnalettum
522 1509 609 1558 Irrita.
626 1509 680 1558 Iist.
719 1522 781 1560 cum
806 1509 898 1574 Apicio
922 1511 1013 1575 iungit.
1034 1539 1061 1550 -
1080 1513 1148 1563 utta
1169 1516 1245 1575 pedes

153 1598 179 1647 p.
201 1583 265 1635 tlt:
298 1583 464 1635 PROPIIIIIO.
487 1583 548 1634 ΗΒ.
573 1583 683 1633 Paula-
719 1585 780 1649 cat.]
803 1583 968 1648 lbiquoqua
985 1587 1062 1652 cippo
1083 1587 1166 1638 incisa
1185 1591 1245 1640 erat

153 1660 226 1709 NVS.
247 1659 316 1710 008.
357 1658 524 1723 (camma.
555 1669 624 1717 non,
653 1659 683 1707 ut
718 1658 760 1709 vel
783 1661 865 1710 incisa
888 1659 969 1710 tuisse
993 1675 1008 1711 a
1032 1665 1112 1726 poeta
1138 1661 1245 1726 tingitur

154 1733 215 1786 alim
234 1732 413 1799 explicabant,
434 1733 541 1798 consul.)
555 1761 582 1772 -
595 1734 640 1783 viti
651 1747 679 1796 p.
718 1733 794 1784 solita
817 1733 1001 1798 sepulcrorum
1028 1734 1148 1786 turmula.
1187 1737 1241 1788 Cir.

153 1809 254 1860 mahat
264 1809 292 1858 ia
303 1809 376 1873 arca]
389 1811 533 1859 Servorum
549 1807 680 1858 cadavera
718 1808 834 1858 Pabrett.
852 1809 934 1859 Inscr.
952 1823 979 1873 p.
999 1810 1055 1860 tio.
1068 1812 1096 1861 et
1109 1812 1242 1877 Inscripti.

154 1883 279 1936 conservi
296 1885 418 1933 mnarum
436 1884 507 1934 inter
522 1895 552 1933 se
564 1881 681 1932 ciliciam
718 1895 755 1933 m.
775 1884 830 1933 Lat.
848 1885 879 1934 N.
895 1883 960 1934 itui
978 1897 1054 1949 seqq.
1070 1913 1097 1922 —
1110 1887 1137 1935 in
1152 1887 1243 1952 fronte]

153 1961 295 2010 servantes
304 1969 354 2008 suo
366 1970 398 2007 ex
411 1956 515 2022 peculio
527 1956 680 2021 sepelienda
719 1956 780 2008 aiibi
798 1959 824 2008 ia
842 1959 974 2008 tutamine
986 1959 1054 2021 (vida
1065 1958 1082 2009 l.
1096 1958 1134 2024 1.),
1153 1961 1242 2022 idest,

153 2033 286 2084 curabant
311 2033 449 2084 conductis
475 2031 680 2097 vespillonibus,
718 2033 789 2084 vam
799 2033 934 2098 publicam
945 2046 1049 2085 versus.
1062 2059 1090 2070 -
1103 2035 1131 2084 in
1142 2037 1243 2101 aquini]

153 2110 196 2173 qui
220 2121 255 2158 ea
277 2107 322 2157 etti
344 2121 423 2158 arcae
439 2106 611 2172 (sandapilae)
630 2109 682 2158 im·
718 2108 887 2171 Ietdwttrta.
924 2109 1067 2171 Utramque
1085 2109 1242 2171 turmulam,

153 2185 239 2247 posita
257 2183 284 2232 in
302 2182 431 2246 quuilias
448 2183 575 2233 efferrent
591 2182 681 2247 ibique
720 2185 746 2233 et
762 2183 908 2234 baccetur
921 2197 1008 2248 apro,
1027 2184 1151 2234 usitatam
1163 2185 1243 2236 luisse

152 2255 194 2308 vel
210 2258 369 2307 cremarent
384 2255 426 2308 vel
445 2257 598 2308 humarent.
622 2256 683 2308 Pul-
719 2259 792 2322 puto.
827 2259 856 2308 In
873 2273 937 2323 apro
955 2270 1019 2309 sane
1032 2258 1156 2310 amnibus
1173 2259 1245 2310 litte-

153 2335 223 2394 gent.
251 2331 286 2381 de
311 2332 396 2381 Senn.
419 2331 501 2396 antiq.
526 2333 543 2382 I.
566 2345 592 2397 p.
613 2333 682 2383 usu:
720 2333 757 2382 ris
768 2333 810 2384 est
821 2333 904 2384 Inscr.
918 2346 953 2384 m.
967 2335 998 2384 N.
1012 2333 1097 2394 4370,
1114 2336 1142 2384 ta
1153 2349 1245 2400 maan

153 2405 324 2466 sandapilam
352 2407 451 2468 aruiqui
478 2407 527 2457 diet
551 2409 683 2458 votuerunt
720 2408 895 2468 Petron.7t.;
915 2409 1039 2472 quocirca
1057 2409 1119 2459 nlhil
1137 2411 1244 2460 mutan-

153 2481 276 2544 Ieretraan
294 2486 465 2542 mortuontm,
492 2483 519 2531 id
539 2488 585 2544 eat,
612 2483 683 2532 Ioeu-
720 2481 786 2532 dum
810 2482 924 2533 uidetur.
949 2511 976 2519 —-
1004 2485 1066 2534 Erat
1090 2484 1168 2547 igitur
1193 2485 1245 2536 hoc

153 2556 305 2616 Iam‚--ia
321 2569 370 2618 pao
383 2555 683 2620 plebeiorumatquada-
720 2555 902 2620 sepulcretum
927 2557 1028 2622 pedum
1053 2559 1245 2622 quadratorum

153 2631 626 2693 maatonimeadaueraportabantw.
645 2633 682 2695 (In
720 2631 833 2692 300000,
860 2632 921 2694 quia
942 2631 1031 2682 maltis
1048 2631 1178 2697 sepulcris
1195 2633 1246 2683 de·

154 2717 292 2756 marmore
310 2709 418 2769 reperto
430 2706 455 2756 in
473 2705 555 2757 Ciatta
574 2707 684 2758 Lmtaia
719 2706 854 2756 stinatum.
888 2707 915 2757 In
932 2707 1096 2770 singulorum
1116 2707 1246 2773 sepulcris

154 2780 224 2846 apud
245 2778 378 2830 cardinali
394 2781 506 2844 uptam
525 2781 633 2832 cutim
653 2794 681 2846 p.
719 2783 806 2832 variat
834 2793 962 2832 numerus
991 2795 1039 2846 pro
1067 2781 1136 2833 Iastu
1165 2784 1246 2845 atqua

154 2855 222 2906 tei:
251 2854 312 2904 Itan
325 2855 435 2917 samu,
462 2857 574 2919 quiaquia
589 2871 623 2908 erc
638 2859 683 2908 boc
720 2855 817 2921 opibus
843 2859 1017 2907 mortuorum.
1044 2858 1074 2906 N.
1099 2855 1173 2907 tait.
1199 2857 1244 2906 IN.

154 2931 258 2995 cadepio
287 2941 373 2979 crum
404 2931 532 2992 destructas
557 2932 635 2996 prurit
660 2937 684 2982 at
720 2931 772 2981 Ic.
795 2931 822 2980 P.
846 2931 899 2980 IIII.
924 2931 966 2980 IN.
992 2932 1040 2980 Pii.
1064 2932 1090 2980 P.
1109 2931 1193 2982 XXIV.
1213 2933 1244 2984 N.

154 3017 247 3068 corpas
263 3005 316 3054 eiua
331 3018 350 3054 a
365 3005 466 3054 domim
482 3007 614 3057 dammam
631 3008 683 3058 ini-
720 3005 795 3057 tuat.
813 3005 857 3054 IN.
876 3007 903 3055 P.
922 3006 948 3056 P.
972 3005 1020 3055 VII.
1043 3006 1087 3055 IN.
1106 3005 1143 3056 A:
1154 3006 1180 3056 P.
1205 3005 1244 3054 VI.

155 3082 252 3142 peitate
267 3079 410 3140 marae
428 3081 517 3130 datam
536 3095 588 3132 aaa
607 3081 685 3146 ptuit
720 3083 751 3131 N.
770 3079 844 3130 tasi.
862 3081 907 3129 IN.
926 3081 953 3130 P.
972 3081 999 3130 P.
1017 3079 1101 3128 XXVI.
1124 3081 1169 3131 IN.
1191 3079 1245 3131 Ic.

154 3167 234 3216 neque
251 3153 355 3203 tabelias
369 3155 469 3218 fecerit,
487 3156 601 3220 cisimus
616 3157 683 3207 ima-
718 3155 745 3204 P.
763 3153 879 3205 XXXIIS.
908 3156 995 3204 Acron
1018 3153 1148 3215 significat
1171 3154 1246 3216 igno·

154 3231 286 3294 ficarium
301 3229 365 3294 pat.)
382 3251 409 3268 ψ-
423 3232 529 3281 miserae
541 3232 608 3294 ptebt
619 3232 682 3297 cet]
720 3232 778 3280 tum
794 3227 911 3292 aliquem
928 3229 1065 3278 bominem
1086 3228 1170 3293 inopis
1188 3227 1247 3292 ple·

157 3307 242 3356 Locris
268 3303 311 3354 ille
337 3317 390 3356 non
416 3303 502 3356 solum
527 3319 681 3370 servorum,
720 3304 763 3355 bis
794 3315 987 3368 servorumque
1021 3303 1161 3354 misertum
1194 3303 1246 3353 hoc

156 3381 203 3431 aad
230 3381 313 3430 edam
338 3379 477 3432 hominum
506 3392 616 3445 prorsus
642 3382 684 3432 in·
721 3377 904 3444 sepulcreium
936 3377 1097 3429 condidisse.
1147 3378 1246 3428 Contra

155 3467 238 3520 opum
256 3453 408 3518 sepulcreto
421 3457 478 3504 erat
492 3455 640 3507 destinatus
651 3469 683 3506 ac
721 3457 871 3506 Dttutzerua
893 3454 983 3519 (Krit.
1002 3469 1029 3505 u.
1042 3455 1124 3506 IirIrt.
1143 3457 1167 3505 d.
1181 3455 1246 3507 Sat.

155 3531 300 3594 propterea
317 3529 352 3592 (id
369 3529 442 3592 quod
460 3542 523 3580 curn
539 3530 685 3582 acarbair-
721 3531 745 3580 d.
764 3531 795 3580 II.
813 3543 840 3595 p.
859 3529 926 3592 85.);
955 3531 1061 3580 «NicIrtr
1076 3531 1108 3579 iat
1123 3531 1248 3580 arwam·

156 3605 256 3655 ristone
273 3603 370 3667 adiicit)
389 3602 426 3653 ibi
443 3603 586 3669 aliquando
603 3619 684 3671 sepe·
720 3605 879 3655 scientiales·
895 3605 933 3653 ats
949 3603 1014 3655 diem
1034 3603 1163 3654 Innatum
1178 3605 1248 3654 einer

156 3678 237 3731 liendi
255 3681 332 3729 erant
347 3677 508 3730 Pantolabas
525 3685 552 3730 et
569 3681 685 3732 Nomen·
721 3679 877 3743 Scienkuup,
889 3693 938 3728 voa
949 3679 994 3728 der
1004 3679 1069 3728 auct
1079 3678 1146 3727 aicit
1156 3677 1195 3728 die
1206 3690 1248 3740 pe-

157 3757 248 3814 unua,
274 3753 432 3806 decoctores
454 3755 599 3806 etiamtunc
620 3757 683 3808 vivi.
720 3755 815 3818 Napata
831 3754 899 3817 spur
914 3755 1060 3804 variamen
1076 3754 1119 3812 iri,
1139 3752 1248 3816 obpteicb

158 3831 231 3880 «Pau
255 3827 503 3891 adunaturam
527 3829 629 3880 Pranlre
655 3832 682 3882 P.
721 3830 800 3880 dieser
816 3829 1034 3894 &prdbnisapiata
1050 3827 1184 3878 matamala
1198 3840 1248 3876 oca

159 3905 188 3954 II.
207 3917 234 3969 p.
253 3903 408 3966 salverna
426 3907 499 3956 traua
517 3904 686 3956 Tiberimin-
721 3905 768 3954 dea
784 3904 855 3954 Attea
872 3903 1020 3967 tuaprocben
1030 3903 1105 3952 wird.
1142 3903 1248 3966 tiodpe-

158 3980 251 4042 genius
267 3977 425 4042 pareatibus
445 3983 535 4042 natas,
559 3981 605 4045 qui
620 3981 684 4045 quta
720 3983 798 4040 mist,
824 3991 885 4028 maa
900 3979 973 4029 watto
989 3978 1066 4027 dieue
1094 3977 1246 4038 cacumen,

159 4053 281 4105 amultie
302 4054 444 4118 pecuniam
467 4057 588 4106 mutuam
605 4067 685 4120 roga-
721 4067 748 4104 ro
772 4055 840 4104 tuuc
864 4055 919 4104 etna
942 4051 1023 4103 sotem
1048 4053 1158 4117 Simena
1182 4053 1248 4103 auct

160 4127 217 4188 bat,
230 4125 391 4178 Pantolabos
402 4131 444 4179 eat
455 4130 683 4194 cognominatus·
722 4131 767 4180 der
782 4129 888 4194 Sirenae
906 4129 1041 4178 rdmircber
1063 4129 1247 4193 Itetipionscor·

161 4203 252 4252 Poura.
281 4203 321 4254 Da
339 4202 432 4253 Cassio
452 4205 618 4256 Nomentano
636 4205 682 4256 cir.
720 4205 856 4269 sedamen
878 4205 919 4254 nia
940 4217 999 4254 amn
1023 4203 1248 4268 PNccteipcatItum

161 4277 213 4328 sat.
233 4279 263 4340 t,
292 4280 321 4340 I,
350 4276 407 4328 tua.
436 4279 467 4341 2,
487 4279 516 4343 I,
534 4281 574 4330 ti.
604 4281 635 4343 2,
654 4281 682 4343 3,
721 4279 835 4346 pemactt
853 4278 1095 4332 mordentium.»
1124 4276 1199 4330 Idem
1220 4279 1247 4330 in
