3090 4974
579 433 638 482 LlB.
657 432 688 481 ll.
724 431 821 480 Epist.
841 431 871 480 lt.
1210 422 1272 488 665
1300 433 1304 442 “

228 587 395 655 4444444444
416 606 513 662 nova,
538 606 624 674 quae
646 581 772 673 genitor
794 583 980 672 produxerit
1002 603 1089 649 usus.

228 709 408 776 Vehemens
430 718 463 776 et
484 706 626 795 liquidus
648 727 796 795 puroque
819 704 998 774 simillimus
1020 705 1104 770 amni
1210 703 1272 772 420

228 830 353 896 Fundet
374 849 454 917 opes
476 829 667 915 Latiumque
689 827 799 894 beabit
820 826 917 894 divite
938 824 1061 912 lingum

227 950 433 1018 Luxuriantia
455 959 656 1038 compescet,
680 949 774 1015 nimis
796 967 913 1034 aspera
935 967 1014 1014 sono

230 1071 363 1138 Levabit
383 1071 483 1148 cultu,
506 1070 622 1138 virtute
644 1069 784 1137 carentia
807 1067 909 1146 tollet,

253 1249 309 1301 420.
328 1251 361 1300 ct
377 1249 486 1310 liquidus
500 1249 627 1300 venemens
644 1249 788 1313 [superscr.
814 1249 943 1301 Vehemens
964 1254 987 1300 et
1007 1249 1126 1314 liquidus)
1147 1250 1177 1311 S,
1195 1249 1240 1299 Hie

221 1325 359 1386 44444444,
378 1325 487 1386 liquidus
503 1324 614 1374 ecodd.
629 1325 656 1375 F.
676 1325 716 1387 [ut
732 1337 794 1386 nos,
813 1322 850 1374 bd
868 1327 894 1374 et
911 1325 1035 1388 quattuor
1051 1322 1197 1384 Schmidii.)
1212 1349 1238 1358 -

220 1398 276 1452 423.
289 1399 398 1450 colestia
415 1396 715 1462 (14444444444444444
733 1401 760 1449 et
776 1399 844 1450 Fece
863 1399 924 1462 (uon
941 1397 1013 1460 bSdi.

187 1545 279 1598 libuli.
295 1549 320 1608 4,
335 1546 382 1607 40,
395 1547 442 1596 5οε
460 1547 548 1598 ililitis
564 1547 591 1596 in
608 1546 712 1597 terebris
750 1559 812 1597 men
836 1545 870 1596 de
890 1547 1034 1596 imitatione
1051 1545 1172 1598 consulto
1189 1559 1274 1610 quse-

188 1627 293 1684 occupct
310 1633 386 1671 arnse
396 1621 465 1671 situs.
493 1621 590 1682 lltbic,
609 1623 710 1671 Seneca
749 1623 799 1672 situ
817 1621 964 1684 cogitarim.
980 1649 1008 1658 -
1025 1621 1121 1672 Fttndet
1136 1621 1202 1685 opes]
1220 1621 1274 1671 ein-

187 1697 268 1761 Epist.
281 1696 327 1757 os,
345 1696 375 1745 3:
393 1701 421 1745 ut
437 1709 470 1746 44
486 1696 531 1746 boc
547 1696 660 1758 ecnnplo
670 1697 712 1746 in·
751 1695 892 1758 signiserit
902 1698 979 1758 poste
990 1695 1170 1745 etuerborum
1180 1695 1275 1745 etsen-

187 1772 300 1835 tetteqcs,
327 1777 450 1833 quantem
475 1771 544 1832 uputd
563 1771 673 1820 lineium
690 1775 714 1820 et
750 1771 894 1821 teotierum
911 1771 987 1834 copis
1004 1771 1085 1833 atque
1100 1771 1211 1834 propter
1222 1771 1274 1820 hoc

186 1846 288 1896 Aeciutm
312 1845 445 1895 umbonum
467 1845 528 1894 situs
544 1845 710 1906 occumuverit.
749 1846 839 1908 ipsum
856 1845 975 1905 4444444,
994 1843 1275 1907 quorumlingusmet

187 1920 226 1971 Cl.
238 1923 269 1970 A.
284 1922 311 1970 P.
325 1919 372 1969 ot:
395 1919 527 1970 uerborum
543 1924 613 1970 44444
628 1919 713 1968 interit
751 1920 828 1968 ornat
845 1920 872 1968 et
889 1919 983 1981 coget,
1005 1929 1176 1982 summopere
1199 1916 1274 1968 dele-

187 1999 259 2044 cetus
279 1995 312 2044 itt
333 1993 451 2042 iuuenum
466 1995 520 2043 ritu
534 1996 624 2058 tierent
639 1994 712 2043 modo
751 1992 858 2043 ctebit.»
881 2020 908 2028 -
936 1993 1109 2043 4444444444
1132 1993 1273 2058 compescet]

186 2069 399 2132 nctouiqnttque.
412 2067 555 2132 -eesertet
570 2067 714 2117 esbomni-
751 2069 842 2118 «Dum
866 2067 945 2117 beate
969 2069 1045 2131 copis
1067 2068 1205 2131 praeditus
1224 2071 1273 2130 est,

186 2142 238 2192 bus
259 2143 312 2192 ism
338 2139 488 2204 neglecte.»
504 2169 531 2178 -
556 2141 631 2206 noue]
658 2141 711 2191 «ab
750 2141 882 2192 luxuriem
898 2143 989 2192 tumen
1001 2143 1132 2193 sermonis
1142 2155 1174 2193 nc
1187 2147 1276 2193 tomo·

187 2217 246 2281 ipso
263 2213 306 2266 vel
324 2215 359 2266 ob
375 2214 433 2266 eliis
450 2218 486 2266 444
503 2216 589 2278 tecte,
616 2217 646 2266 ut
661 2213 712 2267 lin-
751 2228 809 2266 rem
826 2213 943 2264 vitabit.»
972 2215 1098 2265 44444444
1119 2227 1159 2280 pr.
1178 2215 1212 2266 de
1230 2229 1276 2267 se-

187 2299 253 2354 gnes
263 2291 371 2340 Latione
383 2287 530 2352 analogiam
540 2292 711 2353 sequantur.»
751 2289 854 2354 getibus
866 2288 1017 2352 vitibusque
1030 2291 1086 2340 sine
1099 2289 1185 2340 tructu
1197 2291 1275 2342 nimis

189 2391 216 2402 -
230 2365 426 2430 ueniter-utus]
445 2364 587 2428 Singularis
598 2364 713 2428 44444444-
750 2363 820 2416 laete
846 2363 1009 2429 pubentibus
1034 2366 1061 2413 et
1081 2364 1274 2426 crescentibus,

187 2437 255 2502 logis
272 2441 392 2504 probis:
413 2453 497 2503 «ques
515 2438 626 2491 simulac
643 2440 711 2490 tecto
752 2453 821 2504 quse
839 2438 956 2490 luxuries
973 2440 1073 2501 deposci
1089 2439 1171 2489 debet
1188 2441 1214 2490 io
1231 2453 1277 2490 se-

188 2516 264 2572 sunt,
288 2515 323 2564 ub
344 2513 469 2566 omnibus
487 2514 669 2579 approbentur
686 2517 713 2564 et
752 2515 811 2577 gete
831 2513 894 2576 (Cic.
909 2512 942 2562 dc
961 2514 1030 2562 Oret.
1044 2513 1072 2574 2,
1089 2512 1130 2574 23,
1144 2513 1185 2563 06.
1203 2515 1274 2576 virg.

187 2589 363 2652 usurpentur,
390 2589 425 2637 ite
448 2589 478 2638 ut
502 2588 565 2639 inde
588 2589 623 2638 ab
649 2589 712 2652 ipsis
752 2591 798 2638 Ge.
818 2589 843 2648 4,
863 2587 943 2648 444),
968 2587 1089 2648 ccrnqesci
1105 2587 1131 2636 in
1148 2587 1202 2636 uite
1220 2589 1274 2652 (Ge.

187 2659 290 2725 linguas
307 2661 459 2725 primordiis
476 2662 503 2711 in
519 2661 712 2713 consuetudine
752 2663 777 2722 2,
791 2661 869 2723 340),
888 2662 914 2710 44
926 2660 1158 2712 serminibusstilo
1171 2663 1278 2725 cststnqi

187 2735 443 2788 missevtdeantur.»
457 2735 714 2787 ct.n.P.to:ttutte
754 2733 867 2797 (Quintil.
886 2736 929 2794 40,
946 2734 975 2796 4,
992 2733 1036 2796 4.).
1063 2733 1102 2784 Cl.
1120 2737 1151 2784 A.
1168 2736 1195 2784 P.
1212 2734 1274 2785 tlt:

186 2813 361 2871 renascentur,
381 2822 445 2871 quoe
461 2810 515 2859 ium
530 2811 652 2871 cecidere,
670 2823 715 2859 cc-
753 2808 884 2858 embitiose
900 2809 992 2858 recidet
1009 2809 1171 2858 Otnnrnentu.
1186 2835 1213 2844 -
1230 2809 1278 2858 44-

188 2888 294 2948 dentque
319 2886 390 2948 (tuue
413 2897 479 2933 nunc
501 2885 606 2934 suntin
622 2885 715 2933 bonore
751 2881 829 2946 444444)
848 2882 956 2944 «titique
974 2879 1090 2946 expellet
1106 2885 1135 2932 et
1150 2878 1217 2932 leuis
1232 2883 1278 2946 (oi-

186 2959 321 3022 coccbuto,
339 2959 534 3018 sinemurus,
555 2959 715 3021 octennem
753 2955 807 3006 tide
825 2969 857 3005 uc
874 2954 964 3020 plone)
989 2955 1099 3017 reddet,
1127 2967 1196 3018 quse
1217 2959 1279 3008 sunt

188 3035 323 3084 debitricem
348 3038 383 3084 est
408 3038 430 3084 et
455 3033 495 3082 ius
519 3037 543 3083 et
562 3045 655 3082 nonne
675 3033 714 3082 44-
753 3030 832 3080 nimis
849 3041 944 3095 espern
963 3029 1112 3091 etscabro,
1131 3031 1166 3080 ite
1177 3033 1276 3092 444444,

188 3109 286 3172 quendt
753 3106 783 3154 ut
803 3103 847 3154 bic
869 3102 955 3155 cuitus
978 3117 1000 3156 s.
1019 3102 1160 3169 per-politio
1181 3117 1278 3155 nervos

222 3182 343 3233 rso-ms.
372 3179 714 3246 Vebnrtetttipersynizesin
753 3191 785 3228 sc
810 3178 951 3228 sanitatem
981 3179 1020 3229 444
1050 3191 1103 3228 444
1130 3178 1277 3228 detrahet.»

188 3260 215 3308 in
232 3256 383 3322 spondeum
399 3255 538 3315 coalescit,
557 3253 627 3304 unde
640 3256 713 3304 44444
753 3255 783 3302 Α.
797 3254 825 3302 P.
838 3253 887 3302 26:
910 3257 1043 3302 sectantem
1059 3253 1124 3302 leuiu
1139 3253 1210 3302 nerui
1226 3253 1279 3303 De-

188 3333 250 3382 sunt
267 3328 443 3394 corruplelse.
464 3327 712 3389 ct.snt.t,s,67.
750 3327 838 3390 ficiunt
854 3327 988 3389 animique.
1026 3327 1070 3377 Bis
1091 3329 1164 3377 terve
1186 3327 1280 3376 4444444

189 3408 307 3457 Pessou:
325 3405 391 3456 4444
406 3406 519 3465 Feuer,
539 3403 636 3455 4444444
647 3403 714 3466 {eu-
754 3403 782 3451 et
797 3402 904 3451 nitorem
919 3401 1041 3452 orationis
1051 3401 1186 3464 coniungit
1197 3401 1280 3460 Quin-

187 3479 246 3543 449.
273 3481 341 3530 Sene
359 3479 398 3530 sic
414 3480 482 3528 uerti
498 3481 599 3540 potest,
618 3489 714 3528 verum
753 3473 871 3536 idiunus,
894 3478 925 3526 ut
945 3477 990 3540 42,
1012 3476 1058 3537 40,
1080 3476 1129 3525 79:
1155 3477 1223 3526 nitor
1239 3474 1279 3524 itte

188 3555 469 3618 haecquoqueimsgo
481 3553 568 3618 potios
581 3552 660 3602 ductu
674 3554 715 3602 est
753 3549 845 3614 (nubet)
870 3551 964 3600 cultum
979 3550 1093 3612 uirilem,
1118 3551 1215 3600 llorstii
1234 3561 1280 3598 sc-

189 3627 223 3678 cb
241 3630 312 3678 omui
330 3629 428 3691 ingenti
445 3630 472 3678 et
495 3629 638 3692 propterea
655 3640 715 3677 mn·
752 3639 822 3674 mun.
836 3649 862 3660 -
876 3624 1104 3688 uirtuteccrentie]
1116 3625 1146 3673 V.
1158 3625 1214 3673 442,
1227 3625 1280 3674 sine

189 3715 239 3766 gua
258 3715 320 3753 cum
337 3704 363 3752 vi
381 3702 466 3753 undas
482 3701 615 3752 volvente.
636 3729 664 3738 -
683 3701 715 3751 li-
750 3701 861 3764 qondere
883 3699 999 3750 retertur
1018 3700 1106 3764 potius
1127 3699 1161 3748 ed
1178 3696 1278 3761 singule

189 3777 286 3841 444444]
311 3776 402 3836 eklcr,
429 3777 498 3826 sdeo
521 3779 550 3827 ut
567 3774 637 3826 nulle
654 3776 716 3826 insit
754 3775 862 3835 verbum.
879 3774 930 3824 hcc
948 3774 982 3824 sd
999 3774 1159 3834 sententias,
1188 3785 1278 3836 «quse

187 3851 282 3902 vitioso
300 3849 450 3901 obscuritas
467 3863 517 3900 nec
535 3848 602 3899 ullae
614 3861 716 3899 sermo-
754 3853 864 3915 propter
881 3849 1039 3899 tenuitatem
1056 3846 1154 3898 nullum
1167 3851 1211 3898 eut
1223 3847 1280 3896 eri-

189 3923 230 3974 414
248 3925 339 3974 rustici
357 3922 478 3974 sordes.»
504 3923 568 3974 44444
579 3923 621 3972 bis
632 3923 715 3972 inter·
753 3937 834 3986 guam
851 3925 905 3974 vim
923 3923 1050 3972 exercent
1066 3922 1092 3971 io
1105 3920 1210 3970 lectoris
1222 3922 1280 3970 sni-

189 3997 261 4049 cedit
278 3997 420 4048 similitudo
441 4011 503 4047 cum
521 3996 657 4047 Ciceronis
674 3997 715 4046 iu·
754 4010 855 4047 mum.»
877 4023 903 4032 —
922 3995 998 4059 tollet]
1025 3993 1155 4058 Equidem
1177 3993 1279 4058 explico

188 4072 257 4122 dicio
276 4072 310 4123 de
334 4072 366 4123 44.
386 4070 476 4121 Culidii
501 4071 620 4120 oratione
640 4071 713 4120 Brut.
754 4084 787 4120 ex
804 4067 909 4129 Quintil.
923 4069 964 4128 40,
978 4069 1002 4129 4,
1017 4071 1046 4118 t:
1065 4069 1184 4130 Sequitur
1197 4081 1280 4120 44444-

188 4146 230 4206 49,
243 4145 307 4196 tit:
324 4146 436 4208 44444444
450 4145 585 4207 itenere
601 4150 670 4205 erct,
687 4150 716 4194 ut
753 4145 832 4204 detio,
840 4155 904 4205 pars
912 4143 1129 4206 studioruuntonqe
1137 4143 1277 4193 4444444444.

188 4219 250 4269 44444
267 4220 436 4282 liquidius,
449 4219 713 4283 itatibmstuebet,
754 4217 883 4268 --iiuluc
900 4221 984 4266 amem
1007 4217 1088 4279 operis
1109 4221 1146 4268 est
1159 4243 1173 4254 -
1185 4243 1200 4254 -
1216 4231 1280 4280 444-

188 4299 357 4358 utnusquam
375 4295 573 4350 edtmrescemm
601 4305 650 4344 nec
674 4297 715 4343 tu-
752 4291 1278 4354 meretmnentiu,numilicectottere,
