3192 4974
261 427 323 491 398
547 495 549 498 Ι
616 425 745 477 noman
761 423 982 510 snrsromnun

304 585 453 651 Sirenum
475 602 574 649 voces
597 593 630 649 et
652 582 765 649 Circae
788 579 905 668 pocula
926 579 1029 658 nosti;

305 707 396 786 Quae
420 705 448 771 si
470 725 544 771 cum
566 702 663 771 sociis
686 701 801 769 stultus
824 701 1030 790 cupidusque
1051 699 1200 778 bibisset,

306 826 374 894 Sub
397 826 529 893 domina
549 824 721 892 meretrice
743 823 857 890 fixisset
878 823 980 910 turpis
1003 833 1036 890 et
1057 842 1186 900 excors,
1310 823 1353 889 25

306 948 444 1015 Vixisset
465 947 554 1016 canis
577 945 762 1013 immundus
783 944 834 1012 vel
858 944 962 1012 amica
983 942 1050 1011 luto
1073 965 1140 1011 sus.

309 1072 374 1137 Nos
397 1090 551 1137 numerus
574 1089 687 1135 sumus
709 1078 742 1134 et
762 1067 871 1154 fruges
893 1087 1086 1134 consumere
1109 1067 1189 1145 nati,

333 1278 374 1329 33.
394 1278 476 1330 Circes
491 1291 519 1343 p.
540 1304 567 1316 -
586 1278 627 1328 25.
646 1276 755 1341 ἀοιοίιιο]
774 1277 835 1326 diac
851 1292 878 1326 κ,

268 1493 295 1503 -
308 1465 433 1527 suenum]
446 1463 542 1528 odyss.
554 1481 589 1529 μ,
609 1463 640 1514 39
652 1477 724 1528 sqq„
742 1463 790 1514 ubi
828 1464 856 1524 9,
876 1463 922 1514 ta:
939 1462 1057 1513 Alliseor
1073 1463 1155 1526 ipsam
1173 1465 1273 1515 οιιίιιιιις
1287 1465 1355 1516 cide

265 1538 409 1591 Scholiasta
438 1551 533 1589 earum
560 1537 668 1589 nomina
696 1537 788 1588 allent:
827 1542 884 1598 tur,
914 1551 948 1588 ec
972 1551 1021 1600 qao
1047 1537 1193 1600 excordes,
1224 1539 1355 1590 vecordes

265 1613 460 1679 Aglaopheme,
479 1611 652 1677 Thelxiopea,
670 1613 789 1674 Pisinoe,
828 1611 1032 1675 concordesque
1050 1613 1175 1663 duamur.
1200 1612 1355 1665 llarklando

265 1691 353 1754 Ligea.
372 1690 444 1739 Duas
467 1690 570 1739 tantum
593 1688 712 1752 agnoscit
736 1688 792 1738 llo·
828 1687 856 1737 in
873 1687 992 1736 mentem
1009 1687 1082 1736 venit
1097 1679 1354 1759 οοιιοιε(ἀ’κληρος),

265 1776 358 1814 merus
379 1777 406 1813 v.
423 1763 464 1813 52.
489 1765 516 1812 et
539 1760 661 1827 Sopboel.
685 1763 789 1825 Fragm.
829 1762 859 1811 ut
869 1759 1053 1823 tautologiam,
1066 1773 1149 1824 quam
1160 1761 1357 1826 putabamque

265 1837 324 1890 toi.
346 1839 392 1888 lh:
424 1832 565 1907 Σειρῆνας
595 1832 793 1902 εἰσαφικόμην
830 1839 883 1897 tae,
902 1835 1111 1896 acca-svitawa,
1130 1839 1358 1899 quamconieetn·

266 1908 379 1984 Φόρκου
396 1910 460 1976 (aliis
477 1911 592 1975 Acheloi)
604 1909 708 1982 κόρας,
727 1911 794 1982 θρο-
830 1921 889 1959 ram
906 1907 949 1958 elil
966 1909 1132 1972 interpretati
1149 1913 1213 1961 sunt
1227 1913 1356 1964 eexheres

266 1984 350 2039 oiim
364 1979 531 2048 τοὺςἍιδοο
543 1982 661 2051 νόμους.
681 1987 745 2036 Trea
758 1984 792 2034 ab
833 1983 1035 2042 numanitatis,»
1056 1980 1098 2032 alii
1117 1985 1258 2046 «eximius,
1277 1999 1358 2051 prae-

266 2062 411 2113 artiflcibus
434 2062 577 2125 finguntur.
612 2061 680 2111 Vide
704 2060 794 2124 lngbi-
832 2059 938 2120 stanspi
955 2057 1013 2121 pari
1031 2059 1122 2121 utique
1140 2059 1213 2119 iure;
1233 2073 1295 2111 nam
1308 2063 1359 2113 llo·

266 2137 335 2187 rami
352 2136 409 2186 Gol.
424 2133 750 2194 emoniensem,
767 2135 794 2185 in
832 2133 891 2182 retii
908 2145 996 2182 casura
1012 2133 1085 2183 certe
1103 2146 1156 2184 non
1174 2137 1224 2185 est.
1255 2165 1282 2174 -
1307 2135 1358 2186 Sub

267 2224 320 2274 qua
338 2209 416 2260 unius
432 2220 525 2258 earum
543 2211 584 2258 est
601 2221 701 2260 nomen
717 2207 795 2258 FMFJ-
833 2207 936 2256 domina
957 2207 1101 2272 maeleim]
1125 2207 1192 2258 «sub
1215 2212 1358 2262 meretrice

267 2283 372 2346 ΡΟΠΑ,
387 2284 451 2332 item
462 2283 490 2332 Τ.
499 2282 540 2331 97.
551 2307 576 2320 -
587 2283 684 2348 Circae]
697 2283 793 2346 Odyss.
833 2280 1044 2340 contemnenda,
1063 2293 1132 2345 quae
1149 2285 1240 2334 tamen
1258 2285 1315 2335 eius
1332 2287 1358 2337 in

268 2375 300 2420 κ,
325 2358 374 2408 330
396 2369 455 2420 sqq.
475 2356 639 2420 Frequenter
661 2359 751 2408 autem
768 2361 796 2408 et
833 2355 949 2406 bestiam
983 2358 1076 2406 mutati
1104 2357 1212 2410 domina
1240 2359 1359 2411 luisset.»

268 2435 391 2484 Sirenum
401 2435 428 2482 et
436 2432 529 2482 Circae
539 2430 668 2496 exemplis
679 2432 796 2483 inacho-
833 2431 937 2482 Festive
955 2433 994 2482 sic
1011 2434 1088 2481 vocal
1107 2432 1201 2493 deam,
1228 2435 1291 2497 quia
1312 2450 1361 2501 po-

269 2507 301 2560 lis
318 2506 474 2566 utebantur,
501 2509 530 2556 ut
551 2505 732 2569 significarent
746 2519 796 2558 vo-
834 2508 891 2557 stea
915 2507 957 2558 sui
980 2507 1086 2571 copiam
1109 2507 1171 2558 lecit
1193 2506 1265 2560 Ulixi.
1292 2509 1358 2562 Plut.

268 2581 400 2646 luptatum
417 2577 557 2630 illecebras
574 2580 712 2644 fugiendas
724 2593 793 2632 essa.
835 2581 945 2643 contus.
967 2582 1059 2632 Praec.
1081 2581 1111 2631 li:
1141 2576 1215 2632 oeci
1234 2579 1290 2654 γὰρ
1306 2581 1361 2650 τήν

270 2656 323 2708 Cir.
337 2655 469 2721 Demoph.
483 2653 608 2716 Simil.i,
628 2655 667 2705 43.
688 2657 715 2706 et
731 2657 797 2706 Dio·
834 2654 943 2725 Κίρκην
969 2650 1088 2720 ὤνησαν
1112 2655 1144 2704 οἱ
1166 2671 1360 2730 καταφαρμα.

269 2743 333 2782 nem
351 2731 489 2793 chrysost.
509 2730 552 2780 0r.
566 2730 590 2779 8.
604 2742 630 2794 p.
643 2729 701 2780 383.
715 2731 744 2781 ll.
766 2754 793 2766 -
834 2729 998 2793 κερθέντες,
1028 2726 1088 2782 οὐδ’
1117 2729 1265 2803 ἐχρήσατο
1290 2730 1362 2805 πρὸς

266 2805 367 2869 poeula]
389 2801 533 2876 φάρμακα
553 2799 654 2875 λογροὶ.
674 2805 708 2869 (v.
725 2803 797 2867 236.)
835 2799 919 2856 οὐδὲν
936 2799 1036 2868 αὐτοῖς
1053 2799 1104 2856 aiot
1119 2807 1169 2856 καὶ
1187 2800 1266 2869 ὄνοις
1283 2823 1362 2873 γενο-

272 2907 299 2918 -
319 2893 377 2930 eam
396 2881 475 2942 coela]
499 2881 546 2943 qui
567 2880 595 2930 ln
616 2878 707 2930 tahida
724 2882 797 2931 Ron—
834 2881 949 2946 μένοις,
962 2874 1190 2932 sevc’oevaae'a
1198 2880 1270 2932 νόον
1279 2878 1361 2944 ἕχον·

271 2954 797 3019 dinianassngnirami111.p.tte.)vo-
834 2969 871 3006 τα
895 2956 1046 3026 φρονίμως
1072 2949 1303 3027 ὑπερηγάπησεν.
1331 2985 1359 2996 -

271 3033 365 3081 eantur
381 3028 489 3102 ἑταῖροι
500 3029 717 3100 τεθηριωμένον.
745 3029 798 3079 Sed
835 3031 921 3080 moloc
937 3031 998 3096 luto]
1021 3029 1123 3082 Eadem
1139 3033 1206 3097 lipp.
1224 3033 1253 3094 2,
1272 3033 1301 3094 2,
1320 3034 1360 3084 73.

271 3105 350 3168 digna
375 3106 520 3170 imprimis,
548 3117 618 3168 quae
644 3107 796 3169 spectetur,
834 3107 947 3155 vocatur
963 3104 1094 3156 lutulento.

271 3183 314 3231 est
325 3178 389 3230 ibid.
402 3181 431 3230 Τ.
444 3181 497 3240 bl,
515 3178 562 3230 ubi
576 3181 652 3230 Circe
664 3180 736 3243 ipsa,
756 3191 798 3228 ra-
867 3179 956 3230 aa-st.
974 3181 1026 3231 Nos
1043 3181 1107 3244 eet]
1125 3181 1178 3232 Clr.
1192 3182 1310 3246 Belliger
1325 3182 1360 3232 at.

272 3253 334 3320 pide
344 3266 404 3304 sese
413 3253 448 3304 ab
460 3252 508 3304 illis
520 3257 659 3315 avertens,
670 3252 797 3317 poculum
835 3253 959 3317 Schriften
976 3256 996 3304 l.
1009 3267 1036 3319 p.
1050 3255 1107 3306 aei.
1134 3257 1180 3308 «ot
1190 3257 1217 3306 in
1229 3256 1300 3310 Ulixe
1312 3257 1364 3307 llo·

272 3327 435 3379 medicatum
452 3329 627 3378 manutenet.
646 3328 713 3390 Epp.
727 3329 754 3387 l,
768 3328 796 3389 6,
836 3341 927 3378 merus
949 3329 1095 3394 sapientiae
1117 3332 1146 3380 et
1168 3333 1362 3396 temperantiae

271 3403 318 3453 63:
333 3401 466 3463 ramicum
475 3401 592 3452 vitioamn
602 3401 737 3451 liliacenais
750 3401 800 3450 Uli·
837 3400 990 3466 exemplum
1006 3404 1156 3468 proposuit,
1175 3405 1214 3456 sie
1232 3407 1258 3455 in
1275 3408 1364 3457 Pene-

270 3477 328 3537 cet,
347 3475 394 3526 Cal
406 3475 492 3537 potior
506 3476 595 3538 patria
605 3475 654 3538 salt
663 3475 798 3524 intertiata
837 3475 914 3539 lopae
931 3478 1020 3541 procis
1038 3481 1066 3528 et
1082 3479 1247 3530 Phaeacibus
1270 3482 1364 3544 imagi-

271 3548 545 3614 coaptas—tiltres
553 3549 616 3614 cet]
629 3548 699 3600 Bibit
707 3549 799 3613 utique
838 3564 900 3603 nem
923 3551 1094 3603 adumbravit
1117 3553 1257 3605 bominum
1280 3553 1362 3618 volgi,

272 3639 367 3689 magne
385 3625 506 3685 cinnum,
525 3624 575 3674 sed
589 3627 667 3674 caute
680 3626 709 3674 et
718 3636 800 3688 prae·
839 3627 882 3677 eui
901 3624 1008 3690 plurimi
1030 3629 1153 3678 nostrum
1171 3627 1366 3680 adnumerandi

273 3695 800 3763 munitusmsuperantidotoiiio(pnite)
839 3704 928 3751 sunt.»
961 3703 992 3752 b.
1014 3703 1041 3752 in
1065 3701 1188 3752 Seehode
1211 3704 1244 3754 N.
1264 3704 1364 3754 mbo.

273 3789 289 3826 a
306 3775 437 3826 hlercurio
454 3777 574 3838 accepto.
610 3772 711 3835 Quodsi
732 3773 802 3823 bau·
841 3775 914 3826 taio.
925 3775 952 3825 F.
964 3776 988 3826 l.
998 3789 1025 3841 p.
1037 3777 1093 3827 433.
1108 3803 1136 3814 -
1149 3779 1279 3840 nmmos]
1291 3779 1368 3830 «Nel-

276 3851 356 3902 sisset
369 3861 506 3900 venenum
517 3848 613 3899 eadem
624 3861 677 3912 qua
690 3849 803 3900 comites
841 3849 881 3900 len
897 3850 939 3900 dea
955 3851 1124 3902 &homm-
1150 3853 1229 3904 Voss.
1255 3853 1365 3917 Proprie

274 3923 455 3989 imprudentia
472 3925 552 3988 atque
578 3923 721 3986 aviditate,
745 3925 802 3989 ipse
842 3926 873 3988 ii,
893 3937 1008 3988 quorum
1026 3927 1113 3991 capita
1125 3925 1264 3978 dumtaxat
1275 3939 1368 3979 nume·

275 4011 384 4064 quoque
395 3999 481 4050 laetus
494 3998 566 4050 esset
577 3999 674 4061 copo,
687 3997 805 4063 quodad
842 4001 946 4060 rantur,
965 3999 1036 4051 naha
1053 4001 1162 4064 ingenii,
1181 4002 1298 4065 antuus,
1317 4001 1369 4052 lor·

275 4071 391 4127 Formam
402 4076 519 4140 spectat,
540 4076 657 4126 mnmtus
669 4074 696 4125 in
708 4087 805 4125 canem
845 4074 961 4126 titudinis
969 4077 1071 4126 ratione
1080 4075 1179 4137 habita,
1188 4075 1369 4141 quibuspror·

276 4149 318 4201 vel
336 4163 428 4212 suem,
446 4153 473 4200 et
489 4161 593 4212 secors,
612 4144 718 4214 ἄνους,
736 4149 806 4200 bru·
844 4161 891 4201 sus
922 4161 1015 4200 carere
1046 4151 1238 4201 existimantur.
1276 4150 1366 4213 Eurip.

276 4227 335 4286 tus,
362 4236 473 4288 prorsus
494 4225 616 4289 privatas
634 4227 707 4277 esset
723 4225 807 4275 ratic·
845 4221 949 4275 llerael.
963 4225 1025 4274 997:
1048 4219 1140 4286 Εἰδὼς
1155 4223 1211 4290 μὲν
1231 4219 1286 4276 οὐκ
1305 4217 1369 4294 cipe

276 4311 311 4350 ue
324 4299 405 4362 atque
416 4296 596 4364 intelligentia.
616 4301 671 4352 Cic.
685 4300 763 4350 lusa.
780 4300 805 4362 t,
844 4293 936 4364 θμόν,
958 4293 1018 4348 ἀλλ’
1033 4295 1181 4366 ἐτητύμως
1190 4293 1280 4370 irrep·
1298 4293 1369 4348 ὄντα
