<?xml version="1.0" encoding="UTF-8"?>
<!DOCTYPE html PUBLIC "-//W3C//DTD XHTML 1.0 Transitional//EN"
    "http://www.w3.org/TR/xhtml1/DTD/xhtml1-transitional.dtd">
<html xmlns="http://www.w3.org/1999/xhtml" xml:lang="en" lang="en">
 <head>
  <title>
</title>
<meta http-equiv="Content-Type" content="text/html;charset=utf-8" />
  <meta name='ocr-system' content='tesseract 3.04.00' />
  <meta name='ocr-capabilities' content='ocr_page ocr_carea ocr_par ocr_line ocrx_word'/>
</head>
<body>
  <div class='ocr_page' id='page_1' title='image "./qhoratiusflaccu01baitgoog_0097.png"; bbox 0 0 3082 4968; ppageno 0'>
   <div class='ocr_carea' id='block_1_1' title="bbox 326 489 1035 554">
    <p class='ocr_par' dir='ltr' id='par_1_1' title="bbox 326 489 1035 554">
     <span class='ocr_line' id='line_1_1' title="bbox 326 489 1035 554; baseline 0.01 -23"><span class='ocrx_word' id='word_1_1' title='bbox 326 489 367 554; x_wconf 71' lang='lat'><strong>82</strong></span> <span class='ocrx_word' id='word_1_2' title='bbox 603 529 606 534; x_wconf 97' lang='lat'>.</span> <span class='ocrx_word' id='word_1_3' title='bbox 707 489 835 539; x_wconf 74' lang='lat' dir='ltr'>nunniti</span> <span class='ocrx_word' id='word_1_4' title='bbox 854 489 1035 541; x_wconf 74' lang='lat' dir='ltr'>sarlatium</span> 
     </span>
    </p>
   </div>
   <div class='ocr_carea' id='block_1_2' title="bbox 358 642 1411 2314">
    <p class='ocr_par' dir='ltr' id='par_1_2' title="bbox 366 642 1268 854">
     <span class='ocr_line' id='line_1_2' title="bbox 366 642 1268 732; baseline -0.002 -20"><span class='ocrx_word' id='word_1_5' title='bbox 366 649 412 712; x_wconf 91' lang='lat' dir='ltr'>Ne</span> <span class='ocrx_word' id='word_1_6' title='bbox 436 665 593 732; x_wconf 87' lang='lat' dir='ltr'>sequerer</span> <span class='ocrx_word' id='word_1_7' title='bbox 614 642 782 720; x_wconf 83' lang='lat' dir='ltr'>moechas,</span> <span class='ocrx_word' id='word_1_8' title='bbox 806 665 963 711; x_wconf 87' lang='lat' dir='ltr'>concessa</span> <span class='ocrx_word' id='word_1_9' title='bbox 985 665 1060 712; x_wconf 86' lang='lat' dir='ltr'>eum</span> <span class='ocrx_word' id='word_1_10' title='bbox 1082 665 1201 712; x_wconf 84' lang='lat' dir='ltr'>venere</span> <span class='ocrx_word' id='word_1_11' title='bbox 1224 646 1268 711; x_wconf 90' lang='lat' dir='ltr'><strong>uti</strong></span> 
     </span>
     <span class='ocr_line' id='line_1_3' title="bbox 366 765 1242 854; baseline -0.005 -19"><span class='ocrx_word' id='word_1_12' title='bbox 366 769 516 835; x_wconf 84' lang='lat' dir='ltr'><strong>Possem:</strong></span> <span class='ocrx_word' id='word_1_13' title='bbox 539 766 697 854; x_wconf 87' lang='lat' dir='ltr'>Deprensi</span> <span class='ocrx_word' id='word_1_14' title='bbox 719 785 783 832; x_wconf 91' lang='lat' dir='ltr'><strong>non</strong></span> <span class='ocrx_word' id='word_1_15' title='bbox 806 765 891 832; x_wconf 89' lang='lat' dir='ltr'>bella</span> <span class='ocrx_word' id='word_1_16' title='bbox 912 775 961 832; x_wconf 85' lang='lat' dir='ltr'><strong>est</strong></span> <span class='ocrx_word' id='word_1_17' title='bbox 983 767 1066 833; x_wconf 87' lang='lat' dir='ltr'>lama</span> <span class='ocrx_word' id='word_1_18' title='bbox 1089 766 1242 844; x_wconf 85' lang='lat' dir='ltr'>Treboni,</span> 
     </span>
    </p>

    <p class='ocr_par' dir='ltr' id='par_1_3' title="bbox 364 887 1409 1219">
     <span class='ocr_line' id='line_1_4' title="bbox 365 887 1409 976; baseline -0.001 -21"><span class='ocrx_word' id='word_1_19' title='bbox 365 889 486 956; x_wconf 77' lang='lat' dir='ltr'>Aiebat.</span> <span class='ocrx_word' id='word_1_20' title='bbox 532 889 684 976; x_wconf 83' lang='lat' dir='ltr'>Sapiens,</span> <span class='ocrx_word' id='word_1_21' title='bbox 708 887 807 954; x_wconf 88' lang='lat' dir='ltr'>vitatu</span> <span class='ocrx_word' id='word_1_22' title='bbox 830 887 973 976; x_wconf 87' lang='lat' dir='ltr'>quidque</span> <span class='ocrx_word' id='word_1_23' title='bbox 996 889 1098 976; x_wconf 87' lang='lat' dir='ltr'>petitu</span> <span class='ocrx_word' id='word_1_24' title='bbox 1347 888 1409 954; x_wconf 77' lang='lat' dir='ltr'><strong>lib</strong></span> 
     </span>
     <span class='ocr_line' id='line_1_5' title="bbox 365 1008 1243 1086; baseline 0 -10"><span class='ocrx_word' id='word_1_25' title='bbox 365 1010 412 1076; x_wconf 90' lang='lat' dir='ltr'><strong>Sit</strong></span> <span class='ocrx_word' id='word_1_26' title='bbox 432 1009 564 1086; x_wconf 86' lang='lat' dir='ltr'>melius,</span> <span class='ocrx_word' id='word_1_27' title='bbox 589 1030 705 1076; x_wconf 84' lang='lat' dir='ltr'><strong>causas</strong></span> <span class='ocrx_word' id='word_1_28' title='bbox 728 1008 844 1076; x_wconf 84' lang='lat' dir='ltr'><strong>reddet</strong></span> <span class='ocrx_word' id='word_1_29' title='bbox 865 1009 937 1076; x_wconf 91' lang='lat' dir='ltr'>tibi:</span> <span class='ocrx_word' id='word_1_30' title='bbox 961 1010 1002 1075; x_wconf 91' lang='lat' dir='ltr'><strong>mi</strong></span> <span class='ocrx_word' id='word_1_31' title='bbox 1027 1009 1191 1086; x_wconf 87' lang='grc'><strong>44444444,</strong></span> <span class='ocrx_word' id='word_1_32' title='bbox 1216 1010 1243 1076; x_wconf 93' lang='lat' dir='ltr'><strong>si</strong></span> 
     </span>
     <span class='ocr_line' id='line_1_6' title="bbox 364 1131 1247 1219; baseline 0 -21"><span class='ocrx_word' id='word_1_33' title='bbox 364 1131 527 1198; x_wconf 81' lang='lat' dir='ltr'>Traditum</span> <span class='ocrx_word' id='word_1_34' title='bbox 550 1132 590 1198; x_wconf 87' lang='lat' dir='ltr'>ab</span> <span class='ocrx_word' id='word_1_35' title='bbox 614 1132 753 1219; x_wconf 87' lang='lat' dir='ltr'>antiquis</span> <span class='ocrx_word' id='word_1_36' title='bbox 776 1151 900 1197; x_wconf 90' lang='lat' dir='ltr'>morem</span> <span class='ocrx_word' id='word_1_37' title='bbox 923 1149 1054 1198; x_wconf 88' lang='lat' dir='ltr'>servare</span> <span class='ocrx_word' id='word_1_38' title='bbox 1079 1142 1247 1219; x_wconf 83' lang='lat' dir='ltr'>tuamque,</span> 
     </span>
    </p>

    <p class='ocr_par' dir='ltr' id='par_1_4' title="bbox 362 1252 1163 1341">
     <span class='ocr_line' id='line_1_7' title="bbox 362 1252 1163 1341; baseline -0.001 -22"><span class='ocrx_word' id='word_1_39' title='bbox 362 1255 447 1320; x_wconf 88' lang='lat' dir='ltr'><strong>Dum</strong></span> <span class='ocrx_word' id='word_1_40' title='bbox 469 1252 613 1320; x_wconf 89' lang='lat' dir='ltr'>custodis</span> <span class='ocrx_word' id='word_1_41' title='bbox 636 1273 731 1340; x_wconf 67' lang='grc'><strong>44444,</strong></span> <span class='ocrx_word' id='word_1_42' title='bbox 755 1253 852 1319; x_wconf 81' lang='lat' dir='ltr'>vitam</span> <span class='ocrx_word' id='word_1_43' title='bbox 875 1252 1058 1341; x_wconf 83' lang='lat' dir='ltr'><strong>famamque</strong></span> <span class='ocrx_word' id='word_1_44' title='bbox 1080 1254 1163 1320; x_wconf 89' lang='lat' dir='ltr'>tueri</span> 
     </span>
    </p>

    <p class='ocr_par' dir='ltr' id='par_1_5' title="bbox 363 1374 1211 1462">
     <span class='ocr_line' id='line_1_8' title="bbox 363 1374 1211 1462; baseline 0.004 -22"><span class='ocrx_word' id='word_1_45' title='bbox 363 1374 559 1442; x_wconf 84' lang='lat' dir='ltr'>ineolumem</span> <span class='ocrx_word' id='word_1_46' title='bbox 581 1395 731 1462; x_wconf 82' lang='lat' dir='ltr'>possum3</span> <span class='ocrx_word' id='word_1_47' title='bbox 757 1374 851 1440; x_wconf 91' lang='lat' dir='ltr'>simul</span> <span class='ocrx_word' id='word_1_48' title='bbox 874 1396 913 1441; x_wconf 89' lang='lat' dir='ltr'><strong>ae</strong></span> <span class='ocrx_word' id='word_1_49' title='bbox 935 1375 1101 1441; x_wconf 78' lang='lat' dir='ltr'>duraverit</span> <span class='ocrx_word' id='word_1_50' title='bbox 1122 1385 1211 1444; x_wconf 86' lang='lat' dir='ltr'>aetas</span> 
     </span>
    </p>

    <p class='ocr_par' dir='ltr' id='par_1_6' title="bbox 361 1495 1410 1705">
     <span class='ocr_line' id='line_1_9' title="bbox 363 1495 1410 1584; baseline 0 -23"><span class='ocrx_word' id='word_1_51' title='bbox 363 1497 505 1563; x_wconf 89' lang='lat' dir='ltr'>Membra</span> <span class='ocrx_word' id='word_1_52' title='bbox 521 1497 727 1584; x_wconf 89' lang='lat' dir='ltr'>animumque</span> <span class='ocrx_word' id='word_1_53' title='bbox 740 1505 838 1572; x_wconf 81' lang='lat' dir='ltr'>tuum,</span> <span class='ocrx_word' id='word_1_54' title='bbox 857 1495 949 1562; x_wconf 92' lang='lat' dir='ltr'>nabis</span> <span class='ocrx_word' id='word_1_55' title='bbox 965 1497 1034 1563; x_wconf 91' lang='lat' dir='ltr'>sine</span> <span class='ocrx_word' id='word_1_56' title='bbox 1050 1497 1179 1563; x_wconf 84' lang='lat' dir='ltr'>cortice.</span> <span class='ocrx_word' id='word_1_57' title='bbox 1204 1497 1257 1564; x_wconf 89' lang='lat' dir='ltr'><strong>Sic</strong></span> <span class='ocrx_word' id='word_1_58' title='bbox 1272 1517 1323 1563; x_wconf 89' lang='lat' dir='ltr'>me</span> <span class='ocrx_word' id='word_1_59' title='bbox 1348 1495 1410 1563; x_wconf 73' lang='lat' dir='ltr'><strong>l20</strong></span> 
     </span>
     <span class='ocr_line' id='line_1_10' title="bbox 361 1617 1140 1705; baseline 0.001 -21"><span class='ocrx_word' id='word_1_60' title='bbox 361 1617 532 1684; x_wconf 87' lang='lat' dir='ltr'>Formabat</span> <span class='ocrx_word' id='word_1_61' title='bbox 555 1638 691 1705; x_wconf 85' lang='lat' dir='ltr'>puerum</span> <span class='ocrx_word' id='word_1_62' title='bbox 713 1617 821 1694; x_wconf 85' lang='lat' dir='ltr'>dietis,</span> <span class='ocrx_word' id='word_1_63' title='bbox 847 1629 879 1684; x_wconf 89' lang='lat' dir='ltr'><strong>et</strong></span> <span class='ocrx_word' id='word_1_64' title='bbox 900 1618 969 1683; x_wconf 84' lang='lat' dir='ltr'>sive</span> <span class='ocrx_word' id='word_1_65' title='bbox 992 1617 1140 1694; x_wconf 88' lang='lat' dir='ltr'>iubebat,</span> 
     </span>
    </p>

    <p class='ocr_par' dir='ltr' id='par_1_7' title="bbox 359 1737 1330 1941">
     <span class='ocr_line' id='line_1_11' title="bbox 360 1737 1330 1828; baseline -0.001 -20"><span class='ocrx_word' id='word_1_66' title='bbox 360 1741 399 1808; x_wconf 90' lang='lat' dir='ltr'>Ut</span> <span class='ocrx_word' id='word_1_67' title='bbox 420 1739 561 1806; x_wconf 86' lang='lat' dir='ltr'>lacerem</span> <span class='ocrx_word' id='word_1_68' title='bbox 583 1737 680 1826; x_wconf 89' lang='lat' dir='ltr'>quid:</span> <span class='ocrx_word' id='word_1_69' title='bbox 706 1737 814 1805; x_wconf 89' lang='lat' dir='ltr'>Habes</span> <span class='ocrx_word' id='word_1_70' title='bbox 837 1749 1019 1815; x_wconf 82' lang='lat' dir='ltr'>auctorem,</span> <span class='ocrx_word' id='word_1_71' title='bbox 1043 1760 1110 1828; x_wconf 86' lang='lat' dir='ltr'><strong>quo</strong></span> <span class='ocrx_word' id='word_1_72' title='bbox 1133 1739 1231 1808; x_wconf 83' lang='lat' dir='ltr'>iacias</span> <span class='ocrx_word' id='word_1_73' title='bbox 1254 1739 1330 1816; x_wconf 87' lang='grc'><strong>4444,</strong></span> 
     </span>
     <span class='ocr_line' id='line_1_12' title="bbox 359 1858 1081 1941; baseline -0.003 -12"><span class='ocrx_word' id='word_1_74' title='bbox 359 1862 464 1929; x_wconf 93' lang='lat' dir='ltr'>Unum</span> <span class='ocrx_word' id='word_1_75' title='bbox 487 1881 527 1928; x_wconf 86' lang='grc'><strong>44</strong></span> <span class='ocrx_word' id='word_1_76' title='bbox 549 1859 710 1927; x_wconf 85' lang='lat' dir='ltr'>iudicibus</span> <span class='ocrx_word' id='word_1_77' title='bbox 736 1858 865 1927; x_wconf 84' lang='lat' dir='ltr'>selectis</span> <span class='ocrx_word' id='word_1_78' title='bbox 889 1859 1081 1941; x_wconf 87' lang='lat' dir='ltr'>obiiciebat;</span> 
     </span>
    </p>

    <p class='ocr_par' dir='ltr' id='par_1_8' title="bbox 361 1981 1277 2050">
     <span class='ocr_line' id='line_1_13' title="bbox 361 1981 1277 2050; baseline -0.001 -1"><span class='ocrx_word' id='word_1_79' title='bbox 361 1983 435 2049; x_wconf 86' lang='lat' dir='ltr'>Sive</span> <span class='ocrx_word' id='word_1_80' title='bbox 460 1982 601 2048; x_wconf 87' lang='lat' dir='ltr'>vetabat:</span> <span class='ocrx_word' id='word_1_81' title='bbox 626 1985 673 2047; x_wconf 82' lang='lat' dir='ltr'><strong>An</strong></span> <span class='ocrx_word' id='word_1_82' title='bbox 695 1981 757 2048; x_wconf 85' lang='lat' dir='ltr'>hoe</span> <span class='ocrx_word' id='word_1_83' title='bbox 780 1981 985 2047; x_wconf 91' lang='lat' dir='ltr'>inhonestum</span> <span class='ocrx_word' id='word_1_84' title='bbox 1007 1992 1039 2048; x_wconf 90' lang='lat' dir='ltr'><strong>et</strong></span> <span class='ocrx_word' id='word_1_85' title='bbox 1060 1981 1170 2049; x_wconf 89' lang='lat' dir='ltr'>inutile</span> <span class='ocrx_word' id='word_1_86' title='bbox 1193 1982 1277 2050; x_wconf 88' lang='lat' dir='ltr'>lactu</span> 
     </span>
    </p>

    <p class='ocr_par' dir='ltr' id='par_1_9' title="bbox 358 2101 1411 2314">
     <span class='ocr_line' id='line_1_14' title="bbox 358 2101 1411 2190; baseline -0.001 -20"><span class='ocrx_word' id='word_1_87' title='bbox 358 2105 466 2170; x_wconf 86' lang='lat' dir='ltr'>Neeue</span> <span class='ocrx_word' id='word_1_88' title='bbox 489 2103 548 2180; x_wconf 88' lang='lat' dir='ltr'>sit,</span> <span class='ocrx_word' id='word_1_89' title='bbox 572 2102 760 2180; x_wconf 87' lang='lat' dir='ltr'>addubites,</span> <span class='ocrx_word' id='word_1_90' title='bbox 784 2102 897 2190; x_wconf 83' lang='lat' dir='ltr'>flagret</span> <span class='ocrx_word' id='word_1_91' title='bbox 919 2124 1050 2170; x_wconf 90' lang='lat' dir='ltr'>rumore</span> <span class='ocrx_word' id='word_1_92' title='bbox 1073 2101 1158 2170; x_wconf 91' lang='lat' dir='ltr'>malo</span> <span class='ocrx_word' id='word_1_93' title='bbox 1181 2125 1254 2172; x_wconf 87' lang='lat' dir='ltr'>eum</span> <span class='ocrx_word' id='word_1_94' title='bbox 1345 2103 1411 2170; x_wconf 72' lang='grc'><strong>445</strong></span> 
     </span>
     <span class='ocr_line' id='line_1_15' title="bbox 360 2223 1255 2314; baseline 0.002 -24"><span class='ocrx_word' id='word_1_95' title='bbox 360 2224 419 2290; x_wconf 86' lang='lat' dir='ltr'><strong>Hie</strong></span> <span class='ocrx_word' id='word_1_96' title='bbox 442 2235 538 2313; x_wconf 89' lang='lat' dir='ltr'>atque</span> <span class='ocrx_word' id='word_1_97' title='bbox 564 2223 640 2290; x_wconf 79' lang='lat' dir='ltr'>illei</span> <span class='ocrx_word' id='word_1_98' title='bbox 662 2223 783 2290; x_wconf 80' lang='lat' dir='ltr'>Avidos</span> <span class='ocrx_word' id='word_1_99' title='bbox 805 2223 946 2290; x_wconf 82' lang='lat' dir='ltr'>vicinum</span> <span class='ocrx_word' id='word_1_100' title='bbox 967 2223 1062 2291; x_wconf 83' lang='lat' dir='ltr'>sunus</span> <span class='ocrx_word' id='word_1_101' title='bbox 1085 2235 1117 2291; x_wconf 91' lang='lat' dir='ltr'><strong>et</strong></span> <span class='ocrx_word' id='word_1_102' title='bbox 1140 2246 1255 2314; x_wconf 85' lang='lat' dir='ltr'>aegros</span> 
     </span>
    </p>
   </div>
   <div class='ocr_carea' id='block_1_3' title="bbox 349 2422 1372 2712">
    <p class='ocr_par' dir='ltr' id='par_1_10' title="bbox 349 2422 1372 2712">
     <span class='ocr_line' id='line_1_16' title="bbox 382 2422 1369 2487; baseline -0.003 -12"><span class='ocrx_word' id='word_1_103' title='bbox 382 2425 438 2475; x_wconf 82' lang='grc'><strong>449.</strong></span> <span class='ocrx_word' id='word_1_104' title='bbox 455 2425 550 2485; x_wconf 80' lang='lat' dir='ltr'>possim</span> <span class='ocrx_word' id='word_1_105' title='bbox 572 2423 603 2472; x_wconf 88' lang='lat' dir='ltr'>Lt</span> <span class='ocrx_word' id='word_1_106' title='bbox 627 2424 687 2486; x_wconf 81' lang='lat' dir='ltr'>(uon</span> <span class='ocrx_word' id='word_1_107' title='bbox 705 2422 812 2487; x_wconf 80' lang='lat' dir='ltr'>bsedp).</span> <span class='ocrx_word' id='word_1_108' title='bbox 828 2451 855 2459; x_wconf 52' lang='grc' dir='ltr'>ω</span> <span class='ocrx_word' id='word_1_109' title='bbox 875 2422 931 2474; x_wconf 74' lang='grc'><strong>443.</strong></span> <span class='ocrx_word' id='word_1_110' title='bbox 950 2423 1032 2472; x_wconf 79' lang='lat' dir='ltr'>eiectis</span> <span class='ocrx_word' id='word_1_111' title='bbox 1047 2424 1105 2486; x_wconf 89' lang='lat' dir='ltr'><strong>pet</strong></span> <span class='ocrx_word' id='word_1_112' title='bbox 1122 2423 1226 2486; x_wconf 81' lang='lat' dir='ltr'>septem</span> <span class='ocrx_word' id='word_1_113' title='bbox 1244 2423 1369 2473; x_wconf 86' lang='lat' dir='ltr'>Pettierii.</span> 
     </span>
     <span class='ocr_line' id='line_1_17' title="bbox 354 2497 1372 2562; baseline 0 -14"><span class='ocrx_word' id='word_1_114' title='bbox 354 2527 381 2535; x_wconf 89' lang='lat'>-</span> <span class='ocrx_word' id='word_1_115' title='bbox 400 2497 519 2549; x_wconf 79' lang='lat' dir='ltr'>obiciebat</span> <span class='ocrx_word' id='word_1_116' title='bbox 535 2498 562 2548; x_wconf 90' lang='lat' dir='ltr'><strong>d.</strong></span> <span class='ocrx_word' id='word_1_117' title='bbox 584 2523 611 2534; x_wconf 89' lang='lat'><em>-</em></span> <span class='ocrx_word' id='word_1_118' title='bbox 632 2497 688 2548; x_wconf 77' lang='grc'><strong>444,</strong></span> <span class='ocrx_word' id='word_1_119' title='bbox 705 2497 868 2562; x_wconf 69' lang='grc'><strong>[4444444444</strong></span> <span class='ocrx_word' id='word_1_120' title='bbox 881 2499 943 2562; x_wconf 81' lang='lat' dir='ltr'>(non</span> <span class='ocrx_word' id='word_1_121' title='bbox 961 2499 1014 2562; x_wconf 80' lang='lat' dir='ltr'>Spl.</span> <span class='ocrx_word' id='word_1_122' title='bbox 1029 2521 1058 2532; x_wconf 95' lang='lat'><em>-</em></span> <span class='ocrx_word' id='word_1_123' title='bbox 1072 2497 1128 2547; x_wconf 75' lang='grc'><strong>4444.</strong></span> <span class='ocrx_word' id='word_1_124' title='bbox 1148 2511 1183 2547; x_wconf 77' lang='lat' dir='ltr'><strong>ert</strong></span> <span class='ocrx_word' id='word_1_125' title='bbox 1198 2497 1329 2548; x_wconf 79' lang='grc'><strong>4444444444.</strong></span> <span class='ocrx_word' id='word_1_126' title='bbox 1345 2525 1372 2535; x_wconf 92' lang='grc'><strong>-</strong></span> 
     </span>
     <span class='ocr_line' id='line_1_18' title="bbox 349 2568 1372 2712; baseline 0 -90"><span class='ocrx_word' id='word_1_127' title='bbox 349 2573 513 2712; x_wconf 33' lang='lat' dir='ltr'>misnam]</span> <span class='ocrx_word' id='word_1_128' title='bbox 539 2573 666 2623; x_wconf 74' lang='grc'><strong>4444444444</strong></span> <span class='ocrx_word' id='word_1_129' title='bbox 691 2571 718 2623; x_wconf 91' lang='lat' dir='ltr'><strong>b.</strong></span> <span class='ocrx_word' id='word_1_130' title='bbox 740 2599 768 2609; x_wconf 92' lang='lat'>-</span> <span class='ocrx_word' id='word_1_131' title='bbox 791 2573 848 2623; x_wconf 73' lang='grc'><strong>446.</strong></span> <span class='ocrx_word' id='word_1_132' title='bbox 875 2572 935 2623; x_wconf 83' lang='lat' dir='ltr'>iile?</span> <span class='ocrx_word' id='word_1_133' title='bbox 963 2568 1159 2639; x_wconf 68' lang='grc' dir='ltr'><strong>41444444),γιξω,</strong></span> <span class='ocrx_word' id='word_1_134' title='bbox 1179 2575 1239 2623; x_wconf 86' lang='lat' dir='ltr'>octo</span> <span class='ocrx_word' id='word_1_135' title='bbox 1257 2573 1372 2624; x_wconf 79' lang='lat' dir='ltr'>Pottlerii</span> 
     </span>
    </p>
   </div>
   <div class='ocr_carea' id='block_1_4' title="bbox 315 2797 1411 4429">
    <p class='ocr_par' dir='ltr' id='par_1_11' title="bbox 315 2797 1411 3222">
     <span class='ocr_line' id='line_1_19' title="bbox 317 2797 1407 2862; baseline -0.002 -12"><span class='ocrx_word' id='word_1_136' title='bbox 317 2800 417 2850; x_wconf 79' lang='grc'><strong>84444444</strong></span> <span class='ocrx_word' id='word_1_137' title='bbox 434 2799 476 2847; x_wconf 82' lang='lat' dir='ltr'><strong>rix</strong></span> <span class='ocrx_word' id='word_1_138' title='bbox 494 2809 612 2861; x_wconf 90' lang='lat' dir='ltr'>unquam</span> <span class='ocrx_word' id='word_1_139' title='bbox 630 2799 786 2862; x_wconf 88' lang='lat' dir='ltr'>corruptum</span> <span class='ocrx_word' id='word_1_140' title='bbox 798 2810 843 2848; x_wconf 86' lang='lat' dir='ltr'>es·</span> <span class='ocrx_word' id='word_1_141' title='bbox 881 2801 907 2848; x_wconf 93' lang='lat' dir='ltr'><strong>et</strong></span> <span class='ocrx_word' id='word_1_142' title='bbox 929 2798 1041 2849; x_wconf 84' lang='lat' dir='ltr'>tribunis</span> <span class='ocrx_word' id='word_1_143' title='bbox 1064 2799 1172 2848; x_wconf 88' lang='lat' dir='ltr'>aerariis</span> <span class='ocrx_word' id='word_1_144' title='bbox 1196 2797 1296 2848; x_wconf 82' lang='lat' dir='ltr'>iudices</span> <span class='ocrx_word' id='word_1_145' title='bbox 1313 2809 1407 2848; x_wconf 83' lang='lat' dir='ltr'>rarum</span> 
     </span>
     <span class='ocr_line' id='line_1_20' title="bbox 317 2870 1408 2937; baseline -0.004 -11"><span class='ocrx_word' id='word_1_146' title='bbox 317 2877 367 2926; x_wconf 88' lang='grc'><strong>444.</strong></span> <span class='ocrx_word' id='word_1_147' title='bbox 386 2875 424 2925; x_wconf 86' lang='lat' dir='ltr'>De</span> <span class='ocrx_word' id='word_1_148' title='bbox 437 2873 565 2922; x_wconf 83' lang='lat' dir='ltr'>Scantinio</span> <span class='ocrx_word' id='word_1_149' title='bbox 578 2871 722 2935; x_wconf 79' lang='lat' dir='ltr'>Gottlingii,</span> <span class='ocrx_word' id='word_1_150' title='bbox 740 2874 844 2922; x_wconf 87' lang='lat' dir='ltr'>enime-</span> <span class='ocrx_word' id='word_1_151' title='bbox 880 2871 1031 2937; x_wconf 82' lang='lat' dir='ltr'>capitalium</span> <span class='ocrx_word' id='word_1_152' title='bbox 1055 2870 1243 2935; x_wconf 82' lang='lat' dir='ltr'>seligebantur.</span> <span class='ocrx_word' id='word_1_153' title='bbox 1285 2873 1338 2922; x_wconf 87' lang='lat' dir='ltr'>Cio.</span> <span class='ocrx_word' id='word_1_154' title='bbox 1357 2884 1408 2935; x_wconf 90' lang='lat' dir='ltr'><strong>pro</strong></span> 
     </span>
     <span class='ocr_line' id='line_1_21' title="bbox 315 2945 1411 3013; baseline -0.003 -14"><span class='ocrx_word' id='word_1_155' title='bbox 315 2950 399 3000; x_wconf 75' lang='lat' dir='ltr'>retrie</span> <span class='ocrx_word' id='word_1_156' title='bbox 415 2960 511 3013; x_wconf 88' lang='lat' dir='ltr'>parum</span> <span class='ocrx_word' id='word_1_157' title='bbox 528 2945 703 3012; x_wconf 84' lang='lat' dir='ltr'>probabiliter</span> <span class='ocrx_word' id='word_1_158' title='bbox 715 2949 757 2997; x_wconf 86' lang='lat' dir='ltr'><strong>est</strong></span> <span class='ocrx_word' id='word_1_159' title='bbox 768 2960 844 2997; x_wconf 88' lang='lat' dir='ltr'>seor-</span> <span class='ocrx_word' id='word_1_160' title='bbox 882 2946 984 2997; x_wconf 84' lang='lat' dir='ltr'>cluent.</span> <span class='ocrx_word' id='word_1_161' title='bbox 999 2945 1045 3006; x_wconf 83' lang='grc'><strong>43,</strong></span> <span class='ocrx_word' id='word_1_162' title='bbox 1066 2947 1126 2995; x_wconf 72' lang='lat' dir='ltr'>itt:</span> <span class='ocrx_word' id='word_1_163' title='bbox 1144 2947 1275 2996; x_wconf 71' lang='lat' dir='ltr'>Praetores</span> <span class='ocrx_word' id='word_1_164' title='bbox 1290 2945 1383 2996; x_wconf 76' lang='lat' dir='ltr'>erboni</span> <span class='ocrx_word' id='word_1_165' title='bbox 1394 2973 1411 2984; x_wconf 94' lang='lat'><em>-</em></span> 
     </span>
     <span class='ocr_line' id='line_1_22' title="bbox 317 3020 1410 3084; baseline -0.005 -10"><span class='ocrx_word' id='word_1_166' title='bbox 317 3027 374 3074; x_wconf 87' lang='lat' dir='ltr'>tum</span> <span class='ocrx_word' id='word_1_167' title='bbox 400 3020 491 3081; x_wconf 83' lang='lat' dir='ltr'>virile,</span> <span class='ocrx_word' id='word_1_168' title='bbox 519 3021 570 3071; x_wconf 86' lang='lat' dir='ltr'>m&#39;d.</span> <span class='ocrx_word' id='word_1_169' title='bbox 594 3022 691 3072; x_wconf 84' lang='lat' dir='ltr'>Baiteri</span> <span class='ocrx_word' id='word_1_170' title='bbox 716 3021 844 3073; x_wconf 81' lang='grc'><strong>1444444-</strong></span> <span class='ocrx_word' id='word_1_171' title='bbox 879 3022 960 3071; x_wconf 78' lang='lat' dir='ltr'>iurati</span> <span class='ocrx_word' id='word_1_172' title='bbox 985 3021 1071 3071; x_wconf 83' lang='grc'><strong>444444</strong></span> <span class='ocrx_word' id='word_1_173' title='bbox 1096 3023 1217 3083; x_wconf 71' lang='lat' dir='ltr'>optimum</span> <span class='ocrx_word' id='word_1_174' title='bbox 1240 3033 1360 3084; x_wconf 79' lang='grc'><strong>44444444</strong></span> <span class='ocrx_word' id='word_1_175' title='bbox 1380 3021 1410 3070; x_wconf 82' lang='lat' dir='ltr'><strong>in</strong></span> 
     </span>
     <span class='ocr_line' id='line_1_23' title="bbox 317 3094 1410 3164; baseline -0.002 -17"><span class='ocrx_word' id='word_1_176' title='bbox 317 3109 380 3164; x_wconf 73' lang='lat' dir='ltr'><strong>gum</strong></span> <span class='ocrx_word' id='word_1_177' title='bbox 403 3110 430 3161; x_wconf 91' lang='lat' dir='ltr'><strong>p.</strong></span> <span class='ocrx_word' id='word_1_178' title='bbox 449 3097 507 3146; x_wconf 73' lang='lat'><strong>259.</strong></span> <span class='ocrx_word' id='word_1_179' title='bbox 533 3125 559 3133; x_wconf 94' lang='lat'>-</span> <span class='ocrx_word' id='word_1_180' title='bbox 585 3109 700 3146; x_wconf 85' lang='grc'><strong>44444444</strong></span> <span class='ocrx_word' id='word_1_181' title='bbox 716 3123 731 3134; x_wconf 92' lang='grc'>-</span> <span class='ocrx_word' id='word_1_182' title='bbox 746 3097 843 3157; x_wconf 83' lang='lat' dir='ltr'>venere]</span> <span class='ocrx_word' id='word_1_183' title='bbox 880 3097 979 3148; x_wconf 72' lang='lat' dir='ltr'>selectos</span> <span class='ocrx_word' id='word_1_184' title='bbox 999 3097 1092 3146; x_wconf 81' lang='grc'><strong>44444444</strong></span> <span class='ocrx_word' id='word_1_185' title='bbox 1112 3097 1215 3160; x_wconf 73' lang='lat' dir='ltr'>referre.</span> <span class='ocrx_word' id='word_1_186' title='bbox 1251 3097 1335 3146; x_wconf 79' lang='grc'><strong>444444</strong></span> <span class='ocrx_word' id='word_1_187' title='bbox 1360 3094 1410 3145; x_wconf 87' lang='lat' dir='ltr'>ad·</span> 
     </span>
     <span class='ocr_line' id='line_1_24' title="bbox 317 3170 1110 3222; baseline -0.003 0"><span class='ocrx_word' id='word_1_188' title='bbox 317 3171 504 3222; x_wconf 84' lang='lat' dir='ltr'>meretricibus</span> <span class='ocrx_word' id='word_1_189' title='bbox 515 3170 712 3221; x_wconf 88' lang='lat' dir='ltr'>honestioribus</span> <span class='ocrx_word' id='word_1_190' title='bbox 722 3183 754 3220; x_wconf 88' lang='lat' dir='ltr'>ex</span> <span class='ocrx_word' id='word_1_191' title='bbox 767 3182 842 3220; x_wconf 90' lang='lat' dir='ltr'>more</span> <span class='ocrx_word' id='word_1_192' title='bbox 881 3173 1004 3221; x_wconf 87' lang='lat' dir='ltr'>versatur·</span> <span class='ocrx_word' id='word_1_193' title='bbox 1020 3170 1110 3220; x_wconf 74' lang='grc'><strong>4444444.</strong></span> 
     </span>
    </p>

    <p class='ocr_par' dir='ltr' id='par_1_12' title="bbox 318 3244 846 3309">
     <span class='ocr_line' id='line_1_25' title="bbox 318 3244 846 3309; baseline -0.008 -12"><span class='ocrx_word' id='word_1_194' title='bbox 318 3247 461 3297; x_wconf 88' lang='lat' dir='ltr'>iuventutis</span> <span class='ocrx_word' id='word_1_195' title='bbox 470 3247 613 3296; x_wconf 82' lang='lat' dir='ltr'>Romanae.</span> <span class='ocrx_word' id='word_1_196' title='bbox 627 3244 773 3309; x_wconf 83' lang='lat' dir='ltr'>opponitur</span> <span class='ocrx_word' id='word_1_197' title='bbox 782 3244 846 3294; x_wconf 85' lang='lat' dir='ltr'>huie</span> 
     </span>
    </p>

    <p class='ocr_par' dir='ltr' id='par_1_13' title="bbox 316 3317 1411 4429">
     <span class='ocr_line' id='line_1_26' title="bbox 316 3317 1407 3386; baseline -0.002 -15"><span class='ocrx_word' id='word_1_198' title='bbox 316 3322 410 3371; x_wconf 85' lang='lat' dir='ltr'>veneri</span> <span class='ocrx_word' id='word_1_199' title='bbox 426 3333 451 3368; x_wconf 87' lang='lat' dir='ltr'><strong>v.</strong></span> <span class='ocrx_word' id='word_1_200' title='bbox 466 3320 522 3368; x_wconf 88' lang='grc'><strong>444.</strong></span> <span class='ocrx_word' id='word_1_201' title='bbox 542 3319 623 3380; x_wconf 77' lang='lat' dir='ltr'>ter-pis</span> <span class='ocrx_word' id='word_1_202' title='bbox 640 3331 713 3368; x_wconf 85' lang='lat' dir='ltr'>emor</span> <span class='ocrx_word' id='word_1_203' title='bbox 729 3318 846 3368; x_wconf 77' lang='lat' dir='ltr'>meretri-</span> <span class='ocrx_word' id='word_1_204' title='bbox 915 3317 1036 3370; x_wconf 75' lang='grc'><strong>444-443.</strong></span> <span class='ocrx_word' id='word_1_205' title='bbox 1061 3318 1100 3368; x_wconf 79' lang='lat' dir='ltr'><strong>An</strong></span> <span class='ocrx_word' id='word_1_206' title='bbox 1116 3319 1161 3368; x_wconf 84' lang='grc'><strong>444</strong></span> <span class='ocrx_word' id='word_1_207' title='bbox 1178 3319 1241 3386; x_wconf 84' lang='lat' dir='ltr'>eet]</span> <span class='ocrx_word' id='word_1_208' title='bbox 1260 3319 1407 3372; x_wconf 68' lang='lat' dir='ltr'>Consmue:</span> 
     </span>
     <span class='ocr_line' id='line_1_27' title="bbox 317 3391 1410 3458; baseline 0.002 -14"><span class='ocrx_word' id='word_1_209' title='bbox 317 3396 365 3455; x_wconf 85' lang='grc'><strong>444,</strong></span> <span class='ocrx_word' id='word_1_210' title='bbox 388 3395 498 3458; x_wconf 82' lang='lat' dir='ltr'>propter</span> <span class='ocrx_word' id='word_1_211' title='bbox 514 3391 646 3443; x_wconf 84' lang='lat' dir='ltr'>luxuriem</span> <span class='ocrx_word' id='word_1_212' title='bbox 663 3405 695 3442; x_wconf 87' lang='grc'><strong>44</strong></span> <span class='ocrx_word' id='word_1_213' title='bbox 714 3391 846 3455; x_wconf 86' lang='lat' dir='ltr'>rapacita·</span> <span class='ocrx_word' id='word_1_214' title='bbox 881 3393 919 3442; x_wconf 84' lang='grc'><strong>,44</strong></span> <span class='ocrx_word' id='word_1_215' title='bbox 935 3392 1065 3442; x_wconf 65' lang='lat' dir='ltr'>addemme</span> <span class='ocrx_word' id='word_1_216' title='bbox 1077 3394 1119 3456; x_wconf 84' lang='grc'><strong>(444</strong></span> <span class='ocrx_word' id='word_1_217' title='bbox 1131 3393 1273 3457; x_wconf 74' lang='lat' dir='ltr'>possisne]</span> <span class='ocrx_word' id='word_1_218' title='bbox 1290 3393 1410 3458; x_wconf 85' lang='lat' dir='ltr'>aliquan·</span> 
     </span>
     <span class='ocr_line' id='line_1_28' title="bbox 319 3464 1411 3530; baseline 0.002 -12"><span class='ocrx_word' id='word_1_219' title='bbox 319 3471 373 3518; x_wconf 88' lang='lat' dir='ltr'><strong>tem</strong></span> <span class='ocrx_word' id='word_1_220' title='bbox 397 3466 524 3516; x_wconf 88' lang='grc'><strong>444444444.</strong></span> <span class='ocrx_word' id='word_1_221' title='bbox 547 3491 573 3501; x_wconf 96' lang='grc'><strong>-</strong></span> <span class='ocrx_word' id='word_1_222' title='bbox 595 3465 706 3530; x_wconf 79' lang='lat' dir='ltr'>Treboni]</span> <span class='ocrx_word' id='word_1_223' title='bbox 728 3465 845 3530; x_wconf 89' lang='lat' dir='ltr'>alioquin</span> <span class='ocrx_word' id='word_1_224' title='bbox 882 3464 966 3516; x_wconf 89' lang='lat' dir='ltr'>tulum</span> <span class='ocrx_word' id='word_1_225' title='bbox 989 3466 1130 3529; x_wconf 80' lang='lat' dir='ltr'>dubitare),</span> <span class='ocrx_word' id='word_1_226' title='bbox 1158 3471 1248 3520; x_wconf 84' lang='lat' dir='ltr'>utrum</span> <span class='ocrx_word' id='word_1_227' title='bbox 1269 3471 1314 3520; x_wconf 83' lang='grc'><strong>444</strong></span> <span class='ocrx_word' id='word_1_228' title='bbox 1336 3469 1411 3520; x_wconf 81' lang='grc'><strong>44444-</strong></span> 
     </span>
     <span class='ocr_line' id='line_1_29' title="bbox 320 3539 1408 3608; baseline 0.005 -17"><span class='ocrx_word' id='word_1_229' title='bbox 320 3541 409 3605; x_wconf 78' lang='lat' dir='ltr'>ignoti.</span> <span class='ocrx_word' id='word_1_230' title='bbox 431 3567 457 3575; x_wconf 83' lang='lat'>-</span> <span class='ocrx_word' id='word_1_231' title='bbox 477 3539 615 3604; x_wconf 70' lang='lat' dir='ltr'>deraserit]</span> <span class='ocrx_word' id='word_1_232' title='bbox 636 3539 846 3590; x_wconf 72' lang='lat' dir='ltr'>«conober-ave·</span> <span class='ocrx_word' id='word_1_233' title='bbox 881 3546 977 3591; x_wconf 81' lang='grc'><strong>4444444444</strong></span> <span class='ocrx_word' id='word_1_234' title='bbox 999 3542 1031 3591; x_wconf 80' lang='lat' dir='ltr'><strong>sit</strong></span> <span class='ocrx_word' id='word_1_235' title='bbox 1053 3542 1146 3594; x_wconf 79' lang='grc'><strong>444444</strong></span> <span class='ocrx_word' id='word_1_236' title='bbox 1170 3556 1238 3594; x_wconf 88' lang='lat' dir='ltr'>non:</span> <span class='ocrx_word' id='word_1_237' title='bbox 1260 3543 1408 3608; x_wconf 77' lang='grc'><strong>4444444444,</strong></span> 
     </span>
     <span class='ocr_line' id='line_1_30' title="bbox 319 3613 1411 3680; baseline 0.005 -15"><span class='ocrx_word' id='word_1_238' title='bbox 319 3616 367 3676; x_wconf 90' lang='grc'><strong>444,</strong></span> <span class='ocrx_word' id='word_1_239' title='bbox 395 3614 617 3664; x_wconf 71' lang='lat' dir='ltr'>confirmaverit.»</span> <span class='ocrx_word' id='word_1_240' title='bbox 652 3615 723 3678; x_wconf 75' lang='lat' dir='ltr'>Virg.</span> <span class='ocrx_word' id='word_1_241' title='bbox 750 3617 795 3665; x_wconf 84' lang='lat' dir='ltr'>Ge.</span> <span class='ocrx_word' id='word_1_242' title='bbox 815 3613 844 3676; x_wconf 87' lang='grc'><strong>3,</strong></span> <span class='ocrx_word' id='word_1_243' title='bbox 882 3629 917 3666; x_wconf 82' lang='lat' dir='ltr'>en</span> <span class='ocrx_word' id='word_1_244' title='bbox 938 3617 995 3679; x_wconf 70' lang='lat' dir='ltr'>(pro</span> <span class='ocrx_word' id='word_1_245' title='bbox 1016 3615 1112 3680; x_wconf 75' lang='grc'><strong>4444444)</strong></span> <span class='ocrx_word' id='word_1_246' title='bbox 1134 3617 1180 3666; x_wconf 86' lang='grc'><strong>444</strong></span> <span class='ocrx_word' id='word_1_247' title='bbox 1201 3618 1356 3669; x_wconf 70' lang='lat' dir='ltr'>tammam</span> <span class='ocrx_word' id='word_1_248' title='bbox 1378 3622 1411 3671; x_wconf 76' lang='lat' dir='ltr'><strong>eit</strong></span> 
     </span>
     <span class='ocr_line' id='line_1_31' title="bbox 320 3689 1409 3757; baseline 0.004 -17"><span class='ocrx_word' id='word_1_249' title='bbox 320 3691 384 3740; x_wconf 72' lang='lat' dir='ltr'>aar:</span> <span class='ocrx_word' id='word_1_250' title='bbox 407 3689 693 3739; x_wconf 76' lang='lat' dir='ltr'>immmsaeootuere</span> <span class='ocrx_word' id='word_1_251' title='bbox 710 3691 795 3740; x_wconf 80' lang='lat' dir='ltr'>deret.</span> <span class='ocrx_word' id='word_1_252' title='bbox 817 3715 845 3726; x_wconf 86' lang='lat'>-</span> <span class='ocrx_word' id='word_1_253' title='bbox 882 3690 979 3741; x_wconf 77' lang='grc'><strong>4444444</strong></span> <span class='ocrx_word' id='word_1_254' title='bbox 1019 3691 1110 3754; x_wconf 85' lang='lat' dir='ltr'>(Hand</span> <span class='ocrx_word' id='word_1_255' title='bbox 1139 3692 1214 3743; x_wconf 81' lang='lat' dir='ltr'>Tura.</span> <span class='ocrx_word' id='word_1_256' title='bbox 1242 3694 1261 3743; x_wconf 91' lang='grc'><strong>4.</strong></span> <span class='ocrx_word' id='word_1_257' title='bbox 1287 3705 1314 3757; x_wconf 85' lang='lat' dir='ltr'><strong>p.</strong></span> <span class='ocrx_word' id='word_1_258' title='bbox 1341 3693 1409 3744; x_wconf 77' lang='lat' dir='ltr'>att:</span> 
     </span>
     <span class='ocr_line' id='line_1_32' title="bbox 320 3761 1410 3827; baseline -0.001 -13"><span class='ocrx_word' id='word_1_259' title='bbox 320 3766 374 3814; x_wconf 83' lang='grc'><strong>4444</strong></span> <span class='ocrx_word' id='word_1_260' title='bbox 400 3763 504 3827; x_wconf 79' lang='lat' dir='ltr'>cortice]</span> <span class='ocrx_word' id='word_1_261' title='bbox 533 3763 609 3814; x_wconf 85' lang='grc'><strong>44444</strong></span> <span class='ocrx_word' id='word_1_262' title='bbox 635 3763 726 3814; x_wconf 84' lang='lat' dir='ltr'>Kork.</span> <span class='ocrx_word' id='word_1_263' title='bbox 762 3761 845 3813; x_wconf 82' lang='lat' dir='ltr'>Plani.</span> <span class='ocrx_word' id='word_1_264' title='bbox 884 3765 971 3815; x_wconf 74' lang='lat' dir='ltr'>«ilaec</span> <span class='ocrx_word' id='word_1_265' title='bbox 994 3765 1163 3816; x_wconf 84' lang='lat' dir='ltr'>Heindorflus</span> <span class='ocrx_word' id='word_1_266' title='bbox 1185 3779 1237 3816; x_wconf 92' lang='lat' dir='ltr'><strong>non</strong></span> <span class='ocrx_word' id='word_1_267' title='bbox 1261 3765 1410 3817; x_wconf 76' lang='lat' dir='ltr'>intellexit»</span> 
     </span>
     <span class='ocr_line' id='line_1_33' title="bbox 322 3837 1411 3906; baseline 0.003 -16"><span class='ocrx_word' id='word_1_268' title='bbox 322 3837 407 3890; x_wconf 81' lang='grc'><strong>4444441.</strong></span> <span class='ocrx_word' id='word_1_269' title='bbox 427 3837 455 3899; x_wconf 88' lang='grc'><strong>4,</strong></span> <span class='ocrx_word' id='word_1_270' title='bbox 475 3840 504 3900; x_wconf 90' lang='grc'><strong>4,</strong></span> <span class='ocrx_word' id='word_1_271' title='bbox 524 3839 551 3888; x_wconf 82' lang='lat'><strong>9:</strong></span> <span class='ocrx_word' id='word_1_272' title='bbox 581 3839 658 3901; x_wconf 80' lang='grc'><strong>(44444</strong></span> <span class='ocrx_word' id='word_1_273' title='bbox 678 3838 777 3900; x_wconf 70' lang='lat' dir='ltr'>puetis,</span> <span class='ocrx_word' id='word_1_274' title='bbox 805 3838 849 3900; x_wconf 81' lang='grc'><strong>444</strong></span> <span class='ocrx_word' id='word_1_275' title='bbox 884 3839 1043 3906; x_wconf 64' lang='grc'><strong>(4444444444</strong></span> <span class='ocrx_word' id='word_1_276' title='bbox 1063 3842 1154 3893; x_wconf 86' lang='lat' dir='ltr'>Utrum</span> <span class='ocrx_word' id='word_1_277' title='bbox 1171 3841 1223 3892; x_wconf 86' lang='lat' dir='ltr'>boe</span> <span class='ocrx_word' id='word_1_278' title='bbox 1239 3841 1411 3893; x_wconf 86' lang='lat' dir='ltr'>inhonestum</span> 
     </span>
     <span class='ocr_line' id='line_1_34' title="bbox 322 3913 1411 3978; baseline 0.004 -14"><span class='ocrx_word' id='word_1_279' title='bbox 322 3927 385 3964; x_wconf 80' lang='lat' dir='ltr'>uere</span> <span class='ocrx_word' id='word_1_280' title='bbox 402 3913 510 3974; x_wconf 84' lang='grc'><strong>44444444,</strong></span> <span class='ocrx_word' id='word_1_281' title='bbox 531 3914 629 3976; x_wconf 75' lang='grc'><strong>44444444</strong></span> <span class='ocrx_word' id='word_1_282' title='bbox 645 3914 848 3975; x_wconf 62' lang='lat' dir='ltr'>induitionem,</span> <span class='ocrx_word' id='word_1_283' title='bbox 884 3916 930 3978; x_wconf 82' lang='grc'><strong>444,</strong></span> <span class='ocrx_word' id='word_1_284' title='bbox 950 3915 1068 3978; x_wconf 75' lang='lat' dir='ltr'>nannet).</span> <span class='ocrx_word' id='word_1_285' title='bbox 1089 3917 1170 3966; x_wconf 82' lang='lat' dir='ltr'>«Sunt</span> <span class='ocrx_word' id='word_1_286' title='bbox 1181 3915 1253 3966; x_wconf 88' lang='lat' dir='ltr'>enlm</span> <span class='ocrx_word' id='word_1_287' title='bbox 1264 3916 1313 3967; x_wconf 83' lang='lat' dir='ltr'>ista</span> <span class='ocrx_word' id='word_1_288' title='bbox 1326 3915 1411 3968; x_wconf 87' lang='lat' dir='ltr'>verba</span> 
     </span>
     <span class='ocr_line' id='line_1_35' title="bbox 325 3987 1410 4054; baseline 0.003 -16"><span class='ocrx_word' id='word_1_289' title='bbox 325 3990 373 4050; x_wconf 78' lang='lat' dir='ltr'>(lei</span> <span class='ocrx_word' id='word_1_290' title='bbox 390 3987 502 4038; x_wconf 76' lang='lat' dir='ltr'>laborem</span> <span class='ocrx_word' id='word_1_291' title='bbox 517 3989 611 4050; x_wconf 81' lang='grc'><strong>4444444,</strong></span> <span class='ocrx_word' id='word_1_292' title='bbox 632 3987 734 4053; x_wconf 72' lang='lat' dir='ltr'>facilius</span> <span class='ocrx_word' id='word_1_293' title='bbox 749 3993 778 4038; x_wconf 81' lang='grc'><strong>44</strong></span> <span class='ocrx_word' id='word_1_294' title='bbox 791 3993 850 4039; x_wconf 81' lang='lat' dir='ltr'>nent</span> <span class='ocrx_word' id='word_1_295' title='bbox 884 4003 899 4041; x_wconf 97' lang='grc'><strong>4</strong></span> <span class='ocrx_word' id='word_1_296' title='bbox 917 4002 1042 4042; x_wconf 85' lang='lat' dir='ltr'>sermone</span> <span class='ocrx_word' id='word_1_297' title='bbox 1063 3991 1244 4054; x_wconf 84' lang='lat' dir='ltr'>praeceptoris</span> <span class='ocrx_word' id='word_1_298' title='bbox 1267 3989 1410 4054; x_wconf 84' lang='lat' dir='ltr'>desumpta</span> 
     </span>
     <span class='ocr_line' id='line_1_36' title="bbox 323 4063 1409 4129; baseline 0 -15"><span class='ocrx_word' id='word_1_299' title='bbox 323 4069 347 4114; x_wconf 88' lang='lat' dir='ltr'><strong>et</strong></span> <span class='ocrx_word' id='word_1_300' title='bbox 366 4067 482 4113; x_wconf 84' lang='grc'><strong>44444444</strong></span> <span class='ocrx_word' id='word_1_301' title='bbox 502 4075 602 4112; x_wconf 79' lang='lat' dir='ltr'>manua.</span> <span class='ocrx_word' id='word_1_302' title='bbox 623 4089 649 4100; x_wconf 90' lang='lat'><em>-</em></span> <span class='ocrx_word' id='word_1_303' title='bbox 668 4063 791 4112; x_wconf 79' lang='grc'><strong>4444444444</strong></span> <span class='ocrx_word' id='word_1_304' title='bbox 810 4077 850 4113; x_wconf 85' lang='grc'><strong>44-</strong></span> <span class='ocrx_word' id='word_1_305' title='bbox 884 4079 1006 4129; x_wconf 79' lang='grc'><strong>44444444</strong></span> <span class='ocrx_word' id='word_1_306' title='bbox 1023 4064 1081 4115; x_wconf 88' lang='grc'><strong>44444</strong></span> <span class='ocrx_word' id='word_1_307' title='bbox 1098 4065 1142 4126; x_wconf 88' lang='lat' dir='ltr'>lis,</span> <span class='ocrx_word' id='word_1_308' title='bbox 1161 4077 1230 4128; x_wconf 85' lang='lat' dir='ltr'>quae</span> <span class='ocrx_word' id='word_1_309' title='bbox 1243 4065 1409 4116; x_wconf 83' lang='lat' dir='ltr'>omittuntur.</span> 
     </span>
     <span class='ocr_line' id='line_1_37' title="bbox 323 4135 1411 4203; baseline 0.001 -16"><span class='ocrx_word' id='word_1_310' title='bbox 323 4137 398 4203; x_wconf 82' lang='lat' dir='ltr'>lectis]</span> <span class='ocrx_word' id='word_1_311' title='bbox 422 4139 443 4188; x_wconf 82' lang='grc' dir='ltr'><strong>Α</strong></span> <span class='ocrx_word' id='word_1_312' title='bbox 464 4138 588 4202; x_wconf 86' lang='lat' dir='ltr'>praetore</span> <span class='ocrx_word' id='word_1_313' title='bbox 611 4135 714 4188; x_wconf 90' lang='lat' dir='ltr'>urbano</span> <span class='ocrx_word' id='word_1_314' title='bbox 732 4151 763 4188; x_wconf 89' lang='grc'><strong>44</strong></span> <span class='ocrx_word' id='word_1_315' title='bbox 790 4136 848 4202; x_wconf 77' lang='lat' dir='ltr'>lege</span> <span class='ocrx_word' id='word_1_316' title='bbox 883 4139 921 4188; x_wconf 81' lang='lat' dir='ltr'><strong>An</strong></span> <span class='ocrx_word' id='word_1_317' title='bbox 942 4142 984 4190; x_wconf 89' lang='lat' dir='ltr'><strong>est</strong></span> <span class='ocrx_word' id='word_1_318' title='bbox 1006 4138 1032 4189; x_wconf 85' lang='lat' dir='ltr'><strong>id</strong></span> <span class='ocrx_word' id='word_1_319' title='bbox 1053 4139 1125 4203; x_wconf 77' lang='grc'><strong>444444</strong></span> <span class='ocrx_word' id='word_1_320' title='bbox 1143 4144 1188 4190; x_wconf 77' lang='lat' dir='ltr'>ortt</span> <span class='ocrx_word' id='word_1_321' title='bbox 1204 4141 1278 4190; x_wconf 83' lang='lat' dir='ltr'>extra</span> <span class='ocrx_word' id='word_1_322' title='bbox 1296 4139 1411 4188; x_wconf 87' lang='lat' dir='ltr'>interro-</span> 
     </span>
     <span class='ocr_line' id='line_1_38' title="bbox 325 4211 1409 4277; baseline -0.004 -13"><span class='ocrx_word' id='word_1_323' title='bbox 325 4211 428 4264; x_wconf 78' lang='lat' dir='ltr'>Anrelia</span> <span class='ocrx_word' id='word_1_324' title='bbox 452 4225 476 4261; x_wconf 87' lang='grc'><strong>4.</strong></span> <span class='ocrx_word' id='word_1_325' title='bbox 496 4225 521 4261; x_wconf 90' lang='lat' dir='ltr'><strong>u.</strong></span> <span class='ocrx_word' id='word_1_326' title='bbox 541 4225 564 4262; x_wconf 88' lang='lat' dir='ltr'><strong>c.</strong></span> <span class='ocrx_word' id='word_1_327' title='bbox 584 4211 641 4262; x_wconf 86' lang='grc'><strong>684.</strong></span> <span class='ocrx_word' id='word_1_328' title='bbox 662 4225 694 4262; x_wconf 92' lang='grc'><strong>44</strong></span> <span class='ocrx_word' id='word_1_329' title='bbox 718 4215 847 4276; x_wconf 85' lang='lat' dir='ltr'>tempore,</span> <span class='ocrx_word' id='word_1_330' title='bbox 885 4213 1031 4276; x_wconf 67' lang='lat' dir='ltr'>sationem</span> <span class='ocrx_word' id='word_1_331' title='bbox 1050 4213 1234 4277; x_wconf 73' lang='lat' dir='ltr'>vertendique</span> <span class='ocrx_word' id='word_1_332' title='bbox 1252 4214 1320 4264; x_wconf 87' lang='lat' dir='ltr'>baec</span> <span class='ocrx_word' id='word_1_333' title='bbox 1332 4215 1409 4264; x_wconf 87' lang='lat' dir='ltr'>sunt:</span> 
     </span>
     <span class='ocr_line' id='line_1_39' title="bbox 325 4285 1411 4353; baseline 0.002 -17"><span class='ocrx_word' id='word_1_334' title='bbox 325 4299 379 4350; x_wconf 89' lang='lat' dir='ltr'><strong>quo</strong></span> <span class='ocrx_word' id='word_1_335' title='bbox 417 4285 573 4338; x_wconf 85' lang='lat' dir='ltr'>adolescens</span> <span class='ocrx_word' id='word_1_336' title='bbox 611 4289 669 4336; x_wconf 89' lang='lat' dir='ltr'>erat</span> <span class='ocrx_word' id='word_1_337' title='bbox 709 4287 848 4347; x_wconf 80' lang='lat' dir='ltr'>Horatius,</span> <span class='ocrx_word' id='word_1_338' title='bbox 885 4289 944 4337; x_wconf 84' lang='lat' dir='ltr'>oder</span> <span class='ocrx_word' id='word_1_339' title='bbox 960 4289 1078 4352; x_wconf 76' lang='lat' dir='ltr'>zweisoiat</span> <span class='ocrx_word' id='word_1_340' title='bbox 1094 4290 1154 4340; x_wconf 82' lang='grc'><strong>444.»</strong></span> <span class='ocrx_word' id='word_1_341' title='bbox 1189 4291 1267 4340; x_wconf 81' lang='lat' dir='ltr'>itaet</span> <span class='ocrx_word' id='word_1_342' title='bbox 1283 4289 1411 4353; x_wconf 70' lang='lat' dir='ltr'>Remigius</span> 
     </span>
     <span class='ocr_line' id='line_1_40' title="bbox 327 4361 1407 4429; baseline 0.001 -16"><span class='ocrx_word' id='word_1_343' title='bbox 327 4363 442 4413; x_wconf 81' lang='lat' dir='ltr'>CCCLX.</span> <span class='ocrx_word' id='word_1_344' title='bbox 462 4361 692 4424; x_wconf 71' lang='lat' dir='ltr'>assentatoribus,</span> <span class='ocrx_word' id='word_1_345' title='bbox 716 4361 850 4426; x_wconf 81' lang='lat' dir='ltr'>equilibus</span> <span class='ocrx_word' id='word_1_346' title='bbox 886 4363 940 4414; x_wconf 84' lang='lat' dir='ltr'>Lat.</span> <span class='ocrx_word' id='word_1_347' title='bbox 959 4364 1091 4428; x_wconf 73' lang='lat' dir='ltr'>spi-acho.</span> <span class='ocrx_word' id='word_1_348' title='bbox 1105 4378 1132 4429; x_wconf 89' lang='lat' dir='ltr'><strong>p.</strong></span> <span class='ocrx_word' id='word_1_349' title='bbox 1146 4363 1203 4415; x_wconf 83' lang='grc'><strong>447.</strong></span> <span class='ocrx_word' id='word_1_350' title='bbox 1239 4365 1323 4414; x_wconf 81' lang='lat' dir='ltr'>Nemo</span> <span class='ocrx_word' id='word_1_351' title='bbox 1343 4363 1407 4422; x_wconf 86' lang='grc'><strong>44444,</strong></span> 
     </span>
    </p>
   </div>
   <div class='ocr_carea' id='block_1_5' title="bbox 0 0 1546 4968">
    <p class='ocr_par' dir='ltr' id='par_1_14' title="bbox 0 0 1546 4968">
     <span class='ocr_line' id='line_1_41' title="bbox 0 0 1546 4968; baseline 0 0"><span class='ocrx_word' id='word_1_352' title='bbox 0 0 1546 4968; x_wconf 95' lang='lat' dir='ltr'><strong> </strong></span> 
     </span>
    </p>
   </div>
  </div>
 </body>
</html>
