3082 4968
547 401 607 452 urs.
626 402 646 451 r.
682 401 749 452 sir.
768 402 821 452 vu.
1172 401 1233 468 433

189 558 358 625 Convenit:
381 593 424 606 -
445 555 507 624 hoc
530 558 647 624 etenim
669 568 744 624 sunt
765 580 879 626 omnes
901 561 970 628 iure
993 559 1133 638 molesti,
1193 560 1233 626 lll

187 681 259 759 Quo
283 679 397 756 sortes,
420 677 540 766 quihus
563 679 737 746 adversum
758 679 879 747 bellum
901 681 1027 763 incidit3
1051 683 1133 750 inter

187 801 326 867 Hectora
347 799 532 868 Priamiden
554 800 736 868 animosum
757 813 855 891 atque
877 803 959 869 inter
980 803 1134 872 Achillem

187 924 237 989 lra
258 921 318 989 luit
339 921 500 1010 capitalis,
523 933 559 989 ut
580 922 689 990 ultime
712 923 873 992 divideret
893 945 998 1001 mors,

185 1046 255 1112 Non
278 1042 375 1110 aliam
396 1044 439 1111 ob
462 1065 611 1120 causam,
635 1045 696 1111 nisi
719 1045 809 1134 quod
830 1047 932 1112 virtus
955 1047 987 1111 in
1009 1057 1147 1135 utroque

186 1167 320 1233 Summa
342 1165 414 1247 luit;
438 1166 504 1232 duo
526 1166 554 1232 si
577 1165 741 1234 discordia
762 1180 857 1236 vexet
878 1169 1014 1245 inertes,
1156 1209 1158 1212 -
1192 1169 1232 1235 l5

185 1291 248 1356 Aut
269 1287 296 1354 si
319 1287 506 1375 disparibus
527 1285 648 1354 bellum
670 1287 804 1365 incidat,
829 1299 864 1356 ut
885 1290 1033 1358 Diomedi

210 1498 250 1546 44.
269 1497 382 1546 αάυσνείε
398 1496 432 1546 de
445 1495 618 1560 Campononii
631 1497 699 1546 coni.
718 1495 855 1549 liirchner.
877 1526 903 1534 -
923 1499 995 1560 inter]
1014 1499 1073 1548 otim
1090 1497 1199 1549 Bentleii

174 1569 258 1620 dubia
276 1572 402 1634 suspicio.
419 1597 445 1606 -
466 1572 505 1620 iti.
524 1571 573 1620 duo
590 1583 725 1635 superscr.
744 1573 807 1622 duos
822 1574 848 1623 S.
865 1599 892 1610 -
910 1580 987 1624 vuol
1004 1573 1127 1635 Aldinae,
1145 1588 1200 1625 vcr-

172 1651 211 1696 ret
227 1659 243 1697 e
262 1644 383 1696 lambini
400 1644 485 1695 Codd.
504 1644 652 1706 Bentleius,
679 1647 743 1697 item
761 1648 778 1698 F
796 1651 824 1698 et
839 1649 976 1698 Kircbner.
1014 1650 1053 1713 (Ut
1069 1661 1130 1710 nos,
1149 1662 1200 1700 uo·

172 1723 223 1772 stri
241 1722 269 1770 ct
285 1720 414 1780 Pettierii,
432 1719 497 1770 item
515 1722 570 1770 tres
587 1720 726 1784 Lambini.)

142 1876 284 1930 Cornelius
310 1877 421 1928 Sisenna
446 1880 568 1940 senator,
595 1879 670 1929 cuius
707 1879 846 1945 proprium
855 1883 904 1944 est,
917 1885 947 1933 ut
959 1895 1067 1934 causam
1077 1895 1234 1935 suemsum·

141 1953 273 2006 acerbum
291 1953 393 2004 dictum
411 1955 602 2018 inlustratum
615 1967 672 2005 me·
708 1967 752 2006 ma
770 1957 940 2008 contentione
958 1958 1062 2020 egent.»
1092 1959 1233 2010 Mursense·

142 2031 230 2080 morat
247 2026 442 2088 tuccessit,
460 2029 501 2079 27.
520 2028 668 2080 adauc.
707 2043 774 2079 tica.
815 2031 900 2082 lliuus
933 2033 1052 2096 apposite
1087 2032 1234 2084 construxit

142 2103 213 2164 iti..
226 2102 270 2154 vel
279 2106 391 2168 propter
399 2105 516 2154 aelatem
527 2105 670 2168 significari
708 2103 847 2154 Heindori:
874 2105 963 2156 ornnes
979 2107 1060 2168 enim,
1078 2107 1167 2168 cudite
1184 2109 1233 2158 od-

141 2179 245 2242 ncquit.
281 2180 349 2230 Baro
361 2190 453 2229 scurra
471 2179 595 2242 estepud
607 2182 668 2230 San.
705 2191 805 2230 emtum
822 2179 910 2230 esuum
929 2181 1027 2242 tudda,
1053 2182 1098 2232 hoc
1116 2182 1231 2250 (eodem)

142 2255 270 2304 Controv.
295 2253 320 2302 7.
342 2265 369 2316 p.
389 2253 446 2303 tae.
471 2253 527 2316 iiip.
547 2253 670 2306 diversus
706 2255 830 2306 turserat
844 2255 939 2306 molesti
957 2256 1094 2320 (intersis),
1112 2270 1161 2319 quo
1176 2258 1233 2322 sor-

141 2331 250 2392 utique,
269 2329 319 2379 nisi
337 2327 373 2378 ihi
391 2331 545 2394 corruptum
563 2331 604 2380 est
620 2341 671 2380 no-
707 2334 749 2380 tes.
778 2357 806 2366 -
834 2332 967 2381 aduersum
990 2331 1088 2396 hedum]
1117 2333 1233 2382 «acerri-

141 2417 216 2455 men.
233 2431 259 2442 -·
275 2403 450 2466 aque-attis]
469 2416 532 2454 cum
549 2403 672 2454 hicelar·
708 2417 783 2456 mum
808 2407 977 2456 certamen»
1022 2406 1095 2456 Coui.
1122 2407 1234 2458 αάυενείε

142 2479 203 2530 rimi
221 2491 282 2530 esse
295 2477 486 2538 crederentur;
504 2479 565 2530 inde
578 2482 670 2530 natum
708 2482 735 2530 et
752 2479 838 2529 audax
857 2481 884 2530 et
901 2493 1101 2544 supervacanee
1118 2481 1231 2532 videtur.

143 2553 195 2603 boc
213 2552 397 2617 proverbium.
433 2554 475 2604 Sic
494 2552 576 2604 Plaut.
596 2555 668 2605 Asin.
708 2555 922 2617 -licctorocet.]
935 2555 1233 2618 Compamtionibusbis

144 2629 172 2688 2,
190 2629 218 2688 2,
239 2628 285 2676 ⁴2:
311 2629 379 2677 Nom
395 2629 416 2677 si
433 2642 458 2678 se
473 2629 531 2678 huic
547 2629 671 2678 occasioni
707 2629 856 2680 Homericis
871 2641 921 2694 per
937 2629 1110 2694 parenthesin
1127 2631 1233 2681 insertis

145 2707 241 2765 ternpus
251 2701 451 2764 utbterdreeait,
468 2705 606 2766 Nunquam
616 2705 671 2754 erto-
708 2702 846 2754 ridiculam
864 2704 976 2755 instituit
991 2706 1189 2769 oppositionem
1200 2704 1233 2757 li-

141 2778 185 2840 pnt
200 2777 334 2841 quodnptr
349 2777 413 2826 dbis
430 2778 558 2840 indipiaeot
571 2785 668 2842 posteo.
707 2780 740 2829 tis
757 2791 806 2842 per
818 2791 847 2829 se
865 2777 1007 2838 leviculas,
1026 2781 1174 2831 acerrimos
1185 2793 1234 2844 pu-

144 2853 199 2903 iem
226 2852 304 2902 Hom.
331 2848 359 2903 ll.
385 2867 421 2912 κ,
446 2852 503 2904 437.
531 2854 565 2904 de
591 2855 670 2906 lihesi
707 2856 845 2917 gnatores,
871 2867 939 2918 quos
957 2852 1097 2914 describit,
1126 2855 1233 2904 Hectori

145 2927 235 2991 equis:
262 2922 429 2996 λευκότερα
448 2925 563 2990 χιόνος,
581 2929 670 2980 θείειν
708 2934 735 2979 et
751 2926 843 2978 hebilli
860 2927 1067 2992 aequiparando.
1083 2956 1110 2964 -
1127 2929 1235 2978 inter--

144 3000 167 3052 d·
185 2996 339 3068 ἀνέμοισιν
363 2997 476 3067 ὁμοῖοι,
504 3003 576 3054 unda
598 3005 668 3068 virg.
707 3002 779 3066 inter]
806 3001 925 3066 Duplicis
951 3001 1029 3053 buius
1053 3015 1147 3068 praep.
1167 3004 1234 3053 tator

144 3081 210 3129 len.
229 3079 275 3140 42,
295 3077 340 3129 st:
359 3079 408 3140 Qui
424 3079 511 3142 (Turni
529 3079 672 3143 aquileen-
708 3090 791 3138 usus,
825 3077 851 3127 in
880 3089 933 3140 quo
961 3077 1049 3128 haesit
1081 3076 1232 3138 Bentleius,

144 3153 204 3202 doro
219 3153 290 3202 aiom
300 3154 436 3215 abirent,
453 3155 669 3214 matisconam
709 3150 830 3215 exempla
856 3150 969 3215 praebet
993 3150 1070 3201 Hand
1096 3153 1170 3202 Turs.
1189 3153 1232 3202 lll.

145 3227 309 3291 talibusque,
337 3229 429 3292 utpote
452 3230 498 3292 qui
521 3229 601 3279 ctiam
621 3243 671 3294 pro
708 3241 735 3292 p,
754 3226 812 3278 tte.
842 3225 894 3276 Cir.
914 3226 980 3290 Epp.
1000 3227 1029 3286 4,
1053 3226 1081 3285 2,
1106 3227 1146 3276 ta.
1177 3227 1231 3276 Liv.

145 3302 332 3368 pulcherrimis
344 3301 522 3364 haberentur,
541 3305 568 3354 in
580 3305 672 3355 trium·
709 3303 750 3362 40,
764 3301 788 3358 7.
803 3301 813 3350 4
826 3315 831 3349 ;
850 3305 974 3352 colatum
983 3325 1014 3338 --
1024 3301 1090 3352 inter
1100 3302 1146 3364 Aa.
1160 3300 1234 3352 Cloc-

146 3378 206 3442 phis
224 3376 378 3428 utebantur.
414 3379 669 3440 processisti.
709 3377 777 3426 diua
793 3375 1005 3440 mastaurorum
1021 3382 1044 3426 et
1060 3377 1125 3426 inter
1140 3377 1234 3426 Mie-

177 3452 266 3503 40-48.
290 3454 425 3514 Portam
440 3453 503 3503 nihil
518 3481 534 3490 -
550 3483 565 3494 -
581 3469 672 3506 conoe
708 3453 775 3501 dian
796 3453 903 3502 Moron.
933 3453 989 3502 Nec
1011 3449 1125 3503 multum
1147 3449 1236 3501 diflert

145 3527 188 3591 eit]
212 3529 373 3591 «Postquam
394 3526 468 3578 litem
490 3530 575 3580 amice
596 3529 672 3580 deci·
708 3525 783 3576 Pind.
802 3527 879 3576 Nem.
897 3525 927 3588 8,
946 3527 993 3577 ei:
1013 3521 1066 3576 τὰν
1080 3519 1233 3596 Ἀδράστου

145 3601 209 3652 dere
232 3603 261 3651 et
282 3600 416 3652 conciliari
442 3617 495 3654 non
520 3605 670 3668 poterent.»
708 3595 762 3650 τάν
778 3613 809 3649 τε
830 3597 982 3664 Καδμείων
1007 3593 1077 3673 ἶριν.
1107 3627 1135 3636 -—
1165 3601 1235 3650 iro-

147 3703 174 3712 -
191 3676 238 3726 hoc
254 3677 344 3726 dmin
364 3675 427 3740 cet]
446 3678 560 3728 somnes
583 3678 672 3729 homi·
707 3675 834 3738 capitulis]
859 3677 888 3726 ut
909 3675 1011 3726 osorius
1031 3674 1161 3738 capitatis,
1189 3687 1237 3724 ca-

145 3763 193 3801 nes
213 3749 324 3824 melesii.
352 3749 485 3812 difficiles,
513 3753 671 3804 contentiosi
708 3751 769 3815 put,
798 3751 881 3801 vitam
904 3753 1015 3815 petens,
1044 3751 1080 3800 ita
1106 3749 1135 3798 ut
1160 3746 1237 3798 aliter

144 3824 189 3874 hoc
210 3825 267 3874 iure
289 3829 360 3884 emt,
388 3823 460 3876 idem
483 3827 524 3876 ius
546 3824 597 3876 sibi
618 3827 673 3877 ste-
709 3836 790 3888 quam
814 3823 922 3875 alterius
945 3825 1029 3875 utrius
1054 3825 1141 3876 morte
1168 3821 1236 3873 lintri

145 3900 239 3960 tuunt,
267 3898 364 3950 eodem
389 3897 470 3949 modo
493 3902 588 3966 agunt,
617 3912 671 3963 quo
709 3911 762 3948 non
773 3900 874 3964 posset.
888 3897 916 3949 ll.
929 3913 963 3960 χ,
981 3898 1027 3949 ast
1040 3912 1046 3946 :
1060 3890 1174 3968 Ἕκτορ,
1191 3891 1235 3962 μή

144 3972 231 4034 [οε-ιω,
251 3972 404 4024 tortitudine
419 3973 471 4025 sihi
486 3987 582 4039 pares,
601 3975 672 4025 inter
708 3988 775 4039 μοι,
793 3966 914 4034 ἄλαστε,
939 3967 1147 4038 συνημοσύνας
1164 3966 1237 4038 dyd-

145 4059 214 4110 qnos
244 4048 383 4098 certamen
412 4047 545 4112 singulare
577 4049 669 4100 oritur.
709 4062 774 4119 pecs
799 4045 859 4098 κτλ.
891 4074 920 4086 -
946 4047 1033 4111 uerat]
1062 4046 1177 4098 verbum
1202 4047 1236 4098 de

146 4121 222 4182 Quod
238 4124 318 4187 igitur
340 4123 410 4174 iuter
426 4123 494 4174 duos
516 4123 599 4174 fortes
620 4137 671 4174 usu
709 4121 834 4173 omnibus
873 4123 954 4172 animi
990 4121 1238 4185 perturbationibus

146 4197 231 4258 venit,
251 4197 280 4248 ut
297 4198 368 4248 terro
386 4198 455 4249 iuter
470 4197 670 4259 sedeceruant,
710 4197 838 4248 usitatum
872 4195 1007 4246 ellicecius
1041 4197 1122 4246 etiam
1157 4207 1238 4260 wem

146 4271 197 4322 boc
218 4271 291 4324 mem
312 4271 465 4324 hominibus
485 4271 672 4338 pervicacibus
710 4269 821 4324 Bentleii
837 4275 930 4330 comt,
954 4271 1030 4323 cuius
1046 4270 1125 4322 valde
1143 4271 1238 4334 exigua
