3178 4972
636 435 763 486 noman
780 435 998 502 4444444444

599 933 864 996 ΗΕΘΜ
892 933 1028 994 ΠΕ.

315 1078 482 1158 Quamvis
507 1077 642 1151 Scaeva,
667 1075 743 1140 satis
766 1094 826 1163 per
847 1083 878 1139 te
901 1071 956 1138 tibi
980 1070 1121 1138 consulis
1138 1081 1169 1137 et
1191 1072 1267 1143 scis.

316 1201 388 1278 Quo
410 1197 539 1264 tandem
561 1207 654 1283 paeto
677 1195 792 1261 deceat
814 1191 990 1260 maioribus
1012 1193 1072 1266 uti,

315 1319 425 1392 Disce,
450 1315 616 1383 docendus
639 1314 746 1381 adhuc
767 1334 851 1402 qnae
874 1322 985 1381 censet
1007 1312 1179 1390 amiculus,
1204 1324 1239 1378 ut
1260 1313 1287 1378 si

337 1477 475 1601 ἰ4144644444.
494 1476 518 1526 3.
536 1476 610 1526 Disce
621 1476 744 1525 docetdua
755 1475 845 1536 edituo,
864 1487 930 1536 4444
942 1475 1000 1537 Lti',
1014 1473 1087 1524 Disce
1098 1473 1220 1524 4444444444
1231 1473 1320 1534 aditum

304 1565 337 1613 44
403 1589 410 1601 .

302 1691 378 1740 livit.
406 1691 520 1750 Scaeva,
548 1701 643 1753 eques,
669 1691 700 1740 nt
721 1689 795 1739 siunt
831 1688 978 1739 studemus.
1003 1684 1353 1751 SimilisiormulaestEpp.

271 1763 447 1825 scholiastae,
475 1765 621 1826 Romanus,
649 1765 743 1828 (quem
762 1765 794 1814 44-
832 1763 860 1823 4,
888 1764 931 1822 48,
959 1762 1005 1811 et:
1034 1760 1150 1810 Protinus
1173 1766 1201 1810 ut
1223 1773 1354 1822 44444444,

270 1839 333 1888 dem
356 1851 439 1902 prave
462 1836 573 1888 Lollium
593 1840 721 1888 Scaevam
743 1851 793 1902 ap·
830 1839 929 1900 444444
944 1837 1075 1887 monitoris
1090 1849 1145 1900 epea
1161 1841 1196 1885 44.
1228 1837 1267 1886 44
1285 1836 1356 1886 indi-

270 1913 381 1978 pellant,
400 1913 460 1976 quis
478 1915 637 1977 sequentem
649 1911 794 1978 Epistolam
831 1913 916 1963 cativo
934 1911 967 1963 44.
985 1912 1066 1962 etiam
1082 1925 1107 1960 v.
1128 1911 1170 1961 22.
1192 1913 1219 1960 44
1235 1911 1302 1974 Epp.
1324 1913 1354 1973 4,

270 2001 332 2038 oum
358 1988 408 2037 444
434 1989 574 2051 copulasse
599 1987 740 2048 videntur,
765 1989 795 2036 nt
832 1986 877 2048 44,
902 1987 927 2036 6.
959 2014 986 2022 -
1010 1999 1058 2049 per
1082 1985 1117 2050 te]
1145 1985 1222 2036 asine
1247 1983 1356 2036 alterius

270 2061 424 2112 resitetiam
435 2061 792 2124 mirnsillsPrnedicovius,)
831 2061 1007 2126 praeceptae
1037 2061 1102 2110 «etsi
1137 2072 1180 2108 me
1210 2071 1262 2108 non
1291 2071 1356 2122 eges

269 2133 384 2198 alioquin
408 2138 450 2185 est
472 2137 584 2199 ignotus.
621 2137 795 2200 suspicantur
831 2134 1010 2186 consultore.»
1031 2163 1057 2171 -
1077 2133 1185 2198 44444444]
1204 2135 1232 2185 44
1249 2133 1301 2185 444
1320 2135 1357 2184 in·

270 2207 387 2259 nonnulli
406 2208 488 2259 filium
507 2209 588 2260 tuisse
606 2210 690 2260 Cassii
712 2211 794 2260 Scae·
831 2209 1009 2272 terrogatione
1027 2208 1134 2272 obliqua
1152 2207 1282 2272 significet
1293 2220 1355 2258 cum

270 2296 334 2342 ves.
354 2283 516 2334 centurionis
535 2283 687 2333 Caesariani
705 2283 794 2333 tortis-
831 2285 1025 2348 potentioribus
1055 2287 1129 2336 recte
1159 2285 1261 2335 4444444
1295 2295 1355 2334 rem

269 2357 338 2407 simi.
369 2359 477 2419 (Caesar
493 2357 522 2406 B.
537 2357 609 2418 C.3,
628 2357 668 2407 53.
691 2357 794 2408 Cicad
832 2371 892 2408 esse
910 2357 988 2410 valde
1005 2357 1149 2410 difficilem.
1164 2384 1192 2394 -
1209 2357 1355 2422 unctoribus]

268 2432 320 2481 att.
335 2430 380 2493 44,
394 2431 440 2492 te,
453 2431 477 2480 t.
496 2429 563 2481 Plut.
578 2431 717 2494 Caestti.)
737 2431 795 2494 (04-
832 2433 871 2484 Ct.
888 2435 940 2484 Sat.
958 2435 987 2495 2,
1011 2435 1040 2496 4,
1060 2433 1100 2483 et.
1122 2460 1149 2469 -
1168 2433 1291 2483 (44444444
1307 2433 1356 2482 od-

269 2507 357 2555 terum
386 2505 458 2555 idem
487 2517 637 2569 cognomen
662 2505 794 2570 reperitur
830 2505 885 2572 444]
904 2509 1042 2570 «quamvis
1066 2509 1173 2570 egomet
1194 2507 1251 2570 ipse
1275 2518 1356 2570 prae·

269 2581 349 2629 etism
367 2581 393 2628 in
410 2579 486 2630 Didia
504 2581 531 2630 et
553 2579 580 2628 in
603 2579 676 2630 lunia
694 2579 793 2642 gente.)
831 2583 947 2646 ceptoris
961 2581 1108 2645 indigenam
1127 2581 1216 2630 minus
1227 2581 1301 2630 recte
1313 2578 1355 2629 alii

269 2655 335 2704 iinic
348 2655 521 2717 igituramico
533 2655 628 2704 iuniori
635 2655 707 2704 44444
719 2668 793 2704 mon·
830 2657 954 2720 iungunt:
974 2657 1039 2706 disce
1055 2656 1178 2706 docendae
1193 2653 1287 2716 ediec,
1305 2667 1355 2718 pro

269 2730 348 2789 44444,
377 2741 431 2793 qua
458 2729 638 2793 potentiorum
673 2728 792 2779 levorem
831 2731 945 2781 44444444.
992 2729 1079 2780 Altera
1113 2729 1296 2793 interpretatio
1329 2731 1355 2779 et
1386 2730 1393 2739 ‘

268 2802 319 2852 sibi
337 2804 425 2867 44444,
444 2805 478 2852 444
490 2805 594 2864 tamen,
613 2805 641 2852 ut
653 2817 703 2853 nec
715 2801 793 2854 iiber·
831 2819 914 2870 prope
937 2805 1027 2855 rustici
1049 2802 1147 2868 aliquid
1166 2802 1250 2853 44444
1266 2815 1355 2866 neque

269 2880 350 2928 tatem
369 2878 482 2942 ingenuo
495 2879 595 2928 hornini
612 2880 792 2929 necessariam
830 2881 955 2930 convenit
972 2891 1034 2934 cum
1052 2880 1125 2928 44444
1148 2878 1266 2928 ductoris
1286 2878 1355 2928 ime-

269 2966 387 3016 unquam
415 2955 494 3003 exuat
521 2966 609 3016 neque
635 2952 793 3003 adulationis
830 2957 899 3016 gine.
929 2955 1027 3003 Contra
1046 2955 1136 3002 nostra
1154 2954 1181 3002 in
1198 2953 1298 3002 ratione
1311 2965 1356 3003 44-

268 3025 374 3089 culpem
393 3029 540 3078 contrahat.
569 3026 651 3077 Simni
663 3027 794 3092 significat
830 3027 988 3087 4444444444,
1002 3041 1054 3076 444
1068 3029 1156 3076 tamen
1168 3027 1225 3076 sine
1237 3025 1354 3089 quadam

268 3099 425 3162 lectoribus,
445 3103 581 3166 quomodo
593 3103 650 3167 4444
664 3115 725 3151 cnm
738 3105 793 3152 Au·
830 3103 926 3163 ironia,
945 3101 1009 3150 dicit
1026 3103 1114 3151 semet
1131 3101 1219 3164 ipsum
1234 3101 1283 3150 etsi
1300 3103 1354 3150 iam

268 3178 345 3238 gusto
371 3179 397 3226 44
422 3178 575 3227 Maecenate
601 3177 687 3226 amice
712 3179 792 3239 atque
831 3175 1071 3239 quadragenarium
1084 3173 1218 3224 difficilem
1229 3174 1298 3224 hanc
1309 3187 1354 3223 44-

267 3249 398 3310 44444444,
425 3251 474 3300 sed
495 3253 584 3300 tamon
600 3249 686 3299 libero
704 3251 792 3299 animo
831 3253 885 3300 tem
903 3263 965 3301 curn
984 3249 1130 3299 maioribus
1147 3249 1271 3298 versandi
1287 3261 1354 3299 non-

267 3323 358 3373 4444444
375 3323 473 3386 444444,
499 3325 567 3374 adeo
586 3327 615 3374 44
632 3337 711 3374 nemo
730 3337 792 3374 enm
831 3326 895 3376 dum
913 3324 1019 3389 penitus
1032 3323 1215 3386 perdidicisse.
1243 3325 1354 3373 Nostrae

266 3402 377 3462 propter
393 3399 462 3448 hanc
475 3410 537 3448 cum
550 3397 734 3462 superioribus
746 3411 792 3448 ne·
829 3399 989 3449 distinctioni
1012 3397 1083 3447 44444
1106 3399 1186 3448 etiarn
1208 3398 1352 3458 Ausonius,

267 3471 459 3521 cessitudinem
477 3472 617 3536 despicere
635 3469 681 3522 aut
697 3487 792 3536 repre·
829 3475 873 3536 qni
891 3471 932 3522 444
950 3471 1017 3522 4444
1035 3471 1135 3520 Horatii
1147 3470 1230 3520 verba
1244 3484 1354 3534 expres·

267 3545 387 3596 bendere
403 3548 496 3609 possit.
524 3546 636 3606 Quando
648 3548 746 3610 scripta
758 3547 792 3596 sit
829 3547 871 3609 sit,
884 3547 997 3597 Praeiat.
1010 3545 1044 3594 ad
1058 3545 1220 3595 Centonem:
1234 3547 1266 3594 Et
1278 3547 1299 3594 si
1307 3559 1355 3608 po-

267 3621 334 3670 4444
351 3619 481 3683 Epistola,
500 3633 562 3670 cum
575 3621 686 3671 Frenkio
699 3623 724 3671 in
736 3635 792 3672 rne-
828 3623 902 3682 teris,
915 3625 943 3669 44
954 3621 1057 3669 doceam
1068 3621 1192 3668 docendus
1202 3621 1266 3682 ipse,
1280 3619 1354 3670 Cerito

267 3693 310 3744 dio
344 3693 549 3757 relinquendum
586 3708 646 3746 4444
681 3709 788 3745 censeo.
829 3696 889 3758 quid
904 3695 936 3744 sit
959 3694 1094 3743 44444444.
1122 3694 1203 3756 Epist.
1226 3693 1272 3742 il:
1300 3693 1354 3758 Epo

267 3767 389 3831 Plerique
407 3769 520 3819 credunt
532 3783 556 3818 4.
570 3781 596 3818 n.
608 3781 632 3818 4.
646 3769 713 3832 734,
728 3772 791 3818 Gro-
828 3775 850 3819 te
867 3767 967 3830 docebo,
986 3767 1109 3817 4444444444
1125 3767 1218 3827 ortheo,
1239 3767 1261 3814 si
1279 3779 1354 3816 444444

266 3841 356 3891 telend
374 3855 398 3889 4.
412 3843 468 3892 737.
496 3843 543 3904 (Ci.
561 3847 669 3906 4444444
686 3845 790 3893 ceteros
828 3843 854 3892 id
871 3843 973 3902 4444444,
988 3846 1015 3890 ut
1029 3838 1167 3890 discerem?
1182 3866 1207 3874 -
1223 3838 1352 3904 4444444444]

266 3914 360 3966 444444
378 3917 461 3966 Lecti.
476 3917 573 3967 Venus.
588 3929 613 3980 4.
628 3916 678 3978 74.)
828 3917 930 3967 Eadem
947 3930 1014 3966 voce
1033 3915 1114 3965 utitur
1132 3913 1249 3964 Catullus
1261 3913 1308 3976 30,
1327 3915 1352 3964 2.

300 3991 354 4038 4-5.
384 3992 503 4051 mamete
525 3990 588 4053 cet]
612 3989 711 4040 lisdem
734 3991 789 4042 iere
828 3998 855 4042 et
877 3991 970 4041 Cicero
990 3991 1066 4040 Verr.
1085 3992 1182 4039 Aecus.
1196 3988 1225 4052 3,
1244 3988 1291 4049 34,
1311 3989 1351 4038 te.

267 4060 357 4112 verbis
369 4065 399 4112 Α.
413 4066 441 4114 P.
455 4064 517 4114 366:
537 4064 651 4126 44444444
662 4091 676 4100 -
687 4071 791 4127 -perte
828 4067 923 4116 Forma
941 4065 1095 4115 diminutiva
1109 4067 1243 4124 teneram,
1263 4077 1315 4127 qua
1328 4063 1354 4112 in

265 4138 346 4198 sepis,
365 4149 418 4199 qna
432 4139 548 4192 termula
566 4138 645 4201 iilud,
665 4140 737 4204 qnod
749 4141 790 4190 in·
827 4142 957 4190 Scaevam
978 4140 1110 4189 animatus
1136 4139 1183 4200 sit,
1211 4137 1354 4188 amicitiem

266 4213 332 4274 grati
350 4215 378 4260 et
395 4212 497 4264 molesti
520 4214 655 4265 interdum
672 4215 741 4266 inest
764 4215 789 4264 in
828 4215 960 4278 exprimit.
977 4243 1002 4250 -
1018 4213 1111 4263 Coacta
1127 4213 1174 4261 iter
1191 4211 1253 4276 cet]
1271 4215 1354 4261 Grae-

266 4283 381 4338 consiliis
399 4289 480 4339 etiam
497 4289 648 4351 benevolis,
671 4291 789 4352 mitigare
828 4299 890 4339 cum
903 4291 943 4340 eet
955 4286 1129 4352 proverbium
1139 4299 1144 4334 ι
1156 4283 1230 4351 μήτε
1242 4280 1353 4346 τυφλὸν
