3090 4974
311 436 374 502 ssffi
673 437 801 494 nostru
818 437 1038 491 nrrsrontnuu

353 589 507 660 Ludentis
529 593 671 679 speeiem
694 591 783 659 debit
804 602 836 660 et
858 592 1075 680 torquebitur,
1098 593 1209 682 utqui

354 717 445 782 Nunc
466 715 631 802 Satyrum,
654 735 739 781 nunc
762 724 922 801 agrestem
945 712 1088 802 Cyclopa
1109 723 1266 781 movetur.
1324 713 1392 779 .l25

354 833 563 902 Praetulerim
586 836 724 922 scriptor
745 835 867 902 delirus
891 835 1045 921 inersque
1066 833 1185 912 videri,

355 957 438 1025 Dum
459 977 532 1024 meu
554 955 714 1025 delectent
735 956 820 1024 mala
841 977 893 1023 me
914 955 966 1023 vel
988 955 1130 1044 denique
1152 953 1274 1034 fallant,

354 1077 457 1156 Quam
479 1095 596 1165 supere
617 1086 650 1144 et
670 1077 762 1166 ringi.
806 1077 878 1144 lluit
899 1075 987 1142 haud
1008 1075 1158 1163 ignobilis
1179 1078 1286 1166 Argis,

354 1198 415 1278 Qui
438 1219 474 1265 se
496 1198 650 1298 credebat
671 1199 771 1266 miros
790 1197 903 1266 audire
926 1197 1113 1286 tragoedos,

378 1387 433 1437 ⁴28.
451 1387 583 1450 Aroteres
600 1385 705 1438 duobus
721 1386 850 1438 Torrentii
867 1386 969 1451 recepit
985 1385 1149 1438 senadouus.

311 1544 473 1594 tumutontto
505 1544 657 1607 oetrtepere,
691 1543 838 1594 mordicatu
875 1542 944 1592 ciem
965 1541 1054 1594 multis
1071 1541 1207 1594 laboribus
1225 1545 1253 1594 et
1272 1545 1393 1596 continuo

311 1619 435 1682 diaerere,
462 1618 544 1668 solido
564 1631 723 1680 conponere,
750 1617 837 1668 sotul-
874 1615 952 1667 limae
969 1615 1166 1678 usuidebebit‚
1185 1615 1395 1682 velutpentomi·

310 1693 394 1742 toetio
409 1695 531 1744 coliem.
557 1693 837 1753 td.8,ti‚ti:Proe-
874 1689 1395 1757 mue‚quidiiflcillirnesperteeetqui·

311 1767 383 1829 cipue
399 1780 432 1817 ee
448 1766 486 1816 tie
503 1767 586 1818 oritur
601 1767 753 1828 mbtimttue,
772 1779 837 1828 quoe
873 1763 937 1814 dem
965 1765 1112 1816 contrariae
1139 1764 1316 1830 diversusque
1341 1767 1394 1832 peri

312 1842 405 1892 audaci
422 1846 446 1891 et
458 1843 578 1902 promtum
594 1841 735 1904 pertentium
751 1845 837 1892 ινοοο-
873 1851 936 1890 eum
958 1838 1115 1890 dexteritate
1136 1839 1203 1902 ugit,
1230 1853 1304 1891 nunc
1320 1843 1395 1906 petu-

311 1916 404 1966 tottoue
424 1915 591 1966 tolluntur.
627 1917 673 1968 Est
694 1916 773 1979 igitur
788 1916 837 1966 te·
872 1911 973 1964 lentem
995 1911 1145 1976 agitentque
1161 1915 1302 1977 Satyrum,
1328 1927 1394 1966 nunc

311 1989 377 2050 ten,
398 1990 474 2040 «vim
492 1988 668 2053 qualicunque
686 1989 767 2040 modo
787 1989 837 2039 ed·
873 1985 991 2050 Cyclopa
1016 1987 1146 2038 rusticum
1166 2001 1199 2038 ec
1219 1992 1332 2053 propter
1347 1991 1394 2040 im-

312 2061 377 2113 dere
394 2062 498 2124 verbis,
525 2063 677 2124 sententiis,
704 2063 754 2126 ipsi
773 2075 837 2113 ver-
872 2073 981 2112 monem
999 2061 1120 2124 corporis
1137 2060 1237 2112 molem
1247 2064 1326 2114 tarde
1337 2076 1394 2114 sese

311 2151 391 2188 suum
402 2149 496 2188 sono.»
518 2137 665 2200 «intelliges
677 2138 837 2188 sententiam
873 2137 1054 2188 moventem.»
1068 2159 1096 2172 -
1109 2136 1240 2198 Summo]
1257 2138 1330 2201 virg.
1343 2137 1392 2190 tici.

311 2225 346 2264 ex
363 2212 500 2264 Ciceronis
517 2211 576 2262 loco
593 2213 670 2262 ruse.
684 2213 714 2273 u,
730 2211 834 2274 tati:
873 2212 902 2272 u,
921 2211 970 2261 73:
996 2209 1122 2263 Saltem
1138 2211 1244 2272 Saturus
1258 2212 1396 2264 mmmm

310 2299 355 2346 eo,
381 2299 447 2346 quoe
471 2292 529 2338 mat
552 2287 688 2336 omnitioro
712 2299 791 2346 oeque
811 2299 837 2338 ee
872 2284 1395 2352 stomomate-omopommeepm

311 2361 424 2410 tottere
444 2375 462 2410 ο
483 2366 553 2410 tem-o
572 2361 648 2410 ultim
667 2365 781 2422 pommt,
809 2363 837 2411 et
872 2356 960 2420 saltet,
973 2361 1004 2410 ut
1013 2359 1144 2422 exprimet
1155 2358 1300 2424 cyclope.»
1314 2359 1393 2412 Glose.

310 2433 415 2484 ridebis
438 2436 464 2485 in
483 2434 579 2486 eadem
596 2437 752 2500 metaphora
770 2449 836 2487 con·
872 2433 988 2482 tadmor
1004 2434 1047 2484 est
1062 2434 1089 2482 in
1106 2432 1154 2484 Ed.
1167 2433 1313 2486 Zautlii.
1339 2434 1394 2488 nn·-

311 2509 410 2559 str'tisse
422 2509 586 2560 Horatium.»
599 2511 717 2560 Diruere.
728 2511 767 2562 Ci.
779 2512 834 2562 Cic.
873 2507 960 2570 steph.
970 2506 1039 2558 Plut.
1052 2507 1113 2558 290:
1130 2507 1187 2558 Καὶ
1197 2502 1257 2573 μὴν
1265 2505 1323 2574 ἐγώ
1331 2507 1395 2572 βοο-

311 2582 345 2632 de
363 2584 433 2632 Oret.
451 2583 479 2644 3,
501 2585 545 2645 it,
567 2584 628 2635 rot:
656 2585 761 2636 &mmo
781 2585 837 2634 tom
873 2576 1395 2652 incommemoratum

311 2656 464 2717 eloquentiae
488 2663 524 2708 eet
546 2658 702 2722 amplificare
723 2671 777 2709 rem
792 2673 836 2708 or-
873 2652 1060 2720 Μιμοόμενος
1081 2657 1131 2708 καὶ
1149 2661 1212 2706 τοῖν
1228 2655 1333 2708 ποδοῖν
1347 2655 1394 2708 ddi

310 2732 408 2792 modo,
428 2733 494 2793 quod
509 2732 576 2782 volet
592 2747 643 2784 ooo
653 2733 734 2782 rotun
744 2734 779 2784 ud
791 2747 837 2784 ou-
874 2727 1095 2802 παρενσαλεύων
1108 2726 1194 2796 ’Τμᾶς
1209 2725 1298 2798 ἄγειν.
1323 2731 1392 2786 Conl.

309 2806 418 2870 perdum
433 2807 531 2868 aliquid
545 2812 569 2856 et
584 2808 752 2858 tollendum
761 2808 837 2858 ultim
874 2807 927 2854 Sat.
941 2807 969 2867 t,
988 2807 1018 2868 t,
1032 2806 1079 2856 63:
1097 2808 1224 2858 Pastorem
1239 2807 1347 2859 saturet
1360 2807 1395 2858 uti

310 2881 426 2940 dmendo,
448 2881 491 2930 sed
507 2881 582 2932 etium
599 2883 633 2932 od
649 2883 837 2934 extenuandum
873 2879 982 2941 Onetopo
996 2880 1114 2944 reputet.
1133 2881 1164 2930 V.
1181 2883 1276 2932 mortem
1292 2882 1329 2933 de
1345 2880 1394 2933 eel-

310 2959 386 3016 otoue
407 2954 572 3006 otidmtom
608 2954 730 3019 Plerique
753 2957 837 3007 inter-
873 2953 954 3003 tendo
971 2955 1109 3018 usurpavit
1125 2957 1205 3006 etiem
1220 2959 1252 3006 Α.
1266 2958 1293 3006 Ρ.
1314 2957 1370 3008 tes.

311 3031 450 3093 protuetur
466 3043 637 3091 «removere,
650 3029 768 3080 delere.»
787 3031 837 3080 Ve-
906 3027 963 3078 ist.
975 3028 1031 3077 427.
1044 3027 1392 3096 detinu11ebsurdue‚qued

310 3104 418 3154 rumsie
429 3103 502 3156 idem
512 3104 595 3154 otiose
604 3105 748 3167 repeteret,
764 3104 836 3167 quod
874 3103 969 3165 purtim
987 3101 1022 3152 ad
1043 3102 1224 3153 inventionem
1241 3107 1269 3153 et
1285 3117 1393 3169 compo·

311 3179 364 3228 iam
387 3178 458 3229 inest
476 3180 503 3230 in
519 3192 545 3228 r.
564 3184 706 3240 compescet.
741 3179 837 3243 Singu—
873 3177 1011 3236 sidonem,
1037 3178 1135 3240 partim
1155 3177 1190 3228 ed
1206 3181 1353 3232 sententies
1369 3180 1393 3229 et

310 3249 372 3303 laris
400 3255 492 3304 eutem
519 3255 562 3304 est
588 3253 672 3304 uomit
698 3253 777 3304 lectio
802 3269 835 3305 ex
872 3251 1095 3302 vemtfieetionem
1122 3252 1250 3313 attinens
1276 3266 1343 3317 non,
1367 3255 1393 3304 at

311 3326 397 3377 Codd.
419 3326 480 3391 eliq.
501 3330 611 3391 recepta
637 3330 665 3379 et
681 3329 833 3393 explicatio:
873 3323 915 3374 ulii
931 3323 1039 3376 volunt:
1058 3338 1118 3376 «me
1135 3339 1272 3378 summum
1290 3330 1392 3394 poetam

309 3402 519 3452 virtuteeolentio
529 3403 604 3464 tollet,
622 3405 775 3467 «tamquam
787 3417 837 3468 pa-
873 3397 938 3449 lelso
954 3400 1077 3462 putens.»
1098 3425 1125 3436 -
1148 3401 1223 3465 utem]
1246 3404 1312 3467 «qul
1334 3401 1392 3454 artis

311 3478 353 3524 ter
365 3475 492 3526 infantem
503 3479 605 3538 natum,
619 3479 648 3526 ut
659 3479 757 3528 nutriet
768 3477 836 3528 e'du·
872 3476 1015 3538 praecepte
1036 3487 1088 3525 uon
1113 3474 1217 3526 callet.»
1249 3478 1293 3528 Sic
1316 3481 1346 3530 Α.
1367 3479 1391 3528 Ρ.

261 3571 267 3585 ·
312 3551 436 3612 estque·
454 3551 534 3600 Recte
546 3552 712 3602 Torrentius:
734 3553 779 3602 «si
790 3565 836 3602 co-
872 3547 1273 3602 tittueraredtcunturteertee.
1289 3553 1392 3601 -Derr

310 3625 394 3674 restio
410 3622 496 3686 legas,
515 3624 577 3675 nihil
595 3625 673 3687 dicit,
692 3628 764 3691 quod
783 3640 835 3678 non
873 3623 935 3688 cet]
954 3623 1117 3675 «dummodo
1132 3625 1186 3674 mei
1198 3637 1305 3676 errores
1316 3628 1392 3688 etque

312 3702 384 3762 prius
401 3699 502 3750 dictum
514 3700 574 3750 sit»
601 3702 672 3752 llaec
684 3701 777 3752 Bothe.
803 3705 837 3752 nt
872 3699 933 3748 viiie
946 3699 1011 3750 mihi
1021 3697 1175 3763 placeam,-
1193 3697 1237 3750 vel
1249 3700 1315 3750 «uisi
1325 3697 1392 3750 dele·

312 3777 403 3825 contre
421 3773 498 3824 nohis
515 3775 633 3836 videtur,
661 3775 738 3839 longe
763 3778 835 3826 enim
873 3775 957 3834 cient,
976 3776 1068 3825 nmen
1083 3775 1109 3824 in
1127 3774 1282 3824 universum
1299 3771 1390 3824 tollent.

312 3847 437 3899 ditierunt
460 3850 553 3900 uirtute
576 3852 704 3912 coreruiu,
731 3850 834 3910 idest,
873 3845 1393 3912 Delectatioisteentmspecieseetuni·

312 3925 399 3974 tenuia
422 3927 501 3988 etque
523 3924 645 3984 humilia.
672 3928 700 3975 et
721 3939 737 3974 a
759 3924 836 3976 luxu·
872 3935 968 3974 versae
985 3922 1129 3974 fallaciae·
1147 3923 1311 3974 numium.
1323 3923 1353 3972 11.
1366 3931 1390 3984 p.

311 3997 440 4048 rientibus
457 4001 484 4049 et
500 4013 515 4048 a
534 4000 612 4050 nimis
630 4001 740 4064 esperis.
872 4001 929 4049 270.
960 4001 1056 4050 Contra
1081 3998 1214 4049 itandiunr
1237 3997 1340 4062 Uaddg
1360 3994 1391 4046 ed

344 4071 472 4123 tillio.
506 4074 623 4124 tenderetis
647 4073 710 4138 oet]
745 4075 834 4126 «Cum
873 4073 1144 4137 Cic.deFinn.p.tt:
1164 4068 1392 4124 «Perversedeie-

311 4157 417 4196 summa
437 4146 560 4198 tecilitete
583 4147 641 4198 eius
663 4151 787 4213 poemata
804 4161 835 4199 se
872 4149 952 4199 eletio
969 4147 1066 4198 dicitur
1077 4159 1138 4198 esee
1150 4147 1256 4212 speeies
1265 4147 1389 4209 [dicdum

311 4221 501 4272 commendent
512 4221 619 4285 lectori,
636 4225 726 4274 temen
738 4229 837 4286 torque-
872 4234 934 4273 nam
944 4223 1033 4287 fodere
1042 4221 1212 4272 manifestum
1224 4224 1267 4272 est
1279 4222 1322 4272 hio
1333 4219 1389 4276 dici.

310 4295 389 4356 tum,
409 4295 435 4344 id
453 4298 507 4356 est,
529 4299 667 4349 externam
685 4299 754 4350 hene
772 4309 836 4363 spe-
872 4309 941 4360 quoe
953 4309 1006 4348 non
1017 4296 1271 4356 animadvertentur,
1287 4296 1391 4358 etigun-
