3130 4966
315 453 356 518 50
574 525 578 532 .
693 451 823 502 Houtru
840 446 1023 506 sarmarum

314 609 475 678 Rusticius
498 617 590 676 tonso
613 617 687 696 toga
709 607 823 675 defluit
844 618 876 675 et
898 607 983 675 male
1005 606 1096 674 laxus

314 735 349 798 ln
370 731 455 819 pede
477 729 606 798 calceus
629 729 756 798 haeret:
781 741 814 796 at
835 739 886 796 est
906 730 1030 809 bonus,
1054 739 1090 796 ut
1111 727 1226 796 melior
1247 729 1297 796 vir

312 856 383 922 Non
405 852 487 920 alius
509 852 699 941 quisquam,
724 863 756 919 at
777 851 833 919 tibi
856 853 994 930 amicus,
1019 861 1051 918 at
1072 851 1236 939 ingenium
1260 851 1372 939 ingens

313 974 435 1042 inculto
456 973 533 1041 latet
554 974 701 1041 hocsub
723 994 870 1062 corpore.
915 975 1065 1062 Denique
1087 984 1117 1041 te
1142 974 1248 1060 ipsum

312 1099 471 1176 Concute,
494 1117 659 1184 numqua
681 1095 737 1162 tibi
759 1095 910 1162 vitiorum
932 1095 1086 1162 inseverit
1106 1094 1183 1162 oiim
1361 1096 1402 1160 35

311 1220 431 1286 Natura
453 1217 626 1284 autetiam
649 1216 851 1283 consuetudo
873 1215 975 1298 maia3
998 1237 1139 1305 namque

311 1338 471 1426 Neglectis
493 1336 618 1404 urenda
639 1336 705 1403 filix
728 1338 904 1404 innascitur
925 1339 1021 1426 agris.

312 1459 391 1528 Illuc
414 1467 672 1547 praevertemur,
696 1467 873 1526 amatorem
895 1459 984 1547 quod
1007 1460 1130 1528 amicae

381 1629 422 1682 34.
441 1628 554 1694 corpere]
568 1633 669 1692 pectore
685 1627 723 1680 bd
741 1631 769 1678 et
785 1641 854 1680 corr.
868 1642 892 1691 c,
911 1629 976 1682 itam
992 1630 1128 1682 «Lambini
1145 1629 1245 1695 aliquot
1262 1631 1370 1686 codices

345 1705 373 1756 et
394 1702 533 1756 Pulmanni
555 1703 738 1768 Torrentiique
760 1705 840 1766 atque
863 1705 989 1766 quattuor
1009 1718 1043 1755 ex
1066 1706 1189 1756 nostris.»
1225 1708 1318 1757 Baurn.
1340 1733 1368 1746 -·

346 1779 387 1832 ³5.
404 1794 466 1830 nmo
479 1780 526 1830 rtet
544 1780 605 1842 quie
622 1793 646 1831 c.
667 1804 694 1816 —-
713 1778 830 1829 insederit
848 1778 903 1842 (sic)
922 1791 1057 1844 superscr.
1077 1780 1181 1832 emeruit
1198 1779 1225 1831 b.

346 1929 435 1980 34-37.
463 1929 597 1994 Rusticus]
624 1929 702 1992 iunge
728 1939 790 1978 cum
812 1942 838 1977 v.
880 1955 905 1963 -
925 1928 1029 1994 inculto]
1047 1929 1082 1978 de
1099 1929 1198 1980 amictu
1216 1929 1347 1994 neglecto.
1366 1933 1401 1996 (v.

313 2009 384 2056 tonso
402 2003 548 2053 dumtaxat.
569 2029 596 2040 -
616 2001 709 2068 defluit]
729 2015 840 2066 «parum
877 2002 928 2066 34.)
943 2030 971 2040 -
984 2004 1108 2068 mtpmm]
1121 1999 1402 2070 montanismum<

314 2079 376 2143 apte
394 2079 542 2141 composita
556 2078 622 2127 est.»
643 2103 668 2114 -
688 2076 841 2125 matetucus
877 2089 958 2128 causa
981 2078 1020 2128 sic
1043 2079 1150 2142 scripsit
1170 2093 1220 2144 pro
1243 2086 1267 2130 te
1283 2081 1349 2143 ipse,
1373 2084 1403 2132 ut

312 2178 327 2190 -
338 2178 353 2188 -
364 2149 457 2214 haeret]
476 2150 563 2202 schol.
578 2151 659 2214 Cruq.
673 2149 741 2200 haec
759 2149 840 2200 aduc·
877 2152 1001 2216 opinatus
1010 2155 1051 2202 est
1059 2153 1188 2216 Reisigius
1196 2153 1258 2216 (Lat.
1265 2155 1400 2218 Sprachrr.

312 2226 389 2276 tavit:
415 2225 495 2275 amate
515 2225 605 2286 mour,
632 2222 746 2275 multum
765 2221 840 2274 laxus
876 2238 903 2289 p.
917 2224 996 2288 365.)‚
1014 2225 1064 2276 sed
1079 2226 1131 2287 ipse
1148 2227 1309 2290 signiticaret
1324 2241 1340 2278 a
1354 2243 1404 2280 ue·

312 2299 398 2364 (Hand
419 2301 494 2350 Ture.
518 2301 560 2350 111.
585 2312 611 2363 p.
636 2297 720 2361 584),
739 2297 840 2348 --sed
878 2300 949 2350 mina
977 2299 1028 2351 alio
1057 2313 1120 2352 eum
1149 2304 1255 2352 concuti
1282 2302 1402 2364 debare;

312 2373 409 2426 melius
421 2374 544 2426 dicemus
555 2375 621 2425 male
632 2375 730 2436 haeret,
749 2374 838 2432 idest,
876 2375 958 2435 ipsum
975 2376 1068 2426 contra
1085 2375 1171 2438 hunc,
1190 2389 1272 2440 quem
1290 2375 1403 2442 alloqui-

312 2450 469 2502 indecenter
486 2448 527 2499 vel
546 2463 600 2500 non
612 2449 733 2500 haeret.»
754 2450 840 2513 Atque
877 2450 933 2510 tur,
961 2446 1018 2500 aliis
1043 2449 1168 2502 omnibus
1192 2451 1313 2516 opponit,
1342 2454 1403 2503 ante

312 2539 342 2575 re
359 2537 425 2575 vera
443 2525 494 2574 adi.
514 2525 590 2574 lucus
605 2522 648 2574 vel
671 2524 728 2574 sine
749 2522 840 2572 addito
879 2535 946 2586 quos
971 2524 1090 2588 primum
1115 2527 1203 2576 semet
1228 2528 1315 2590 ipsum
1338 2539 1404 2576 exa-

313 2598 374 2649 udv.
386 2599 453 2648 mele
470 2597 600 2662 significat
612 2595 733 2648 calceum
744 2609 840 2661 purum
878 2597 981 2647 minare
994 2597 1102 2649 debeat.
1118 2625 1145 2635 -
1160 2599 1275 2664 Concute]
1288 2601 1402 2664 imagine

312 2671 429 2724 habilem
442 2675 469 2722 et
485 2675 577 2738 aptum
590 2671 624 2723 ad
642 2671 841 2737 pedem;'cou-
878 2670 1020 2736 desumpta
1044 2672 1078 2722 ub
1097 2685 1143 2734 eo,
1168 2674 1214 2736 qui
1233 2672 1320 2724 iurem
1338 2687 1405 2726 cou-

313 2751 355 2799 tra
372 2747 518 2799 Heindortii
534 2761 603 2798 vana
614 2751 657 2798 est
674 2748 777 2811 opinio:
797 2747 841 2796 «in
878 2745 957 2796 cutit:
981 2747 1114 2798 riitteln.
1149 2748 1178 2797 ln
1199 2760 1278 2811 prosu
1295 2761 1335 2798 or.
1349 2747 1405 2799 ire-

313 2824 408 2874 haeret
428 2824 488 2887 lieet
509 2823 554 2873 der
575 2822 678 2886 Macpei
700 2823 741 2872 des
763 2823 841 2886 [semu
878 2821 1003 2885 quentius
1022 2823 1179 2872 concutere»
1196 2835 1245 2886 pro
1264 2820 1404 2885 diligenter

312 2897 445 2948 Scotorum.
475 2898 561 2947 Immo
578 2897 682 2958 inpedit
697 2896 783 2946 haeret
800 2898 842 2946 est
878 2893 1026 2958 explorare.
1047 2897 1209 2960 comparant
1218 2895 1337 2961 quidem,
1347 2910 1401 2948 non

315 2972 393 3036 «pedi
417 2971 545 3034 (firmiter)
570 2970 665 3022 aiiixus
688 2972 754 3021 est.»
790 2970 838 3020 od.
877 2970 967 3020 tamen
985 2983 1096 3034 prorsus
1109 2973 1180 3036 apte,
1199 2971 1269 3034 virg.
1285 2973 1351 3023 Aen.
1370 2973 1402 3032 Ἰ,

314 3047 342 3109 4,
363 3045 408 3107 ti,
426 3045 472 3096 27:
491 3045 632 3096 Merentem
648 3057 770 3096 coronam
788 3044 842 3096 Cri-
876 3043 940 3095 338:
966 3045 1111 3096 Fecundum
1132 3050 1234 3095 concute
1250 3050 1351 3107 pectus,
1378 3047 1405 3096 et
1500 3049 1507 3062 ·

312 3119 395 3171 nium.
429 3121 483 3170 Sat.
503 3121 533 3182 4,
553 3121 597 3181 40,
621 3119 667 3172 ts:
693 3121 842 3170 Haerentem
878 3121 968 3170 iuven.
984 3121 1027 3180 40,
1040 3120 1102 3171 327:
1121 3125 1179 3170 etse
1191 3120 1405 3171 emmeramum

313 3195 573 3259 cupiti-wercum.
592 3195 658 3260 (vid.
671 3192 842 3246 Funkhaeuel
878 3194 937 3256 bue,
957 3193 984 3244 id
1002 3197 1057 3255 est,
1077 3195 1127 3244 «ud
1144 3194 1271 3244 ultionem
1289 3207 1318 3245 se
1331 3195 1404 3244 exci-

314 3270 341 3321 in
352 3269 469 3320 zeitschr.
481 3269 500 3332 s.
511 3269 639 3320 Alterttrw.
650 3268 724 3321 tuit.
734 3283 761 3334 p.
773 3267 840 3330 698.)
878 3269 993 3317 terunt.»
1028 3270 1140 3319 Prorsus
1157 3271 1249 3318 eontra
1266 3267 1351 3319 simile
1364 3269 1405 3318 est

313 3342 603 3394 Adsententiamconi.
615 3342 746 3406 Theophr.
760 3342 839 3393 Char.
878 3342 981 3392 Arrian.
1001 3341 1085 3406 Epict.
1105 3341 1135 3404 3,
1155 3340 1200 3404 44,
1219 3343 1248 3393 3:
1274 3340 1404 3412 περίβλε-

315 3417 345 3468 i:
374 3411 440 3468 ὅδὲ
463 3410 602 3487 ἄγροικος
624 3413 758 3479 τοιοῦτός
782 3431 841 3478 τις,
878 3423 946 3478 ψαι,
965 3413 1140 3480 ε’νσείσθητι,
1159 3414 1207 3466 t'va
1222 3413 1297 3483 γνῷς
1314 3411 1402 3479 rigel.

316 3483 380 3554 οἷος
391 3491 528 3557 --μείζω
545 3487 597 3541 τοῦ
615 3487 705 3554 ποδὸς
721 3487 758 3541 τὰ
770 3483 843 3541 ὑπο·
882 3516 909 3526 -
926 3491 1026 3540 urende
1039 3490 1105 3554 titia]
1125 3503 1209 3555 «quae
1227 3489 1303 3542 aliter
1323 3505 1405 3556 quam

315 3563 432 3634 δήματα
457 3570 568 3637 φορεῖν.
605 3565 678 3616 ovid.
704 3566 733 3616 t.
758 3569 788 3617 A.
811 3566 841 3627 4,
880 3565 939 3629 igne
959 3565 1099 3630 exstirpari
1116 3567 1234 3630 nequit.»
1268 3568 1338 3629 virg.
1356 3569 1402 3618 Ge.

318 3642 384 3694 5⁴6:
403 3638 844 3705 Necvamutntnmpesrtotpette
879 3639 909 3700 2,
928 3639 990 3690 tce:
1019 3641 1053 3690 Et
1075 3640 1166 3704 filicum
1190 3641 1275 3691 curuis
1297 3643 1406 3692 incisam

316 3721 393 3768 nutet.
431 3713 535 3776 Quintil.
550 3715 596 3775 44,
615 3713 644 3775 3,
664 3714 725 3764 434ι
749 3720 773 3764 et
784 3719 844 3777 iope
877 3715 959 3778 percit
975 3710 1081 3765 aratruj
1116 3714 1183 3766 titud
1195 3715 1329 3779 proverbii
1341 3729 1406 3780 epe-

317 3797 341 3842 et
351 3791 449 3841 calcem
460 3795 483 3840 et
497 3789 603 3852 capillus
619 3793 672 3838 tam
685 3789 766 3840 nimiu
780 3803 844 3839 euru
880 3790 950 3840 ciem
968 3789 1058 3841 habet.

318 3877 396 3926 quarn
404 3865 556 3929 neptiqmtta
564 3868 621 3913 sunt
632 3863 842 3925 reprehendenda.

320 3965 348 3976 -
363 3943 391 3988 at
402 3965 416 3976 -
427 3965 442 3976 -
454 3943 482 3988 at
492 3965 507 3975 -
518 3965 532 3974 -
544 3936 580 4001 ut]
598 3935 703 4002 Triplex
714 3942 742 3987 at
753 3938 792 3988 sic
804 3938 846 3988 est
912 3937 1001 3990 au-ta.
1020 3939 1081 3988 iiitrc
1092 3939 1296 4001 praevertemur]
1309 3939 1351 3989 «st
1361 3951 1407 3988 vu·

319 4011 391 4076 apud
403 4012 457 4063 Cic.
471 4011 505 4062 ad
523 4013 594 4063 Fam.
607 4012 639 4074 2,
658 4013 704 4072 tu,
723 4009 747 4062 4.
766 4011 843 4061 Verr.
881 4011 969 4064 lumus
987 4025 1123 4078 exaequo
1144 4011 1270 4077 bonoque
1287 4013 1322 4064 dc
1338 4013 1407 4064 ami-

320 4087 350 4147 3,
374 4085 403 4148 4,
429 4086 454 4136 8.
481 4113 509 4122 -
535 4085 588 4151 tibi]
614 4097 747 4150 «quocum
773 4097 845 4139 nuuc
882 4088 920 4138 cis
943 4087 1074 4148 iudicare,
1100 4089 1162 4138 ante
1179 4089 1268 4140 omnia
1286 4087 1321 4138 ad
1343 4086 1406 4138 iilud

321 4163 410 4227 ipsum
436 4157 608 4224 colloquor»,
632 4173 685 4210 non
718 4159 847 4210 «Maece-
883 4159 1036 4225 exemptum
1052 4173 1101 4212 nos
1119 4165 1319 4224 convertamus,
1337 4175 1407 4226 quo-

322 4235 402 4296 nati»,
415 4237 445 4285 ut
455 4233 497 4286 alii
509 4233 656 4300 explicant,
669 4246 722 4297 quo
735 4232 844 4296 quidem
882 4233 963 4286 modo
981 4233 1014 4284 de
1033 4236 1180 4287 amicarum
1197 4237 1289 4288 naevis
1306 4239 1408 4288 amate-

322 4308 386 4360 nihii
404 4309 584 4361 inconcinnius
596 4308 687 4360 dicere
704 4309 843 4372 potuisset.
883 4321 942 4370 res,
962 4307 996 4360 de
1013 4306 1129 4360 liberum
1145 4310 1215 4360 vitiis
1225 4311 1353 4374 parentes
1364 4309 1406 4361 iu-
