3156 4972
609 391 668 442 tili.
688 391 718 441 ll.
755 393 823 442 SAT.
842 393 907 444 vili.

262 544 447 621 Sensimus,
472 546 634 634 erigimur.
677 547 776 614 Rulus
797 549 902 635 posito
925 549 1046 638 capite,
1073 559 1108 616 ut
1129 551 1156 616 si

261 665 360 733 Filius
382 668 571 734 immaturus
594 668 730 748 obisset,
756 667 844 737 llere.
890 672 970 750 Quis
994 683 1082 752 esset

260 789 361 866 Finis,
386 788 417 855 ni
441 792 573 877 sapiens
595 791 642 857 sic
664 793 883 858 Nomentanus
906 793 1045 860 amicum
1264 799 1305 862 60

259 909 411 978 Tolleret:
436 911 525 988 Heu,
550 913 706 990 Fortuna,
729 913 804 1000 quis
827 923 877 980 est
898 914 1062 982 crudelior
1084 916 1116 982 in
1140 939 1200 984 nos

259 1035 302 1099 Te
326 1031 430 1098 deus?
452 1033 492 1100 Ut
513 1051 645 1120 semper
666 1033 790 1121 gaudes
813 1034 949 1103 illudere
971 1036 1071 1104 rebus

262 1155 433 1220 Humanis!
456 1153 570 1219 Varius
591 1173 710 1242 mappa
731 1175 942 1243 compescere
965 1159 1067 1226 risum

158 1287 165 1296 ·
260 1276 317 1341 Vix
340 1285 474 1363 poterat.
517 1273 643 1342 Balatro
666 1277 871 1364 suspendens
893 1279 998 1346 omnia
1023 1300 1118 1358 naso,

260 1398 348 1464 llaec
371 1406 421 1464 est
443 1397 591 1465 condicio
617 1397 759 1476 vivendi,
784 1399 904 1478 aiebat,
929 1421 1037 1489 eoque

258 1520 467 1606 Responsura
487 1528 543 1586 tuo
565 1541 731 1608 nunquam
754 1531 804 1588 est
825 1542 884 1609 par
905 1522 989 1589 lama
1013 1519 1126 1590 labori.

249 1698 301 1749 Fit.
323 1726 351 1734 —
368 1699 482 1748 reniteat
498 1698 550 1760 bc,
571 1699 636 1750 Cod.
656 1701 779 1765 Freneq.,
799 1702 820 1750 t:
839 1701 943 1750 remittit
960 1714 1122 1766 cupersano
1139 1705 1170 1763 S,
1190 1703 1274 1752 rerrrit-

248 1773 278 1822 tit
294 1787 321 1836 p,
341 1774 406 1824 cod.
419 1773 511 1825 Bland.
525 1775 731 1836 vetustissimus,
750 1776 801 1838 Lc,
819 1775 961 1836 Bentleius,
981 1777 1033 1828 PM.
1049 1803 1076 1812 —
1089 1776 1130 1827 st.
1148 1778 1236 1842 prauis
1248 1791 1271 1826 e.

251 1874 279 1884 -
297 1845 338 1898 et.
356 1849 437 1910 potuit
454 1861 589 1912 superscr.
604 1855 705 1912 poteret
722 1851 748 1899 S.
771 1877 797 1886 -
817 1850 858 1900 66.
877 1864 1007 1912 nunquam
1021 1863 1073 1912 por
1090 1864 1113 1900 e.

216 2013 369 2066 denmdttur
386 2027 493 2065 exoroa
511 2015 662 2077 Byzantia.»
692 2015 743 2065 Ve·
778 2015 1187 2079 peameeadontiainoatma.»
1218 2019 1307 2081 (lithe-

216 2103 277 2142 rum
295 2091 425 2141 utrumvis
443 2091 558 2141 otiosum
576 2093 656 2142 esset.
780 2103 864 2140 naeus
886 2088 917 2150 l,
941 2091 982 2142 29.
1008 2091 1042 2141 de
1066 2089 1222 2156 Cleopatrae
1242 2106 1305 2144 cum

247 2166 338 2218 otti.
359 2167 466 2231 Interea]
479 2169 548 2218 Scite
561 2167 667 2219 duobus
678 2181 742 2218 ver·
778 2165 892 2215 Antonio
905 2165 1039 2216 convivio:
1058 2157 1136 2230 ἦσαν
1147 2167 1197 2218 και
1209 2167 1240 2217 ol
1249 2171 1307 2218 rot·

214 2239 291 2292 sibus
308 2242 409 2291 heroici
427 2242 484 2292 soni
502 2255 567 2292 usus
585 2244 628 2291 est
647 2243 674 2292 in
697 2255 742 2291 ar-
779 2253 828 2298 χοι
845 2232 1001 2308 ἁλουργέσι
1018 2241 1067 2290 και
1078 2238 1247 2312 διαχρύσοις
1258 2241 1307 2308 ἐμ-

217 2318 345 2378 gumento
360 2316 481 2366 ridiculo.
497 2341 525 2352 -
544 2315 645 2380 αιιαια]
663 2331 742 2386 περι-
779 2316 989 2379 πεπετασμένοι
1007 2307 1105 2378 ὕφεσι.
1133 2317 1229 2376 Quidni
1240 2331 1305 2368 vere

215 2385 395 2454 πετάσματα.
431 2390 470 2440 Cl.
493 2390 540 2440 Od.
563 2389 591 2452 3,
618 2390 665 2451 29,
692 2391 739 2442 tt:
778 2389 916 2453 utriusque
935 2391 1040 2453 generis
1053 2390 1153 2442 aulaeis
1170 2391 1305 2442 interdum

211 2464 739 2527 pauperrrmcoeaaeateeaataeisetostro.
778 2464 820 2513 uai
843 2465 895 2514 sint
918 2465 1045 2528 antiquit)
1070 2494 1098 2502 -
1121 2467 1205 2515 maius
1220 2465 1303 2530 ueriti]

215 2538 404 2589 «Consuetudo
428 2538 499 2603 apud
526 2540 649 2603 antiquos
675 2539 739 2602 luit,
779 2539 900 2588 aruinam
912 2537 1008 2590 domus
1020 2541 1199 2590 metuentes.»
1218 2540 1302 2591 Corra.

214 2615 243 2663 ut
259 2612 351 2664 aulaea
369 2614 420 2665 auh
438 2627 559 2666 cameras
582 2614 739 2674 tenderent,
779 2613 857 2671 Cano.
883 2639 911 2648 —
930 2615 1060 2678 eripimur]
1081 2617 1215 2666 «animum
1234 2615 1305 2665 reci·

213 2690 257 2748 ut,
284 2689 387 2752 siquid
413 2687 531 2753 pulveris
555 2689 677 2750 caderet,
705 2689 739 2739 ab
777 2688 1230 2752 mmmm-Rufus]«Nasidienum
1246 2691 1306 2739 erat

213 2763 278 2826 ipsis
290 2765 484 2828 exciperetur.»
510 2766 604 2814 Ponrn.
631 2765 740 2814 Servius
778 2763 850 2811 enirn
871 2762 1040 2814 binominis·
1070 2765 1155 2815 Corra.
1174 2765 1253 2821 Cnuo.
1274 2791 1302 2800 -

214 2836 248 2886 ad
266 2839 330 2887 lien.
345 2839 372 2897 t,
392 2837 453 2887 itit:
482 2839 539 2888 Ideo
556 2839 632 2888 etiam
648 2840 676 2888 in
694 2840 741 2888 do-
777 2837 856 2898 posito
873 2838 963 2899 capite]
982 2838 1144 2888 «demisso»
1163 2839 1305 2888 -imma-

212 2911 294 2960 mitur
310 2912 474 2962 tendebantur
490 2913 598 2974 αιιαιι,
616 2919 645 2963 ιιι
657 2915 741 2964 imita·
778 2912 858 2977 tarro]
878 2913 938 2975 «qut
957 2911 1077 2962 nondum
1095 2915 1215 2962 maturus
1232 2916 1306 2964 esset

213 2987 429 3036 tiotentoriorien
442 2989 741 3051 fleret:--undeettn
779 2988 884 3036 morti.»
913 2985 1006 3036 Tibull.
1028 2988 1058 3046 2,
1082 2987 1112 3047 6,
1136 2987 1183 3036 29:
1212 2987 1301 3049 Peroe,

212 3061 331 3111 thalamis
346 3062 392 3111 loc
407 3063 464 3125 fieri
479 3061 599 3123 hodieque
615 3064 740 3125 conspici-
774 3075 823 3124 per
844 3061 982 3111 immaturo
1004 3066 1063 3112 tuae
1082 3074 1175 3124 precor
1190 3075 1247 3112 osse
1262 3076 1304 3112 so-

211 3148 277 3185 mus.
315 3136 396 3185 Varro
413 3140 496 3185 tamen
513 3136 573 3185 dicit
588 3136 645 3186 vete
661 3137 740 3188 sotem
776 3138 851 3186 roris.
873 3163 900 3174 -
927 3135 1037 3200 reiteret]
1063 3136 1213 3186 «maestum
1235 3149 1303 3187 eon·

212 3210 327 3273 mpendi
344 3211 379 3260 ad
400 3211 575 3272 ιιιιρίειιάιιηι
593 3212 737 3274 pidverem,
776 3210 876 3262 solatus
901 3211 1009 3270 esset;»
1037 3222 1077 3274 pr.
1101 3209 1134 3260 de
1160 3223 1209 3271 eo,
1236 3209 1300 3274 qui,

212 3286 279 3334 ιιιιι
301 3285 434 3334 Hor-otim:
462 3285 566 3336 interea
592 3287 643 3336 cet.
684 3287 737 3338 Clr.
777 3297 839 3336 cnm
856 3285 931 3335 humi
946 3283 1072 3350 procidit,
1100 3283 1134 3334 ab
1153 3281 1203 3334 alio
1222 3285 1302 3348 erigi-

212 3361 511 3411 WilatemanuSeeerus
521 3373 547 3425 p.
560 3363 618 3412 ato.
636 3363 739 3414 Becker
776 3363 827 3412 tur.
858 3361 984 3410 Ceterum
1000 3357 1156 3424 imperfecta
1170 3359 1238 3408 coni.
1251 3371 1302 3422 pro

212 3435 301 3486 Gallus
324 3435 375 3498 led.
395 3434 450 3499 alt.)
473 3437 504 3486 ll.
523 3449 550 3500 p.
570 3438 627 3487 tro.
656 3435 738 3488 Aliter
775 3434 987 3500 plusquamperl.
1004 3447 1086 3499 saepe
1110 3435 1150 3485 sic
1166 3445 1302 3497 usurpan-

212 3508 324 3572 quidem
340 3510 407 3571 Fae,
431 3510 480 3561 sed
497 3513 588 3561 eontra
606 3525 649 3562 vv,
666 3509 737 3561 clare
775 3513 830 3572 tur,
857 3511 903 3560 ubi
929 3511 955 3560 in
977 3511 1066 3575 ipsum
1089 3508 1152 3560 illud
1177 3511 1299 3574 tempus,

210 3585 345 3636 ricimiri
363 3585 482 3646 patinam
499 3584 533 3647 lin
555 3598 608 3649 qua
629 3584 739 3635 natabat
775 3598 829 3649 quo
841 3584 904 3649 quid
921 3585 1088 3644 factumest,
1106 3583 1249 3634 revertitur
1260 3595 1302 3633 se·

212 3661 329 3724 pretiosa
346 3657 389 3709 illa
406 3657 543 3721 muraena)
558 3660 650 3723 secere:
674 3661 739 3710 aca—
775 3673 843 3724 que,
862 3663 891 3710 ut
908 3661 942 3710 ita
955 3660 1056 3719 dicam,
1076 3658 1224 3722 transponit
1236 3657 1302 3706 scri-

212 3733 332 3795 dendop·
358 3733 457 3798 inquit,
485 3746 515 3782 «e
539 3733 655 3797 pariete,
683 3747 737 3797 quo
773 3739 842 3800 ptor.
879 3733 1005 3797 Exempla
1023 3731 1127 3796 collegit
1151 3731 1302 3793 Heusinger

212 3821 343 3872 suspensa
367 3809 456 3867 erant,
481 3821 535 3858 non
557 3821 640 3872 super
658 3821 737 3859 men·
774 3809 809 3860 ad
827 3809 882 3859 Cic.
896 3807 930 3856 de
948 3807 997 3857 Off.
1011 3807 1035 3867 3,
1050 3807 1090 3868 te,
1103 3806 1128 3856 2.
1149 3829 1177 3840 -
1196 3803 1301 3868 neappo]

212 3895 286 3943 sam,
311 3885 450 3932 uenerunt
475 3883 659 3934 tantummodo
676 3883 737 3947 pul-
773 3884 831 3934 vid.
842 3886 895 3934 Sat.
906 3884 931 3942 ι,
942 3881 966 3943 l,
977 3882 1018 3932 84,
1031 3905 1058 3916 -
1070 3879 1230 3943 conpescere]
1244 3892 1301 3930 «re-

211 3970 304 4008 verem
323 3958 349 4008 in
366 3958 498 4022 patinam,
524 3961 555 4008 ut
577 3956 639 4008 nihil
664 3961 737 4009 esset
773 3954 1156 4021 tinerepnon,utaliivolunt‚
1168 3952 1300 4006 «celare»

210 4030 322 4096 periculi
339 4032 484 4083 convivis.»
503 4033 541 4083 De
557 4031 669 4083 triclinio
681 4034 736 4097 qui·
776 4061 802 4070 -
827 4035 976 4096 mapeederts
998 4031 1084 4081 οηιιιιιι
1102 4029 1172 4094 naso]
1194 4029 1298 4080 «omnia

211 4106 275 4158 dem
293 4105 335 4158 ille
350 4107 470 4158 Atestino
488 4106 653 4158 Furianettus
670 4109 705 4157 ita
716 4107 734 4157 l.
773 4109 914 4160 irridens.»
936 4109 1020 4158 Coun.
1040 4106 1119 4163 Cruo.
1144 4104 1197 4155 Clr.
1208 4105 1261 4154 Sat.
1274 4105 1297 4164 t,

210 4181 239 4232 l.:
267 4179 296 4233 «i
313 4185 397 4244 questo
414 4181 597 4246 flancheopioto
613 4187 676 4232 tutto
692 4183 735 4232 ιιι
773 4183 802 4244 6,
821 4185 849 4233 5:
868 4181 1198 4242 monocentaurum.

209 4258 499 4322 istomodootaanittoe
512 4258 671 4322 podiolione,
690 4272 737 4308 coe
807 4257 894 4308 att-tc.
925 4255 975 4319 tuo]
1001 4258 1088 4306 «certe
1112 4269 1227 4320 persone
1249 4267 1298 4318 pro
