3156 4972
300 425 363 491 348
680 425 807 501 noanrn
826 425 1005 476 sarraaauu

344 582 494 648 Matutina
516 599 630 667 parum
652 589 763 646 cautos
785 581 848 646 iam
871 579 989 668 frigora
1011 579 1173 658 mordent;
1344 582 1386 644 45

345 705 383 770 iit
402 721 489 791 quaa
509 702 630 768 rimosa
650 699 735 768 bene
758 701 964 788 deponuntur
986 701 1018 767 in
1042 721 1131 768 aure.

343 827 406 892 Per
427 834 527 890 totam
548 822 610 890 hoc
632 831 760 910 tempus
783 821 961 889 subiectior
982 822 1015 887 in
1037 821 1124 889 diem
1146 821 1312 890 ethoram

345 945 487 1012 Invidiae
510 953 627 1012 noster.
672 942 780 1010 Ludos
802 953 1005 1030 spectaverat
1025 964 1106 1020 una,

344 1069 479 1134 Luserat
500 1065 532 1130 in
555 1065 691 1153 Campo:
715 1067 875 1131 Fortunae
897 1061 998 1140 fitius,
1022 1084 1144 1132 omnes.

344 1188 492 1277 Frigidus
515 1209 534 1254 a
555 1187 678 1254 Rostris
699 1195 807 1252 manat
829 1206 888 1273 per
909 1183 1049 1272 compita
1072 1207 1195 1252 rumor:
1347 1191 1389 1254 50

368 1366 409 1418 ts.
427 1367 552 1416 troicus:
570 1343 653 1416 4444
669 1364 739 1414 tuso
756 1363 920 1427 distinguunt
936 1363 1081 1423 suescas.
1096 1389 1125 1402 -
1138 1369 1284 1428 nemen
1302 1367 1355 1418 auo

336 1442 466 1502 Pottierii,
485 1455 519 1492 ex
535 1439 592 1491 aliis
611 1435 659 1504 [ξφ
677 1441 703 1489 44
719 1437 910 1500 lambethano)
928 1437 1062 1490 Bentleius
1079 1442 1106 1490 et
1124 1441 1157 1492 44.
1177 1467 1205 1478 -·
1225 1441 1265 1493 49.
1284 1443 1357 1492 4444-

304 1603 350 1666 4444
372 1599 545 1664 gladiatorum
570 1597 727 1661 generibus,
755 1608 824 1659 quae
863 1593 978 1658 singulas
992 1595 1072 1647 horas
1084 1598 1168 1660 magis
1180 1598 1315 1663 expositus
1327 1613 1389 1650 sum

302 1676 436 1726 varietatis
448 1687 528 1724 causa
541 1671 777 1724 committebantur
788 1673 827 1720 at-
862 1669 977 1720 invidiae
995 1671 1132 1723 hominum
1150 1675 1276 1724 contracti
1295 1687 1326 1724 ac
1337 1687 1390 1738 pu-

303 1765 356 1814 que
383 1750 434 1802 sibi
463 1751 576 1800 invicem
605 1747 823 1812 opponebantur,
863 1743 1036 1796 sittianimi.»
1058 1747 1130 1795 -tn
1154 1748 1219 1798 diam
1242 1754 1265 1797 44
1289 1749 1388 1811 tor-cm]

302 1825 422 1890 perbene
440 1823 562 1888 exposuit
582 1823 707 1872 Heinrich
727 1822 762 1872 ad
781 1823 826 1872 iu·
864 1832 932 1868 «von
949 1821 1019 1881 tage
1042 1832 1075 1869 zu
1100 1822 1181 1884 Tage,
1209 1835 1261 1872 von
1287 1823 1389 1874 stands

302 1913 363 1951 ven.
377 1901 404 1950 T.
420 1901 449 1949 14.
464 1912 490 1962 p.
504 1897 653 1960 ata-att.)
689 1897 824 1956 Ceterum,
863 1906 896 1943 zu
913 1895 1040 1945 Stunde.»
1060 1919 1087 1931 -
1106 1895 1197 1961 444444]
1217 1899 1319 1948 comice
1340 1911 1391 1962 pro

302 1976 324 2024 si
337 1975 430 2033 mavis,
444 1985 505 2023 cum
514 1971 827 2032 DiintzeroTtrecupor
863 1981 924 2032 444,
942 1982 1035 2019 unser
1050 1971 1158 2032 44444,
1182 1974 1258 2035 quasi
1277 1977 1390 2037 excepto

302 2047 536 2112 proattirmatioue
548 2045 662 2104 habeto;
675 2045 724 2096 sed
736 2047 827 2096 actuo-
863 2041 994 2094 vocabulo
1017 2049 1102 2094 444444
1118 2058 1151 2094 ex
1169 2059 1215 2096 444
1232 2059 1389 2103 servorum.

302 2124 357 2172 sior
371 2124 413 2172 est
423 2121 606 2182 interrogatio:
626 2121 696 2182 «Ego
707 2133 760 2170 non
771 2119 825 2169 vidi
864 2117 892 2166 h.
909 2115 925 2166 4.
948 2130 981 2166 ex
1006 2131 1052 2168 ore
1078 2117 1147 2181 voigi
1174 2119 1312 2171 Horatium
1338 2121 1390 2172 sibi

302 2197 352 2246 hos
370 2195 541 2258 gladiatores.
561 2195 607 2257 qui
623 2207 695 2244 auno
712 2193 827 2244 homini·
865 2191 1050 2242 consectantis.
1080 2191 1163 2243 Plaut.
1177 2194 1243 2244 aud.
1257 2193 1286 2256 t,
1300 2195 1329 2257 i,
1348 2195 1388 2246 49.

303 2269 354 2320 bus
372 2271 397 2320 in
419 2283 466 2318 ore
488 2271 562 2318 suat:
592 2267 634 2329 tu,
661 2269 707 2331 qui
733 2280 827 2318 eorum
864 2267 1152 2318 [testamenmentum
1172 2269 1327 2331 tetucscctet
1342 2283 1391 2320 no-

303 2356 408 2409 444444
426 2343 533 2403 atiuisti,
556 2341 599 2393 dic
617 2342 695 2403 mihi,
714 2355 825 2404 quaeso,
864 2342 1072 2391 sthuamoues.
1094 2342 1224 2405 Amphitr.
1239 2345 1263 2404 4,
1283 2346 1307 2404 4,
1325 2343 1388 2395 sta:

303 2421 424 2469 aocet.»
454 2417 525 2466 Haec
542 2418 570 2466 et
590 2414 649 2466 talia
667 2417 771 2476 autem,
799 2417 828 2466 ut
865 2417 946 2466 44444.
974 2416 1148 2467 4444444444
1163 2418 1235 2468 tous
1251 2433 1390 2481 numquam

304 2491 346 2550 fit,
379 2491 559 2576 potentiorum
587 2491 665 2541 erant
697 2488 828 2553 colloquia
863 2492 941 2553 [44444
957 2492 1019 2552 quin
1035 2492 1082 2542 sim
1098 2493 1180 2542 Sosia.
1210 2495 1292 2544 44444.
1320 2495 1392 2546 Certe

302 2577 366 2617 cum
384 2565 477 2614 amicis
495 2563 630 2614 secundae
648 2564 826 2615 admissionis.
864 2566 986 2628 edepottu
998 2565 1318 2630 ηωαὶιοωὸίυιωιᾳααηι
1330 2570 1391 2631 cuin

302 2640 406 2690 Arrian.
429 2639 512 2702 Epiot.
534 2638 563 2696 3,
589 2639 633 2699 46,
652 2637 685 2690 4.
716 2638 749 2688 Τί
773 2634 828 2708 γὰρ
865 2645 975 2690 noster
1005 2654 1081 2690 uon:
1118 2642 1170 2691 Nec
1197 2642 1267 2692 44444
1287 2647 1392 2706 praem

303 2709 451 2778 ποιήσεις,
468 2705 830 2781 ἄνπερὶμονομάχωνλα-
865 2729 904 2765 me
932 2715 1087 2778 4444444444
1111 2717 1176 2766 odic
1197 2730 1281 2768 scruas
1306 2719 1388 2768 Sosio.

303 2781 383 2860 λῇ,
362 2803 400 2838 αν
405 2790 475 2874 4444
487 2787 593 2848 tucos,
611 2781 650 2838 dv
661 2789 725 2858 περὶ
736 2782 829 2853 acts·
866 2788 933 2842 itale
951 2793 1012 2841 4444
1030 2788 1178 2842 4444444444
1195 2805 1290 2842 omnes
1307 2795 1391 2844 etre-

303 2861 373 2922 τῶν,
400 2854 451 2923 ἄν,
478 2856 544 2912 td
530 2877 572 2913 444
588 2859 699 2914 τούτων
715 2869 826 2933 χεῖρον,
866 2866 998 2916 centiores
1031 2863 1148 2916 nonnulli
1182 2867 1389 2931 interpungunt:

304 2938 368 3008 4444
384 2930 565 3008 dudodecim
865 2939 984 2989 44444444.
1019 2939 1109 2990 Noster
1133 2941 1205 2990 444444
1230 2945 1292 3002 444,
1320 2953 1389 3005 quae

336 3012 425 3063 44-49.
448 3025 543 3074 pmcn
563 3017 650 3062 cautos
667 3011 729 3076 cet]
748 3026 829 3076 «pae-
866 3013 934 3063 ratio
951 3014 1042 3076 utique
1060 3014 1140 3064 nimia
1161 3013 1293 3066 brevitate
1314 3014 1391 3066 isbo-

304 3086 372 3138 nutis
384 3089 412 3137 et
427 3085 542 3138 lacernis
560 3100 612 3137 444
630 3087 694 3138 satis
712 3089 828 3138 monitos
865 3089 921 3146 rat;
948 3087 1074 3138 nimirum
1094 3088 1219 3152 supplere
1241 3093 1389 3153 coguntur:

303 3160 413 3212 laedunt
437 3160 559 3224 trigorium
595 3160 829 3221 Quemadmodum
866 3161 1132 3212 «adiecticrinvtdios
1143 3175 1193 3225 ego
1205 3163 1291 3214 tactus
1302 3177 1390 3215 sum.-

302 3248 389 3296 44444,
408 3236 447 3284 sic
464 3235 545 3286 etiam
556 3236 671 3286 44444444
682 3235 716 3286 de
732 3236 828 3300 nigore
866 3234 1038 3300 Explicabant
1065 3237 1154 3286 autern
1179 3236 1238 3287 vet:
1269 3239 1292 3300 4)
1320 3239 1391 3288 4444-

304 3307 478 3373 usurpabant.
508 3307 619 3360 ttartiat.
632 3309 662 3366 8.
682 3309 725 3370 44,
745 3311 775 3360 t:
798 3324 829 3360 ns
865 3310 960 3370 ratius,
984 3311 1106 3373 inquiunt
1121 3310 1242 3372 scribae»
1261 3313 1391 3376 (precario

303 3411 318 3422 -
329 3385 469 3434 -tiordeut
486 3388 509 3432 44
526 3387 638 3432 monum
653 3383 745 3446 sortior
761 3398 829 3436 4444
866 3387 955 3435 tameo
973 3383 1026 3434 huc
1051 3385 1194 3446 arcessiti),
1222 3387 1283 3448 «qui
1308 3387 1391 3437 nostri

303 3472 398 3508 444444.
420 3461 516 3508 Aestus
526 3459 641 3508 mordere
652 3458 749 3510 dicitur
760 3461 826 3524 Epp.
866 3458 966 3508 ordinis
983 3460 1010 3507 et
1035 3457 1086 3508 toci
1113 3459 1214 3508 tuerat»
1232 3462 1284 3510 cet.
1304 3459 1346 3510 vet
1365 3461 1390 3522 4)

305 3535 333 3594 4,
351 3533 382 3594 8,
401 3533 425 3582 s.
447 3559 473 3568 -
486 3533 590 3594 4444444]
609 3545 694 3596 «quae
712 3533 775 3584 nihil
787 3547 829 3584 sc-
867 3533 909 3582 nsi
932 3534 1024 3582 noster
1045 3533 1148 3583 amicus
1174 3533 1315 3584 Maecenas
1338 3546 1391 3585 aaa

304 3607 370 3659 creti
382 3607 493 3664 retinet,
511 3605 561 3656 sed
573 3608 598 3657 44
611 3607 762 3658 huiusmodi
774 3623 830 3659 ser-
867 3618 974 3656 mecum
1002 3604 1080 3656 iudos
1105 3610 1295 3670 spectaverat»
1321 3612 1388 3664 cet.;

304 3681 429 3733 monibus
446 3693 511 3731 sane
523 3681 581 3732 sine
593 3679 646 3730 utto
658 3681 828 3734 incommodo
866 3693 918 3744 qua
937 3681 962 3730 tn
980 3681 1081 3730 ratione
1099 3682 1164 3732 eatis
1181 3694 1310 3745 perverse
1322 3684 1392 3735 tiae-

304 3760 350 3808 aut
371 3754 489 3820 periculo
506 3752 647 3814 alterium»
674 3769 707 3806 ex
728 3757 829 3807 Teren·
866 3767 947 3805 cenas
959 3755 1048 3804 evadit
1060 3757 1177 3806 sectator
1189 3756 1296 3806 Horatii.
1319 3757 1392 3808 Pius·

305 3833 375 3882 tiano
393 3829 436 3880 4444
454 3830 519 3880 Eun.
534 3830 561 3890 4,
580 3831 610 3889 4,
629 3830 674 3882 at:
692 3831 830 3881 14444444-
866 3829 1066 3893 quamperiecta
1085 3831 1110 3879 tn
1123 3833 1270 3892 4444444444
1287 3835 1314 3882 44
1330 3832 1392 3882 4444-

303 3917 485 3964 mmmmm,
502 3905 550 3953 444
562 3908 638 3966 atqua
648 3903 707 3954 tttuc
719 3908 827 3970 4444444,
865 3905 899 3952 sit
917 3906 1021 3954 mutare
1038 3903 1102 3954 nihil
1119 3904 1263 3964 attinebat,
1281 3919 1344 3958 cunr
1356 3907 1392 3958 sit

305 3978 379 4028 Coni.
394 3979 460 4042 app.
475 3979 504 4038 4,
525 3977 569 4036 ts,
589 3979 637 4028 70:
656 3979 707 4027 Nec
722 3979 830 4030 retinent
866 3977 939 4028 vetut
959 3979 1065 4042 species
1088 3980 1301 4042 interrogationis
1318 3980 1392 4030 dire-

302 4052 407 4114 putidos
421 4054 554 4101 consutam
573 4053 678 4116 4444444444
694 4066 778 4104 aures.
799 4081 826 4090 -
866 4056 925 4103 ctae
952 4066 1001 4117 pro
1027 4053 1216 4117 hypothetico:
1245 4055 1266 4104 44
1291 4055 1392 4116 canedo

304 4127 351 4175 Par
372 4129 450 4176 444444
471 4127 534 4189 cet]
553 4127 605 4176 «iix
627 4139 660 4177 44
679 4126 741 4176 inde
759 4129 829 4177 tem·
865 4132 1004 4188 spectarat,
1032 4133 1120 4189 444444
1148 4141 1231 4178 onmes
1257 4130 1391 4180 44444444-

305 4212 384 4264 pore,
403 4213 456 4263 qtro
473 4201 499 4250 in
513 4201 673 4252 Maecenatis
685 4201 828 4252 amicitiam
866 4201 938 4260 4444,
965 4215 1075 4266 prorsus
1097 4205 1126 4253 ut
1150 4204 1203 4254 Sat.
1225 4205 1256 4262 4,
1283 4205 1313 4262 t,
1341 4203 1389 4254 68:

304 4273 438 4324 admissos
450 4287 525 4337 sum,
545 4276 571 4324 in
588 4275 646 4326 dies
657 4289 689 4326 ac
706 4288 789 4340 prope
803 4277 828 4326 in
865 4277 952 4326 licosti
971 4278 1052 4339 prosi
1069 4279 1177 4328 44444444.
1208 4277 1391 4340 casatas,
