3174 4974
614 409 674 458 tte.
693 409 723 458 ll.
759 410 857 460 Et’lST.
877 411 896 460 l.

251 562 326 630 Sive
349 561 481 651 elephas
503 562 596 631 albus
618 562 702 650 volgi
725 575 930 634 converteret
950 589 1024 648 ora3

250 684 416 771 spectaret
437 683 593 770 populum
615 683 699 752 ludis
722 688 872 754 attentius
895 689 990 776 ipse,

251 805 290 872 Ut
311 805 372 871 sihi
395 804 606 891 praebentem
629 807 726 874 mimo
749 811 934 896 spectacula
955 811 1062 900 plora;

248 926 430 1013 Scriptores
453 937 560 994 autem
583 949 716 996 narrare
740 941 866 1017 putaret
891 933 991 1001 asello

273 1123 330 1174 tae
355 1127 505 1175 converterit
532 1139 593 1175 cnm
612 1128 736 1178 Prisciani
755 1130 820 1178 Cod.
841 1130 991 1195 cantabrig.
1012 1133 1048 1194 let
1064 1131 1150 1183 tribus
1167 1133 1264 1183 llrehlii

237 1198 415 1261 Twlptttl
433 1199 575 1250 Bentlelus
595 1201 709 1262 (Utnos,
729 1206 826 1264 nostri,
846 1207 1262 1270 PottieriietSehmidiiomncs.l

239 1273 342 1322 -toa
362 1273 468 1323 Habent
483 1276 560 1324 minio
577 1277 660 1326 nostri
679 1281 706 1327 et
724 1279 839 1328 Pettierii
864 1293 967 1331 omnes.
995 1280 1061 1331 Vide
1080 1282 1261 1332 Adnotatta-

235 1347 320 1411 ptura]
337 1349 392 1397 mou
409 1362 435 1413 p.

204 1514 272 1580 etur]
300 1516 392 1580 «signa
417 1517 444 1566 et
460 1529 546 1569 omnis
563 1521 668 1582 generis
686 1533 732 1568 or·
768 1521 810 1570 sit.
841 1521 1218 1586 Significatcametopardoltu,
1238 1525 1295 1574 Gt-

204 1593 329 1640 namento
341 1589 488 1641 eburneo.»
507 1595 634 1646 Nicivero
646 1596 730 1646 mavis
767 1595 861 1658 resse.
881 1594 945 1646 Plin.
960 1597 989 1646 ll.
1006 1599 1035 1647 Ν.
1049 1597 1074 1659 8,
1091 1597 1130 1658 te,
1144 1597 1189 1646 27:
1209 1599 1296 1649 Come·

205 1663 349 1728 intelligere
368 1665 463 1716 dentes
481 1667 628 1728 eburneos;
659 1670 731 1734 apud
767 1669 906 1730 lopardalts
922 1671 1051 1722 delatoris
1068 1673 1183 1722 Caesaris
1197 1673 1296 1724 Circen·

204 1740 306 1789 Livium
329 1741 402 1789 certe
426 1741 469 1801 at,
489 1742 530 1792 59.
550 1743 576 1792 in
595 1745 729 1808 triumpho
766 1743 833 1792 situs
850 1743 914 1793 luctis
926 1746 1040 1807 primum
1054 1747 1109 1794 uiso
1121 1747 1221 1796 honac.
1251 1748 1294 1797 Ea:

203 1813 728 1868 dehntiochoehumeidantesMCCXffl.
766 1831 794 1866 eo
818 1817 920 1868 mhtarlo
945 1821 1071 1880 camber,
1097 1825 1198 1881 aspecta
1213 1824 1295 1885 mepta

202 1889 298 1951 portati
324 1901 384 1939 esse
411 1889 542 1942 dicuntur.
567 1917 594 1926 -
628 1895 730 1954 captiva
765 1893 1111 1954 quomfm'totacontpicuc,
1127 1896 1294 1956 qumeettam

202 1961 340 2026 Corinthos]
362 1962 483 2027 Plerique
500 1967 726 2029 interpretantur:
766 1967 823 2016 ovis
842 1967 913 2016 lerae
930 1978 1019 2015 immeo
1035 1968 1137 2017 invenit.
1160 1991 1187 2003 -
1207 1967 1292 2035 dhus]

203 2038 290 2086 «muta
302 2038 342 2088 vis
353 2038 488 2100 signorum
501 2052 648 2090 aeneorum
659 2055 730 2091 mor·
765 2038 926 2102 Elephantes
952 2038 1004 2090 albi
1030 2043 1146 2092 rariores
1171 2047 1241 2091 sunt.
1263 2070 1290 2079 -

203 2124 426 2176 membrumque,
446 2117 544 2176 quauta
562 2116 623 2164 aL
641 2116 728 2166 llum-
764 2114 924 2176 converteret]
945 2115 1062 2179 Tempus
1079 2116 1151 2166 idem
1169 2120 1211 2166 est
1228 2129 1290 2167 eum

202 2189 255 2238 mio
273 2189 399 2239 Corintho
411 2190 521 2242 Romam
534 2192 577 2241 est
587 2190 726 2242 advecta.
763 2184 807 2237 illo
823 2188 844 2236 si
860 2187 950 2250 [oret
941 2203 969 2238 m
979 2191 1066 2251 terris,
1086 2203 1133 2240 ac
1145 2193 1208 2241 tunc
1220 2191 1289 2256 volgi

202 2265 340 2312 Praestare
366 2265 457 2314 tamen
484 2265 588 2314 videtur
615 2266 726 2342 Acropis
763 2263 1214 2328 oraconverteretcamelopardalis;
1219 2277 1290 2330 apro
1356 2269 1358 2274 ’

202 2335 355 2401 explicatio.
381 2349 464 2388 avesa
481 2339 627 2398 Corinthia,
632 2355 644 2382 a
663 2325 725 2388 crim
763 2348 816 2398 quo
840 2338 890 2387 etsi
907 2337 956 2388 alia
976 2340 1104 2403 temporis
1122 2341 1225 2390 ratione
1243 2353 1291 2389 ae-

200 2413 282 2462 etiam
300 2413 442 2477 Pompeius
458 2411 529 2464 ludis
545 2413 600 2463 suis
612 2413 638 2462 in
650 2413 725 2475 Equo
763 2423 816 2473 que
834 2411 924 2462 tomen
945 2415 1050 2464 rectum
1068 2415 1142 2464 esset
1157 2415 1291 2464 conuertis-

201 2487 313 2538 Troiano
322 2488 476 2551 exposuerit
488 2493 649 2538 cratercman
663 2489 724 2550 (non
760 2489 804 2534 ret.
829 2513 855 2522 κ-
882 2486 1055 2552 ludis-ipsis]
1082 2501 1186 2551 «quam
1211 2487 1289 2540 ludos

198 2563 333 2624 atrorum)
357 2562 409 2610 trio
424 2561 496 2610 mitio
517 2562 579 2622 (Cic.
598 2561 633 2612 ad
649 2563 722 2613 Fam.
761 2559 860 2623 ipsos.»
886 2559 925 2610 Cl.
939 2563 992 2611 Sat.
1008 2563 1035 2622 t,
1054 2563 1083 2623 l,
1101 2561 1142 2612 97.
1158 2589 1185 2598 -
1203 2562 1289 2627 mimo]

199 2635 227 2694 7,
242 2637 268 2698 t,
281 2637 326 2698 9,).
351 2639 389 2687 De
402 2636 521 2686 Corinthi
532 2639 627 2700 captae
639 2638 725 2688 simu·
761 2647 810 2697 pro
822 2635 917 2697 quovis
929 2634 1065 2685 histrione.
1085 2635 1194 2698 (acodd.
1210 2640 1288 2701 quat-

198 2707 270 2760 locro
287 2709 395 2772 intelligi
411 2709 452 2758 vix
470 2711 567 2774 potest.
761 2709 822 2757 tuor
834 2709 942 2771 Cruquii
954 2709 1070 2770 mimum,
1090 2709 1161 2772 quod
1174 2709 1286 2762 tortasse

762 2782 863 2832 verius:
891 2783 1030 2845 «Populum
1046 2788 1074 2832 at
1089 2784 1194 2834 mhnmn
1208 2798 1288 2846 prae-

230 2857 351 2908 tot-tae.
367 2857 530 2922 Derimcrttao]
545 2859 723 2910 lluneomnes
760 2855 856 2905 walen
879 2856 926 2904 sthi
952 2856 1097 2918 spectaculo
1120 2856 1199 2918 plura
1222 2857 1288 2906 luctis

198 2945 240 2982 res
258 2931 389 2980 humanas
405 2936 537 2996 perpetuo
554 2935 623 2994 risu,
643 2933 724 2984 Hera·
759 2929 845 2992 ipsis.»
872 2930 1011 2980 Burruurcs
1032 2931 1059 2979 in
1077 2931 1153 2981 Curis
1172 2932 1287 2982 novissi-

196 3003 286 3055 elitum
305 3005 415 3056 easdem
433 3007 497 3056 tletu
514 3010 645 3071 perpetuo
659 3021 723 3071 pro·
760 3004 819 3054 mis.
846 3003 899 3054 Sed
922 3005 988 3054 mire
1012 3004 1063 3054 hac
1080 3004 1193 3055 lectione
1210 3007 1287 3056 intri-

196 3082 318 3130 secutum
336 3094 396 3132 esse
415 3081 560 3132 narrabant
581 3083 607 3132 iu
624 3082 722 3134 scholis
759 3081 835 3128 catur
863 3080 1036 3130 constructio.
1083 3079 1151 3140 Quid
1181 3082 1285 3132 multat

196 3154 353 3219 philosophi.
373 3155 413 3206 Ct.
431 3157 497 3220 Epp.
512 3158 540 3216 t,
558 3158 601 3218 ta,
620 3158 659 3207 tc.
678 3158 722 3207 lu·
758 3154 863 3204 mimmii
880 3156 921 3204 est
937 3167 1010 3204 mero
1025 3154 1238 3206 accommodatio
1250 3157 1284 3207 ad

195 3230 310 3290 vanttt,
322 3229 370 3280 33:
386 3231 505 3292 Perpetuo
516 3231 571 3280 risu
579 3231 722 3292 pulmonem
759 3228 925 3292 praecedens
941 3226 1064 3278 verbum.
1095 3232 1188 3294 Aeque
1205 3231 1285 3280 vitio-

194 3303 396 3368 epttoreaotebct
407 3305 573 3355 Donocritus.
589 3333 615 3342 —
630 3307 722 3356 Diver-
758 3315 803 3354 sae
821 3304 884 3354 sunt
900 3302 1028 3354 lectiones
1046 3304 1160 3354 duorum
1179 3304 1284 3355 Schmi-

193 3378 375 3442 ttan-poeua]
402 3380 490 3429 «mire
514 3380 626 3430 mixtum
652 3380 721 3430 inter
758 3377 794 3426 dii
811 3377 917 3426 nimium
934 3379 961 3427 et
978 3375 1285 3441 aliorumapudllarei-

194 3463 224 3502 se
242 3465 274 3502 ex
292 3452 384 3504 lormis
400 3465 481 3515 quam
492 3453 608 3504 maxime
621 3453 721 3505 disere-
757 3449 821 3502 lium
838 3453 916 3502 nimio
932 3453 1076 3514 spectaculo
1085 3451 1161 3516 risu)
1176 3480 1202 3489 -
1216 3453 1285 3502 Seri·

194 3527 354 3589 pontibus3»
373 3540 442 3578 nou:
463 3527 615 3579 «diversum
630 3531 719 3579 tamen
754 3531 838 3588 ptores
849 3526 912 3590 cet]
930 3529 1044 3578 «Poetae
1058 3529 1149 3578 autem
1160 3527 1282 3578 scenicos

193 3600 228 3651 ob
250 3605 376 3665 utroque,
404 3601 507 3654 camelo
532 3606 559 3654 et
574 3605 717 3668 panthera,
756 3603 829 3666 ipsos
846 3614 956 3666 operam
973 3599 1066 3652 ludere
1081 3603 1199 3666 putaret,
1218 3613 1281 3652 cum

194 3687 312 3738 genua·
337 3677 364 3728 id
382 3677 454 3741 quod
472 3677 524 3729 dici
542 3677 605 3730 nihil
622 3679 719 3729 altine·
755 3674 911 3740 plebeculae
929 3679 983 3726 tam
1001 3673 1096 3726 stultae
1114 3673 1217 3725 tabulas
1232 3673 1281 3724 ds-

192 3748 247 3799 hat.
278 3751 324 3802 Est
341 3756 430 3802 autem
447 3767 473 3802 v.
494 3766 572 3816 penus
588 3755 718 3818 appositio
755 3752 841 3802 rent.»
856 3779 883 3787 -
897 3747 1282 3814 creHoJDuoproverhiacon-

191 3823 392 3889 potiusquam,
411 3839 493 3889 quem
511 3827 614 3887 dicunt,
636 3840 718 3878 accu-
755 3825 850 3875 iunxit·
869 3826 947 3874 turdo
957 3821 1278 3888 narraresahatamtlios:

192 3898 291 3948 sativos
304 3901 439 3951 Graecus:
453 3901 634 3967 συγχυθεῖσα
644 3915 718 3951 κατα
754 3899 846 3951 tauhun
855 3897 1090 3963 Ohrenpredtpan.)
1105 3899 1211 3948 Terent
1226 3898 1280 3948 He-

191 3972 273 4036 γένος
293 3969 453 4044 διάφορον,
481 3976 637 4026 aeoniusa'
630 3989 657 4026 m
675 3976 718 4026 di·
754 3977 808 4025 aut.
831 3975 862 4034 2,
882 3975 911 4034 t,
930 3974 970 4023 l0.
993 3975 1019 4022 et
1042 3974 1172 4022 Graecum
1197 3970 1277 4021 illud:

191 4058 300 4096 versum
312 4061 423 4110 genus
433 4049 506 4112 quod
518 4048 718 4113 plaeetSchmr
746 4041 819 4134 Ὄνῳ
844 4062 886 4109 τις
913 4041 991 4112 alays
1015 4041 1130 4112 μῦθον
1157 4037 1174 4094 ὁ
1195 4041 1226 4096 δὲ
1244 4041 1279 4096 τὰ

191 4119 348 4184 dropace.
376 4122 717 4188 Sedrpsaverborumpo-
754 4137 814 4172 tora
830 4120 933 4172 ἐκίνει·
962 4121 1002 4183 εἰς
1022 4113 1219 4184 ἀναισθησίαν
1236 4135 1279 4170 τι-

191 4194 294 4256 stione,
308 4197 544 4262 utreeteidemp.
557 4198 625 4258 ua,
638 4211 715 4250 mon·
752 4193 810 4247 νῶν
827 4189 870 4260 ἡ
863 4197 1004 4266 παροιμία
1021 4191 1130 4266 εἴρηται
1147 4195 1206 4246 κτλ.
1229 4197 1278 4246 Ze-

191 4271 323 4320 struosam
341 4271 462 4346 animalis
480 4271 593 4324 termam
605 4285 716 4336 expres·
752 4270 816 4322 noh.
835 4271 863 4330 t,
882 4269 924 4321 ta.
