3178 4972
598 457 657 508 tiit.
676 457 694 508 i.
729 457 828 508 arisi.
845 456 909 508 xvi.

261 619 347 684 Fons
368 614 465 682 etiam
487 613 556 680 rivo
578 611 658 680 dore
680 631 798 680 nomon
820 609 972 690 idoneus,
996 621 1032 678 ut
1052 631 1113 680 nec

261 735 419 824 Frigidior
440 734 595 804 Thracam
617 753 678 802 nec
698 734 811 823 purior
833 733 952 802 ambiat
973 732 1116 812 Hebrus,

260 857 389 924 lulirmo
411 856 507 945 capiti
529 855 599 923 lluit
619 853 721 934 utilis,
745 855 832 923 utilis
853 853 935 923 alvo.

261 981 330 1046 liae
351 977 495 1046 latebrae
517 975 646 1056 dulces,
670 977 781 1056 eiiam,
805 977 832 1044 si
855 975 978 1056 credis,
1001 995 1173 1056 amoenae,
1262 977 1303 1044 45

250 1175 331 1236 letus,
353 1175 418 1226 item
437 1175 471 1226 ii,
492 1203 519 1212 -
540 1174 580 1226 44.
598 1173 680 1235 414444,
698 1175 766 1225 444144
782 1173 893 1240 bSEedp
911 1187 973 1226 cum
989 1173 1124 1240 plerisque
1139 1176 1269 1237 Pottierii,

251 1252 316 1301 item
335 1251 400 1311 LCt,
419 1247 566 1310 Bentleius,
589 1249 623 1300 0:
651 1255 726 1312 uptus
741 1253 766 1300 44
780 1250 849 1300 utitis
867 1250 985 1314 quinque
1005 1249 1134 1311 Pottierii,
1160 1249 1227 1302 riti.
1242 1277 1270 1288 ·-

251 1325 291 1374 45.
305 1325 393 1385 stiam,
411 1325 433 1373 si
448 1325 537 1386 444444,
556 1336 677 1374 manus
693 1322 764 1384 libri,
785 1324 908 1375 ictrio:
926 1329 950 1374 44
966 1323 1065 1388 (441444
1079 1323 1169 1390 444644)
1186 1337 1272 1375 41444-

250 1397 443 1449 4441144414144
456 1399 525 1450 coni.
539 1402 566 1449 et
577 1399 602 1450 51
611 1412 617 1458 ;
635 1403 659 1449 44
670 1403 736 1460 tom,
748 1399 770 1448 44
780 1399 873 1459 444444,
885 1411 1006 1450 umectus
1017 1397 1135 1450 malebat
1145 1399 1269 1462 Doeriug.

217 1561 287 1630 4444]
299 1560 400 1628 ἱκανὸς
412 1561 529 1626 doricus,
547 1565 640 1628 idest,
660 1563 744 1616 audeo
778 1570 866 1628 puter,
883 1565 965 1630 clara,
984 1567 1075 1618 4444444
1090 1565 1304 1630 4444444444114

218 1640 288 1703 aqua
305 1638 458 1698 abundans,
478 1641 508 1690 ut
523 1642 551 1690 et
561 1639 625 1690 lenti
638 1639 666 1690 44
675 1640 742 1700 rivo,
780 1641 807 1691 iu
823 1653 879 1690 uuo
895 1642 979 1692 Fece:
1004 1642 1074 1692 eiuro
1089 1641 1181 1691 4444444
1191 1655 1249 1691 cum
1264 1641 1306 1692 dt·

218 1715 263 1778 qui
289 1727 323 1765 ex
345 1727 379 1764 eo
395 1713 516 1778 profluit,
543 1715 681 1778 proprium
699 1715 744 1764 oi-
779 1716 832 1774 ddi,
856 1716 882 1766 iu
900 1727 953 1766 unc
975 1713 1087 1766 Comhi:
1112 1715 1182 1766 clurs
1200 1717 1306 1778 sappino

218 1791 323 1853 genuae
350 1801 448 1840 nomen
470 1789 583 1842 inditum
606 1791 654 1850 414,
682 1801 743 1840 cum
780 1803 837 1839 4444
857 1789 939 1848 dicit,
966 1791 991 1839 in
1009 1792 1100 1840 nostro
1117 1791 1175 1854 pet
1189 1789 1237 1840 Ed.
1251 1790 1305 1840 Vs-

218 1863 336 1914 minores
346 1863 395 1912 4144
409 1864 519 1928 proprio
531 1863 639 1914 nomine
651 1875 744 1914 carere
781 1865 841 1914 netu
854 1862 914 1914 liei
926 1877 932 1912 :
945 1864 1015 1913 ctare
1025 1863 1101 1913 dicit:
1115 1877 1173 1913 444
1183 1865 1249 1914 dizit
1262 1865 1305 1914 -t

218 1936 378 2001 plerumque
396 1936 525 1988 soleant.»
539 1965 567 1976 -
580 1943 609 1988 44
624 1951 669 1988 osc
680 1937 743 2000 cet]
780 1939 873 2000 Neque
885 1936 964 1988 aliam
973 1939 1101 2001 originem
1112 1937 1195 1988 hahet
1205 1939 1303 2002 Eppt,

219 2012 388 2074 «etquidem
405 2011 477 2072 telis,
496 2015 648 2063 414444-
669 2013 745 2062 1444·
781 2013 822 2074 41,
837 2013 877 2063 54.
891 2011 1057 2076 interpolatio
1069 2011 1115 2062 Ed.
1131 2013 1305 2064 cadomensis

217 2084 282 2148 cum]
295 2083 423 2156 Θρᾴκην,
441 2088 471 2136 44
482 2088 547 2150 Epp.
562 2088 590 2148 4,
608 2087 635 2148 3,
653 2086 677 2137 3.
702 2087 742 2137 Ci.
780 2099 804 2137 4.
827 2086 899 2138 tiso.
921 2099 936 2137 4
960 2087 1152 2150 cuninghamio
1175 2090 1302 2151 receptu:

217 2160 371 2210 Lachmann
393 2160 428 2210 ad
454 2161 559 2210 Lucret.
583 2173 610 2224 p.
633 2159 690 2211 278.
714 2187 742 2196 -
779 2162 855 2211 aiom
875 2162 958 2212 444444
980 2167 1004 2211 44
1023 2163 1121 2224 muas,
1147 2161 1305 2226 4444444444
1344 2195 1347 2202 ·

217 2233 320 2298 Hebrus]
344 2233 461 2284 Venusto
479 2232 628 2298 hyper-bola
645 2233 744 2296 Digen-
780 2247 829 2300 pro
845 2236 920 2286 44444
935 2234 1014 2286 multo
1034 2236 1117 2286 444444
1138 2237 1302 2299 irruidiuscus.

217 2308 282 2358 tiam
294 2320 356 2358 cum
368 2307 458 2358 Hebro
469 2321 549 2359 amne
561 2321 642 2374 suepe
655 2321 670 2358 a
681 2313 745 2373 pod-
814 2309 853 2360 45.
867 2310 907 2359 46.
926 2309 1045 2373 latebras]
1062 2313 1092 2360 nt
1102 2311 1210 2374 4444444
1219 2311 1303 2372 0414,

217 2381 251 2432 tis
275 2383 302 2432 in
327 2382 410 2432 rebus
435 2382 470 2432 ad
492 2382 618 2434 Liberum
639 2386 744 2449 putrem
780 2383 805 2445 6,
819 2382 859 2434 44.
877 2383 944 2447 Epp.
958 2383 983 2444 4,
997 2382 1037 2444 44,
1050 2383 1091 2432 23.
1107 2411 1135 2422 -
1148 2383 1304 2450 1144444444]

217 2455 401 2520 spectantibus
411 2455 547 2508 celebrato
559 2459 705 2522 comparat.
714 2485 742 2496 -
781 2457 856 2508 «1144
869 2455 1024 2508 solitudines
1034 2458 1116 2508 444444
1126 2459 1200 2518 mihi,
1211 2460 1303 2520 imino,

217 2531 741 2597 iopmneupuqvideispp.i,tc,8.-
780 2529 885 2596 utplus
903 2531 1005 2592 dicaru,
1025 2533 1252 2595 ettumcrnoencs,
1277 2531 1305 2582 id

216 2605 294 2668 414444]
321 2605 486 2667 minoris,-
515 2610 545 2657 ut
569 2606 642 2672 apud
667 2605 742 2658 ovid.
780 2608 835 2668 est,
848 2605 890 2656 vel
902 2606 983 2668 tales,
998 2607 1083 2657 nutiu
1095 2619 1203 2671 quoque
1215 2619 1306 2658 amoe-

218 2679 380 2740 i‘risi.3,3,
397 2681 426 2730 9:
453 2695 504 2732 444
528 2683 568 2731 iiie
592 2681 661 2732 44444
676 2681 745 2731 441114
780 2693 828 2732 uus
846 2694 906 2732 esse
924 2681 1101 2743 concederes,
1125 2683 1147 2733 si
1171 2683 1243 2746 apud
1261 2695 1305 2734 me

218 2767 307 2817 aspro,
320 2765 353 2803 ac
361 2767 443 2819 saepe
452 2755 533 2806 etiarn
541 2755 613 2819 apud
625 2753 741 2806 Celsum.
780 2767 886 2816 esses,»
905 2755 967 2807 iilud
979 2757 1040 2806 ante
1052 2757 1140 2806 omnia
1152 2755 1216 2806 mihi
1229 2768 1307 2820 prae-

218 2829 260 2878 844
276 2827 306 2890 4,
325 2829 370 2878 til:
391 2829 419 2878 St
436 2829 577 2878 4444444444
590 2827 744 2891 pitcttctrrt·
779 2827 859 2890 beut,
885 2829 915 2878 ut
936 2832 1048 2894 propter
1071 2827 1176 2879 caelum
1197 2827 1305 2879 salubre

214 2903 312 2965 pistre,
326 2929 340 2939 -
354 2903 448 2954 -uiilis
461 2904 580 2968 putatio,
600 2903 693 2967 444444.
712 2925 741 2940 -
780 2905 808 2954 44
832 2915 930 2967 aquam
950 2903 1121 2968 purissimam
1142 2903 1223 2954 ettam
1244 2915 1306 2966 gre-

218 2979 320 3028 4444144
341 2979 431 3028 autern
454 2981 496 3028 est
517 2977 639 3042 repetitio
660 2975 741 3037 414444,
779 2977 890 3028 vissimo
916 2977 978 3028 anni
1002 2980 1123 3041 ternpore
1154 2977 1306 3040 (letifero--

217 3051 480 3115 1444444404.844.6,3,
492 3051 553 3102 tat:
567 3051 742 3114 Nudsuuprt's,
780 3057 915 3102 4444441444
938 3053 1029 3102 iuven.
1050 3050 1080 3112 4,
1102 3051 1153 3114 56.)
1172 3051 1215 3102 tric
1234 3050 1305 3103 bene

217 3127 431 3177 conmutationis.
456 3125 665 3191 Epp.i,t,ao:
690 3137 744 3175 444
779 3123 901 3186 vulcam,
928 3125 955 3176 id
973 3124 1046 3190 quod
1063 3123 1110 3175 tibi
1127 3127 1232 3188 gratum
1249 3126 1304 3176 iore

218 3200 448 3264 imponaturque
467 3200 577 3265 44444.)
598 3198 681 3251 ultera
704 3197 744 3250 le-
781 3199 913 3250 conlido.»
930 3199 1013 3249 11444
1029 3199 1110 3249 eredis
1126 3199 1210 3249 444444
1228 3199 1306 3263 signi-

218 3277 306 3326 ctions
322 3279 398 3338 uptus
415 3275 529 3325 4444141441
556 3277 636 3338 atque
656 3273 743 3325 maul-
781 3273 862 3324 licant
878 3273 936 3324 lieri
953 3285 1046 3337 posse,
1064 3275 1095 3323 ut
1110 3285 1142 3323 ea
1160 3273 1194 3323 de
1211 3286 1241 3324 re
1258 3273 1306 3324 du·

219 3349 299 3410 lesio,
318 3348 431 3400 alterum
447 3349 517 3400 utitis
530 3361 593 3399 cum
604 3349 632 3398 in
644 3347 743 3400 codice
779 3346 847 3398 bitot
864 3347 976 3398 amicus.
997 3347 1078 3396 Suam
1092 3347 1272 3398 coniecturum
1283 3351 1307 3398 44

218 3421 307 3487 aliquo
323 3418 474 3494 ἀρχετύπῳ
492 3421 648 3484 excidisset,
667 3424 697 3473 ut
707 3421 745 3472 la·
780 3423 844 3487 (4444
859 3423 881 3472 si
896 3421 985 3484 credis)
997 3419 1131 3473 Bentleius
1143 3422 1250 3486 ipsesic
1263 3433 1307 3471 ex·

218 3499 291 3548 ctum
318 3498 360 3548 est
379 3498 406 3547 44
427 3495 543 3547 Oberlini
566 3498 603 3558 it,
630 3495 670 3559 ei,
698 3495 743 3560 qui
780 3496 899 3562 plicavit:
919 3496 959 3546 «si
976 3496 1128 3546 icomedis
1140 3495 1233 3547 dulces
1244 3507 1306 3547 esse

217 3583 328 3622 versum
342 3583 468 3622 mancum
480 3583 541 3623 esse
552 3571 674 3634 videliet,
692 3572 744 3624 hoo
781 3574 809 3622 et
825 3581 968 3632 amoenas,
989 3573 1133 3634 postquem
1150 3569 1259 3630 scilieet,
1278 3571 1307 3620 ut
1408 3575 1412 3583 ·

218 3645 435 3712 supplementum
461 3647 488 3697 in
512 3648 632 3699 mentem
654 3648 742 3699 veuit:
780 3644 912 3712 pollicitus
937 3656 1013 3706 sum,
1048 3646 1182 3707 1144444414
1204 3649 1240 3694 est
1263 3643 1307 3693 4454

218 3727 293 3784 aptos
308 3726 346 3782 st;
365 3721 399 3772 de
417 3722 493 3772 cuius
510 3719 631 3773 iectionis
648 3735 699 3786 per
714 3735 743 3774 se
779 3722 864 3784 foranu
874 3720 1119 3782 mommoreto
1129 3719 1213 3782 apr-t.»
1236 3718 1307 3768 Ean·

219 3797 355 3860 spectatae
373 3795 524 3856 latinitate,
552 3809 633 3860 quum
649 3798 746 3848 4444444
781 3795 859 3856 dem,
886 3796 916 3844 ut
940 3793 970 3844 flt
994 3795 1021 3843 in
1041 3791 1114 3844 talsis
1137 3793 1305 3852 coniecturis,

219 3883 253 3920 ex
277 3867 356 3921 Celso
377 3873 405 3921 44
426 3868 483 3922 41414
500 3871 565 3930 Fen,
592 3882 687 3931 nemo,
715 3873 746 3920 ut
780 3868 858 3933 longe
875 3867 952 3918 aliter
965 3866 1308 3930 Gesnerusaceepitinter·

219 3945 327 4010 opinor,
352 3943 499 4004 dubitabit;
525 3943 575 3995 sed
594 3943 678 4008 putidi
695 3956 745 3994 ue·
780 3955 916 4008 pungens:
932 3941 1161 4004 attenderetis,
1175 3953 1305 4002 44444444,

219 4021 275 4070 4414
287 4018 352 4083 quid
363 4018 447 4070 habet
456 4019 514 4084 ipsa
525 4019 644 4070 44414414.
666 4017 743 4078 Quid,
782 4019 964 4078 «etiamnunc,
982 4017 1102 4080 hocipso
1111 4016 1242 4079 tempore,
1252 4025 1306 4079 quo

219 4092 291 4156 quod
309 4093 406 4144 eodem
431 4105 543 4158 prorsus
560 4091 641 4143 modo
657 4103 683 4141 4.
702 4090 742 4141 uo.
780 4089 884 4151 scribo,
908 4089 996 4142 deireo
1018 4087 1199 4139 valetudinem
1222 4086 1306 4152 agelio

219 4178 281 4217 num
307 4165 420 4219 alterum
441 4167 511 4218 clare
527 4166 552 4216 iu
570 4159 745 4237 ἀρχηύποις
781 4177 843 4216 meo
860 4165 1020 4228 tempestate
1038 4163 1100 4214 anni
1123 4161 1307 4226 4114444414-

219 4239 352 4294 uouuullis
368 4243 499 4294 omissum
516 4242 606 4304 esset,
632 4241 660 4291 in
677 4239 743 4292 Cod.
781 4241 849 4291 sima
860 4253 886 4298 ς»
914 4237 980 4288 alius
997 4236 1130 4300 denique:
1150 4249 1254 4298 «nuuc,
1273 4249 1306 4287 ex

218 4315 347 4368 schmidii
355 4315 610 4382 quartosuppletum
619 4319 672 4366 est:
685 4316 746 4366 1444
781 4326 835 4378 quo
861 4325 955 4364 earum
975 4309 1118 4363 commoda
1141 4311 1226 4376 magis
1243 4323 1307 4374 per-
