3192 4974
279 411 342 479 Ηθ
639 417 768 468 nonnuli
786 415 1007 468 EPISTOLARUM

321 574 367 638 40
390 572 470 639 freta
492 571 613 640 vicinas
635 571 717 638 inter
739 571 900 638 currentia
922 581 1043 647 turres,

321 697 368 760 ,40
390 695 526 782 pingues
549 693 643 760 Asiae
666 693 771 781 campi
794 693 960 780 collesque
982 693 1172 759 morantur?
1349 695 1368 757 t

322 815 408 896 Quid
423 815 568 883 studiosa
583 813 700 882 cohors
714 835 852 903 opernm
867 814 984 881 struit?
1005 815 1074 882 Hoo
1088 834 1221 902 quoque
1237 834 1326 882 curo

344 997 393 1046 440.
412 997 454 1045 414.
474 995 499 1047 4.
513 1001 591 1046 terres
608 997 753 1061 (superscr.
766 995 792 1058 ο)
804 994 852 1056 βκ,
872 999 980 1043 terrase
994 993 1059 1044 Cod.
1073 991 1193 1044 blendia.
1207 994 1336 1059 antiquis-

310 1071 379 1122 simo
396 1068 538 1122 Bentleius.
566 1070 605 1132 (ut
627 1082 690 1130 nos,
714 1071 797 1120 nostri
820 1073 848 1120 et
864 1069 1000 1133 4404440044.)
1019 1097 1048 1106 -
1069 1069 1094 1120 t.
1113 1069 1187 1119 eolles
1202 1069 1337 1133 campique

278 1219 443 1285 peditionem
463 1220 651 1271 Armeniacum
673 1219 736 1270 teoit
755 1232 804 1284 per
840 1217 942 1279 allatis,
970 1216 1052 1268 veluti
1074 1217 1149 1269 Ovid.
1175 1231 1208 1268 ex
1231 1220 1314 1270 Ponto
1335 1219 1366 1282 4,

278 1294 461 1348 Macedoniam
473 1297 501 1344 et
512 1294 660 1345 Thraciam.
688 1293 803 1345 Consule
842 1293 886 1354 40,
905 1293 952 1343 36:
983 1293 1079 1354 Quique
1096 1293 1213 1356 (Tanais)
1236 1295 1301 1344 door
1316 1299 1368 1345 ter-

277 1370 358 1420 etiem
388 1369 500 1418 Dionem
529 1370 651 1420 Cassium
679 1369 735 1420 Lib.
762 1369 802 1420 54.
840 1380 898 1428 ros,
916 1367 1002 1417 Asiam
1025 1366 1161 1430 Cadmique
1182 1380 1307 1430 sororem,
1325 1370 1369 1418 Se-

279 1446 343 1509 Cap.
361 1443 385 1493 0.
407 1471 434 1478 -
453 1442 607 1505 nonoque]
625 1443 685 1493 Vid.
702 1443 736 1493 ad
755 1443 803 1493 od.
838 1447 918 1505 porat
937 1447 961 1492 et
981 1455 1069 1492 04000
1090 1443 1156 1492 inter
1177 1447 1311 1506 utramque
1325 1444 1369 1507 so-

279 1519 306 1578 4,
326 1518 372 1578 ab,
390 1517 431 1567 40.
446 1517 576 1582 -040040
597 1516 744 1568 «hiemali»
764 1516 803 1568 cl.
840 1517 890 1578 eit,
925 1529 958 1566 ee
986 1514 1133 1576 similibus,
1164 1516 1233 1567 dnae
1260 1518 1367 1578 terrae,

278 1590 371 1652 Odi,
389 1590 434 1650 34,
454 1591 500 1640 ia:
528 1592 619 1642 0400440
640 1593 803 1642 Haemoniae.
841 1592 903 1642 Asia
919 1595 946 1642 et
960 1591 1079 1655 Europa,
1098 1589 1141 1640 vel
1157 1589 1311 1642 nominibus
1325 1589 1368 1642 vel

278 1668 325 1719 «iit
342 1665 466 1716 Horatius
482 1667 560 1729 aquis
577 1665 660 1729 glaeie
672 1667 806 1718 adstrictis
842 1665 899 1716 aliis
916 1665 997 1730 signis
1020 1665 1085 1716 satis
1108 1665 1143 1715 ab
1161 1665 1217 1717 aliis
1234 1665 1309 1717 iretis
1326 1667 1368 1717 dl-

275 1741 419 1804 oompedem
435 1739 541 1802 tribuit,
565 1741 601 1792 440
618 1740 740 1804 Virgilius
757 1743 803 1791 Ge.
842 1741 1019 1804 stingunntur.
1044 1765 1072 1776 -
1095 1741 1238 1805 currentia]
1261 1741 1296 1792 de
1318 1741 1370 1792 ire-

278 1816 308 1877 4,
327 1817 384 1867 436.
395 1817 497 1880 frenum
507 1817 534 1867 et
546 1819 669 1881 Sympos.
683 1817 803 1880 Aenigm.
842 1815 888 1877 tis,
907 1817 936 1864 ut
952 1817 1033 1866 Po'eta
1049 1815 1122 1880 apud
1139 1815 1367 1876 moderent,

279 1891 324 1954 40,
344 1893 367 1942 2.
380 1896 508 1942 comos.»
531 1893 622 1943 00000.
646 1891 716 1943 Talia
728 1891 805 1942 vide·
843 1891 887 1953 40,
905 1889 951 1942 et:
971 1892 1103 1954 Europam
1117 1891 1370 1954 Litpompoernpoe

277 1966 340 2018 licet
362 1979 445 2030 saepe
467 1965 538 2031 apud
560 1969 653 2032 poetes
676 1967 806 2018 tlnotuent
841 1965 883 2015 obi
909 1966 998 2016 dividit
1020 1967 1099 2016 uodo.
1120 1993 1147 2004 -
1164 1967 1272 2030 pinpues
1294 1967 1370 2017 Asiae

277 2045 348 2094 inter
357 2037 392 2092 τὸ
403 2037 505 2111 κύριον
516 2044 544 2092 04
555 2041 803 2112 προσωποποιΐαν,
841 2041 933 2104 ooospt]
956 2042 1048 2092 lustin.
1070 2041 1114 2103 38,
1140 2041 1170 2091 ‘iz
1199 2054 1279 2103 neque
1299 2041 1369 2090 coeto

279 2131 349 2182 quae
365 2117 502 2168 Schmidio
519 2115 554 2166 ad
570 2117 597 2166 h.
610 2115 628 2168 l.
642 2116 755 2169 tortasse
766 2117 806 2168 ni·
840 2115 915 2165 Asiae
931 2127 982 2165 esse
998 2115 1159 2178 teroperotios
1175 2114 1246 2165 uliud
1261 2127 1307 2181 pec
1317 2116 1369 2165 soto

278 2193 329 2243 mis
340 2191 568 2257 placuitoensenti
580 2192 623 2242 hie
635 2194 805 2257 potissimum
840 2189 955 2252 fertilius.
986 2217 1013 2226 —
1040 2188 1182 2253 00000400]
1210 2202 1296 2240 nunno
1319 2201 1368 2241 vos

279 2267 313 2317 de
330 2265 411 2316 liuvio
430 2264 481 2316 deo
500 2266 671 2330 cogitandum
689 2280 759 2320 esse.
775 2295 802 2304 -
842 2263 989 2314 retinenti»
1005 2277 1059 2313 non
1071 2263 1181 2326 quidem
1192 2265 1303 2328 propter
1313 2263 1369 2314 loeo

278 2341 369 2405 turres]
396 2341 498 2391 «Herus
525 2345 552 2392 et
576 2341 698 2392 Leandri.
733 2344 806 2392 luter
842 2336 884 2387 illa
900 2337 1047 2400 voluptario
1059 2335 1162 2401 (salust.
1176 2337 1251 2388 Catil.
1267 2338 1326 2402 44),
1339 2341 1370 2387 04

279 2419 373 2467 Seston
387 2419 414 2466 et
430 2414 544 2477 Abydon
557 2415 677 2467 medinm
690 2419 730 2466 est
746 2416 807 2466 ilel-
841 2410 925 2462 voluit
941 2411 1099 2476 Rappoltus,
1123 2411 1173 2463 sed
1194 2415 1304 2477 propter
1325 2413 1369 2463 Ti·

279 2491 392 2555 lespouti
417 2489 541 2540 fretum.»
573 2492 697 2540 Poarnrn.
731 2492 805 2551 Quae
842 2485 969 2536 berianae
987 2485 1163 2551 expeditionis
1180 2485 1262 2536 finem
1279 2499 1369 2536 oene-

280 2565 418 2631 explieatio
435 2565 608 2616 confirmetur
629 2566 710 2616 etiarn
732 2567 806 2616 Stra-
843 2563 989 2612 cessitates.
1007 2562 1088 2612 Recte
1100 2563 1191 2611 antem
1203 2564 1277 2611 notat
1288 2561 1370 2611 04404

279 2641 359 2692 bonis
372 2641 416 2704 43,
429 2641 471 2692 44.
489 2639 549 2691 4000
561 2641 595 2692 (40
607 2641 746 2705 utriusque
759 2655 807 2707 op-
843 2649 901 2697 zer,
920 2638 975 2686 tres
991 2637 1093 2685 tractus
1109 2636 1268 2700 praecipuos
1285 2647 1318 2685 00
1328 2635 1369 2685 Ti·

279 2717 333 2783 pidi
355 2717 421 2779 situ,
448 2716 482 2766 de
507 2715 614 2766 dnobus
636 2709 676 2767 ου’
712 2731 756 2780 οις
779 2720 807 2767 et
842 2711 970 2762 bertanae
988 2708 1163 2774 expeditionis
1179 2708 1262 2760 veluti
1278 2711 1369 2761 statio·

279 2805 360 2843 eursu
372 2803 518 2856 aquarum:
537 2791 601 2862 sept
617 2787 670 2842 τοῦ
686 2789 805 2862 petitori
843 2797 891 2836 nes
909 2797 924 2834 a
941 2785 1020 2848 poeta
1037 2785 1103 2834 scite
1118 2783 1268 2848 significari.

280 2867 312 2919 et
333 2863 387 2932 τῆς
404 2863 610 2936 Προποντίδος.
642 2865 743 2930 (Catuli.
758 2866 804 2929 64,
876 2856 1366 2924 6440004040104400404040400-4,

279 2942 342 2992 3448;
361 2941 607 3002 uodoScomoodri,
627 2942 806 3003 Qeeepmstm
842 2935 889 2996 40,
908 2934 953 2984 to:
969 2935 1074 2996 periton.
1101 2933 1293 2996 0d.3,l,t8:
1311 2936 1368 2986 eoi-

278 3017 394 3078 0004040
411 3016 562 3079 diffunditur
580 3016 806 3082 Hellesponto.)
843 3009 917 3072 444004
932 3007 1087 3060 «444444444ιο
1100 3008 1367 3074 0011-(1440-46444

279 3090 310 3140 V.
331 3095 415 3140 terres
438 3091 518 3153 igitur
539 3091 647 3156 proprie
671 3091 806 3156 aecipien-
843 3086 949 3147 4444484434
969 3083 1102 3136 “studiosa
1120 3086 1269 3149 operum»)
1283 3114 1311 3124 -
1324 3099 1368 3136 oo-

280 3165 358 3228 dum,
377 3178 409 3215 ac
425 3164 522 3216 suadet
539 3167 619 3216 etiam
636 3167 740 3231 poetica
760 3179 805 3216 ra·
841 3158 909 3220 hors]
926 3157 1055 3209 Paulatim
1073 3171 1132 3210 mos
1148 3159 1269 3222 invaluit,
1288 3164 1318 3211 444
1328 3161 1368 3213 sle

279 3243 330 3304 tio,
356 3243 386 3291 04
406 3241 524 3291 turribus
543 3239 593 3292 illis
610 3243 730 3292 omnium
751 3255 807 3292 ser·
842 3231 1022 3298 appellaretur
1037 3247 1103 3299 04004
1120 3235 1195 3300 44400·
1213 3237 1241 3298 4,
1266 3237 1296 3298 9,
1314 3237 1367 3300 ’434

280 3329 360 3368 mone
384 3315 525 3367 celebratis
548 3316 644 3381 oppida
668 3315 710 3366 illa
733 3317 806 3366 desi·
842 3307 1053 3360 adolescentium
1069 3309 1210 3372 nobilium,
1230 3311 1369 3374 00400004-

280 3394 402 3457 gnentur,
415 3391 594 3456 potiusquam
606 3392 805 3441 notioneomni-
842 3382 967 3434 4444044404
990 3382 1180 3448 proconsulem
1205 3385 1248 3436 404
1271 3398 1369 3450 440004·

280 3468 331 3519 000
347 3466 461 3518 urbibus
479 3468 628 3527 communi;
648 3481 736 3532 neque
757 3481 805 3518 ex·
842 3471 948 3522 cunque
971 3457 1052 3509 044004
1075 3472 1138 3510 0004
1158 3461 1271 3525 44000440
1294 3464 1367 3512 44444

279 3540 433 3608 plicandum
450 3542 496 3590 aut
512 3542 620 3592 territos
629 3541 702 3592 urbes
714 3543 752 3606 (nt
762 3543 805 3592 Ti·
842 3532 939 3584 urbem
957 3533 1080 3584 missum·
1111 3535 1166 3586 Cic·
1184 3536 1219 3586 444
1236 3537 1266 3596 0·
1282 3537 1321 3587 Fr·
1336 3537 1365 3598 4,

280 3615 385 3678 balli,
405 3617 433 3676 4,
453 3615 496 3665 ta:
518 3617 805 3677 theemortsooetom
843 3608 871 3668 ⁴,
889 3607 919 3659 41
948 3609 1014 3671 Qum
1035 3615 1157 3660 oeroaoe
1177 3625 1211 3662 ee·
1231 3613 1369 3664 (4000044040

275 3695 415 3755 prospectet
425 3690 538 3741 turribus
548 3705 645 3754 aequor
654 3719 685 3732 ·-
697 3693 803 3758 Tyros),
841 3683 1035 3733 0040404400οω
1051 3690 1097 3736 eso
1112 3699 1146 3736 00
1161 3689 1307 3738 messori&
1322 3701 1368 3751 φ-

280 3766 352 3830 qnod
374 3766 491 3832 praelert
509 3765 655 3830 Obharius,
682 3771 728 3818 aut
749 3781 805 3818 οοο-
839 3757 1006 3819 004444004004
1022 3763 1102 3809 ‘W
1118 3773 1169 3811 ⁶⁸⁸0
1184 3763 1298 3824 wltisslt',
1324 3765 1367 3826 404

276 3842 357 3904 potos,
394 3840 470 3901 Quod
496 3841 531 3891 ad
556 3841 698 3894 lectionem
724 3848 806 3893 rm
842 3834 1368 3903 ooosieeeotorteproetorteop

280 3917 387 3976 attinet,
406 3929 468 3967 eum
485 3931 528 3966 vv.
541 3917 608 3980 freto
624 3919 805 3968 our-rentiam-
838 3909 932 3972 0044044
947 3911 1024 3961 otene
1049 3914 1100 3964 eet.
1119 3912 1212 3964 Tibnll.
1236 3916 1263 3976 4,
1288 3916 1318 3978 3,
1341 3917 1365 3965 4.

280 3993 429 4041 terniones
450 3997 534 4042 terroe
555 3993 580 4043 in
604 3993 707 4055 omnia,
735 4005 803 4057 qnae
842 3989 879 4038 Ex
890 3989 1080 4053 Porphyrionis
1091 3989 1196 4043 scholio
1208 3990 1303 4042 oollato
1315 3991 1368 4041 Ln-

281 4065 381 4129 ubique
399 4068 475 4128 sunt,
503 4066 569 4117 treta
587 4065 733 4130 quadrent,
760 4068 804 4119 hie
841 4061 901 4113 04140
918 4064 1024 4117 bomne
1040 4079 1066 4131 p.
1080 4067 1121 4117 40.
1137 4065 1245 4133 prodire
1262 4065 1369 4116 videtur

246 4145 250 4154 ’
281 4151 345 4190 vero
363 4137 549 4204 llellespoutus
565 4142 666 4206 optime
683 4141 806 4204 designo·
841 4139 875 4190 ab
893 4139 991 4192 Lucilio
1008 4139 1075 4194 tales
1086 4142 1199 4193 comites
1210 4142 1272 4192 κατ’
1285 4142 1367 4212 etpo-

282 4215 326 4264 tur
341 4227 366 4264 v.
379 4219 475 4274 torres,
494 4213 536 4266 vel
548 4217 600 4267 boo
612 4217 719 4268 nomine
731 4217 805 4266 reiioi
841 4217 920 4266 vrtoev
937 4215 1083 4283 appellatos
1100 4229 1161 4268 esse
1181 4217 1293 4267 merome
1313 4229 1367 4266 me·

281 4287 378 4348 debet;
405 4291 430 4342 in
457 4288 522 4340 locis
545 4293 635 4342 entem
653 4305 668 4342 a
685 4289 803 4343 bentleio
840 4305 886 4342 ros
901 4292 1015 4357 lepiooes.
1047 4294 1098 4356 (sio
1116 4291 1271 4352 llocheder;
1296 4303 1367 4340 mer-
