3174 4974
592 887 631 990 Q·
659 885 848 980 HOllllTll
874 883 1031 977 inieci

388 1111 1233 1292 EPISTULARUM

638 1419 754 1485 LIBER
776 1417 993 1485 SECUNDUS.

907 1581 1051 1590 u-——n

643 1692 916 1782 sarracon
938 1693 974 1752 1.

314 1834 395 1900 Cum
418 1839 464 1895 tot
486 1827 645 1894 sustineas
667 1835 700 1892 et
721 1833 807 1890 tanta
829 1824 957 1910 negotia
979 1821 1080 1900 solus,

314 1955 377 2020 lies
399 1949 494 2015 italas
518 1947 615 2014 armis
640 1947 767 2022 tuteris,
792 1943 936 2010 moribus
961 1964 1073 2020 ornes,

338 2131 386 2180 ΕΡ.
406 2130 425 2178 l.
452 2129 481 2177 ln
506 2127 557 2176 hac
582 2123 697 2189 Epistola
723 2124 826 2188 inspexi
850 2123 1007 2174 varietatem
1025 2122 1085 2174 lect.
1105 2125 1222 2188 quinquo
1241 2125 1326 2176 Codd.

306 2201 445 2260 Schmidii3
468 2200 517 2250 sed
534 2212 597 2249 cum
614 2197 765 2260 volgaribus
782 2199 835 2247 sint
851 2197 1057 2260 adnumerandi,
1085 2197 1147 2248 nihil
1164 2198 1241 2260 honi,
1265 2199 1328 2250 nihil

305 2277 362 2328 lere
379 2289 413 2326 ne
431 2275 493 2325 novi
510 2274 620 2336 quidem
637 2273 671 2322 ab
688 2273 719 2322 iis
737 2271 839 2332 olierri,
858 2272 947 2322 statim
964 2271 1025 2320 vidi.
1048 2299 1074 2308 -
1094 2273 1230 2336 Inscriptio
1248 2273 1329 2324 Codi—

307 2350 345 2399 cis
362 2350 397 2399 E:
422 2347 460 2397 Ad
482 2349 597 2398 Cesaram
618 2347 764 2410 nopotem.
786 2373 813 2382 -
840 2347 863 2395 4.
883 2351 1000 2396 catenias
1017 2348 1233 2411 Cuninghamins.
1254 2377 1282 2385 -
1302 2349 1326 2400 2.

306 2424 402 2473 neoris
418 2421 502 2472 Codd.
522 2420 582 2484 aliq.
601 2419 721 2471 Lambini
738 2421 765 2469 el
782 2421 849 2470 Fene
862 2433 893 2470 ac
904 2421 957 2471 duo
970 2421 1105 2472 Schmidii.
1125 2423 1234 2486 (lituos,
1248 2424 1330 2474 nostri

308 2499 336 2547 et
352 2495 487 2557 Pottierii.)
508 2521 533 2532 -·
553 2493 680 2544 menibus
697 2492 807 2544 Bentleii
825 2495 951 2559 suspicio.

306 2657 326 2706 l.
346 2655 384 2704 De
401 2654 559 2716 argumento
571 2650 632 2701 vide
652 2651 761 2702 Excurs.
780 2653 799 2701 l.
840 2653 909 2702 iusso
915 2653 1040 2714 principis
1050 2654 1204 2716 adspectore.
1228 2655 1286 2714 Quo
1297 2657 1364 2704 tem·

311 2731 334 2779 4.
348 2730 373 2780 2.
400 2728 530 2790 mulceas]
555 2726 739 2778 «administres
756 2727 800 2787 ita,
840 2739 905 2790 pore
931 2729 1021 2776 autem
1048 2727 1115 2778 haec
1132 2725 1248 2792 Epistola
1266 2729 1365 2792 scripta

275 2807 306 2855 ut
320 2805 393 2854 tanto
405 2803 480 2853 oneri
492 2815 541 2866 par
552 2802 588 2852 sis
599 2800 727 2852 viribus.»
745 2801 804 2851 Sio-
841 2803 894 2862 est,
914 2801 1022 2850 iamiam
1033 2813 1128 2852 omnes
1140 2800 1288 2865 dignitates,
1303 2803 1365 2865 qui-

276 2879 355 2928 tiaere
370 2880 461 2928 aulem
478 2876 593 2940 capolia,
612 2879 641 2926 ut
657 2889 726 2925 onus.
747 2875 801 2926 Cic.
840 2874 892 2926 hus
909 2875 947 2924 uti
963 2872 1083 2936 volebat,
1108 2879 1242 2940 Angustus
1258 2888 1366 2928 assum·

277 2951 437 3012 adiam.5‚
456 2951 527 3010 9,4;
546 2951 605 3010 hoc,
632 2950 753 3011 quidquid
769 2955 804 3000 est
842 2951 940 3012 pserat.
963 2976 990 2984 -
1009 2951 1055 2999 Res
1070 2951 1148 2999 italos
1165 2950 1227 3014 cet]
1257 2952 1367 3014 nimpe-

277 3026 360 3074 oneria
376 3029 399 3072 et
414 3024 537 3084 muneris,
554 3037 602 3086 pro
616 3037 673 3072 meo
684 3024 804 3087 dipnitate
841 3024 911 3072 rium
928 3023 1077 3072 Romanum
1095 3027 1148 3073 tam
1166 3026 1261 3088 potens
1278 3022 1368 3074 reddi-

277 3099 322 3149 aot
344 3099 462 3148 tuendum
488 3111 518 3146 ac
541 3097 710 3148 ontinenam
729 3102 802 3160 ρυια,
841 3096 915 3156 disti,
941 3098 970 3144 ut
987 3093 1073 3148 nullus
1093 3097 1147 3146 iam
1164 3096 1248 3148 hostis
1265 3098 1290 3146 ei
1306 3109 1366 3146 me·

278 3171 345 3223 lbid.
368 3173 414 3232 40,
436 3172 482 3232 48,
503 3171 532 3220 3:
556 3177 662 3234 praetor
681 3171 803 3232 arbonae,
843 3167 1034 3240 tuenduffisitn
1054 3169 1092 3220 Cl.
1107 3170 1154 3220 Od.
1168 3169 1193 3230 4,
1207 3172 1248 3230 ill,
1262 3169 1364 3233 l3sqq.

278 3247 346 3308 quod
361 3246 472 3296 cmmtks
483 3245 597 3306 admont
610 3245 805 3294 conndarema·
845 3272 871 3279 —
894 3243 990 3308 tulero]
1016 3243 1064 3294 Od.
1081 3243 1110 3305 4,
1131 3244 1175 3304 44,
1191 3244 1234 3295 43;
1258 3259 1272 3294 o
1289 3245 1368 3294 tulela

279 3334 327 3371 nae
345 3317 479 3369 metuebat
500 3331 570 3367 more
590 3319 725 3368 maiorum.
753 3317 803 3367 Sal.
840 3331 958 3380 praesens
974 3317 1064 3367 italiae
1082 3319 1245 3380 dominaeque
1263 3319 1365 3369 liemon.

280 3393 355 3446 Catil.
375 3407 398 3443 c.
418 3393 464 3441 53:
490 3392 555 3452 sorte
576 3391 654 3440 lubuit
670 3393 805 3453 attendere,
846 3419 872 3428 -
891 3391 1001 3458 inopibus
1017 3391 1097 3454 mnes]
1116 3406 1241 3457 «operam
1255 3405 1365 3453 navans.

280 3481 345 3531 qatoe
366 3479 407 3515 res
428 3465 541 3514 mamma
557 3469 630 3513 tanto
645 3467 746 3528 nepotis
762 3477 806 3513 aa·
844 3466 974 3514 utmores
990 3477 1040 3528 per
1056 3464 1125 3515 bella
1140 3467 1270 3530 imprimis
1282 3465 1366 3517 civilia

280 3541 411 3592 elicuisset.
431 3538 615 3602 Coninghamii
627 3539 706 3590 lectio
714 3544 807 3588 eatan
843 3537 921 3588 loede
934 3539 1052 3603 corrupti
1065 3539 1099 3588 ad
1113 3542 1230 3604 priorem
1239 3542 1367 3592 decorem

222 3657 225 3664 ,
281 3622 316 3668 tes
332 3616 394 3666 huic
411 3613 469 3663 loco
485 3626 580 3677 parum
592 3615 712 3678 apposite
724 3614 806 3677 signi·
844 3613 1075 3675 integritatemque
1093 3619 1263 3676 revocentur,
1287 3617 1368 3680 idque

281 3689 387 3740 ficeret:
416 3689 478 3738 uvir
496 3701 630 3752 aegreque
648 3689 805 3739 sustineas.»
843 3687 941 3750 partim
952 3687 1203 3752 proprioexemplo,
1217 3691 1312 3754 partim
1323 3703 1369 3740 se-

282 3765 335 3815 Cir.
347 3761 506 3814 Doederlein
517 3763 578 3823 syn.
589 3763 631 3812 Vi.
645 3775 671 3826 p.
682 3763 738 3812 360.
757 3766 807 3812 Ae-
845 3773 908 3809 vero
925 3761 1022 3824 punitis
1040 3759 1166 3812 adulteris
1183 3765 1263 3826 atque
1280 3763 1370 3827 impu-

282 3853 335 3903 que
347 3837 417 3888 male
428 3842 546 3886 sustentes
560 3836 631 3886 idem
643 3835 685 3886 ille
694 3837 807 3886 Critious
846 3834 926 3894 dieis,
947 3836 1042 3898 partim
1054 3835 1113 3899 lege
1125 3836 1158 3886 de
1171 3836 1306 3888 adulteriis
1317 3835 1369 3888 lata

282 3913 457 3964 substituerat
468 3909 552 3960 verbo
569 3909 691 3960 audam
701 3911 767 3973 Epp.
782 3911 806 3970 4,
845 3911 872 3958 et
897 3907 979 3958 altera
1005 3907 1039 3958 de
1059 3911 1215 3962 maritandis
1232 3910 1370 3963 ordinibus

284 3986 324 4046 48,
337 3985 389 4044 ai..
409 3986 459 4036 etsi
476 3984 512 4034 ihi
529 3989 646 4034 metentes
660 3983 686 4033 in
703 3984 808 4047 Episto-
846 3983 940 4035 saltem
957 3988 1142 4048 praeparata.»
1170 3986 1209 4036 Ci.
1227 3986 1274 4035 0d.
1292 3986 1321 4048 4,
1339 3989 1368 4046 li,

283 4057 369 4109 larum
382 4059 429 4109 Ed.
444 4059 604 4109 cadomensi
616 4055 688 4108 4480.
703 4060 807 4108 exstare
845 4059 873 4108 34
889 4071 948 4122 sqq.
968 4057 992 4117 4,
1008 4059 1047 4120 45,
1062 4059 1146 4123 tisqq.
1166 4059 1239 4110 ovid.
1253 4061 1330 4110 Trist.
1343 4061 1369 4120 4,

285 4135 374 4182 narrat
390 4132 555 4182 Sanadonus.
578 4157 606 4168 —
630 4131 704 4196 solos]
726 4132 806 4181 Tacit.
846 4131 894 4180 233
906 4144 947 4195 sq.
966 4132 1027 4182 idel.
1043 4133 1090 4192 45,
1108 4133 1165 4184 834.
1185 4133 1219 4183 de
1236 4135 1368 4198 Augusto:

285 4209 352 4256 Ann.
367 4206 391 4266 4,
407 4206 435 4256 3:
454 4207 540 4256 codem
556 4206 751 4270 mopistrotctan
767 4219 810 4255 co-
846 4207 910 4256 Pace
931 4207 994 4255 doto
1017 4207 1091 4256 terris
1108 4207 1220 4257 animan
1236 4209 1270 4257 od
1286 4207 1371 4257 civilio

285 4279 390 4331 cadmo:
407 4305 447 4316 --
466 4285 642 4330 mammolo
658 4279 810 4342 aequalitme
845 4284 923 4329 uertet
952 4280 1015 4329 lara
1038 4293 1110 4331 aalma
1141 4281 1285 4345 leposque
1309 4282 1371 4344 [ml
