3116 4968
573 405 633 456 nm.
652 405 672 456 1.
707 406 775 458 snr.
793 407 824 457 x.
1181 405 1242 472 483

195 559 343 628 Prudens
364 570 554 648 praetorem
577 561 697 650 quibus
719 559 815 640 baec,
840 571 914 628 sunt
935 561 1190 652 qualiacunque,

194 680 347 749 Arridere
368 681 478 760 velim,
501 680 676 762 dolitums,
701 683 728 750 si
751 681 900 770 placeant
921 703 981 771 spe

194 803 345 896 Deteriua
366 812 486 870 nostra.
529 805 687 881 Demetri,
711 813 824 892 teque,
849 803 975 891 Tigelli,
1199 810 1242 875 90

195 924 435 1014 Discipularum
458 925 541 992 inter
562 925 660 994 iubeo
681 925 811 1014 plorare
833 924 1014 994 cathedras.

194 1047 221 1124 l,
244 1067 343 1134 puer,
367 1055 465 1135 atque
487 1067 562 1114 meo
584 1047 667 1115 citus
688 1045 770 1115 haec
792 1046 962 1116 subscribe
984 1047 1102 1116 libello.

215 1255 256 1306 88.
274 1261 333 1305 aaut
348 1253 403 1306 bod
420 1255 449 1305 et
463 1252 612 1306 Bentlelus:
638 1255 688 1306 tint
704 1255 749 1320 Sp,
767 1255 888 1307 actius.
909 1283 936 1292 -
961 1255 1002 1306 91.
1019 1256 1209 1321 Discipulonnn

182 1341 224 1394 pr.
242 1329 270 1380 b.
290 1329 332 1394 (ut
348 1341 413 1391 non,
431 1328 502 1393 sodp
520 1330 548 1379 et
563 1342 633 1380 corr.
652 1329 689 1395 b.)
710 1359 738 1369 -
757 1332 797 1382 111.
816 1333 862 1384 too
879 1333 963 1384 codd.
983 1333 1044 1399 allq.
1063 1335 1140 1388 Fene.

147 1497 388 1548 muraenae
400 1497 593 1560 mdccc,
605 1497 679 1561 pael-
716 1499 811 1550 thedra
829 1499 867 1551 Cl.
885 1498 972 1562 ltalia,
999 1527 1013 1539 -
1030 1499 1135 1553 -laeva
1157 1503 1240 1554 susb-

147 1574 214 1634 loro,
240 1573 337 1622 nullm
364 1572 502 1637 elcannttnr
528 1585 607 1634 ᾳααιι
633 1587 679 1624 ne-
715 1587 783 1625 ncnn
807 1573 950 1632 volumen.
977 1577 1004 1626 iu
1030 1589 1083 1641 quo
1109 1578 1240 1642 scriptum

148 1659 214 1698 σωκ
237 1652 274 1698 σει
293 1646 398 1710 proban
422 1673 450 1684 —-
466 1648 581 1711 ploroeo]
605 1647 678 1700 «sal-
715 1650 770 1699 est:
788 1646 916 1700 ΠΑΣΗΣ
931 1649 1114 1702 Momm
1129 1651 1241 1703 METE-

148 1722 255 1773 siasima
288 1722 371 1772 untur
403 1720 514 1785 dilogia;
553 1734 617 1774 nam
649 1725 678 1774 et
713 1721 860 1775 ΧΟΤΣΑ.»
887 1725 948 1775 Fun.
969 1749 996 1762 -
1015 1726 1040 1788 1,
1060 1725 1139 1790 puer]
1163 1725 1240 1778 «Ele-

146 1796 262 1859 plorcnt,
294 1796 340 1859 qui
366 1795 464 1846 docent
487 1794 590 1860 puellas
610 1810 677 1847 can-
713 1798 821 1860 gauter,
844 1799 920 1862 quani
936 1799 988 1848 boc
1004 1812 1037 1849 ex
1054 1801 1177 1863 tempora
1197 1799 1239 1850 di·

147 1867 279 1920 tiuuculna
296 1869 439 1921 amatorias
456 1868 538 1921 flebili
561 1871 588 1921 el
604 1869 676 1922 molli
712 1873 789 1934 xerit,
802 1873 934 1938 praecipit
942 1885 1042 1936 puero,
1060 1874 1091 1923 ul
1102 1874 1129 1924 ln
1140 1870 1239 1924 librum

148 1957 215 1994 voce
234 1943 393 2005 decantare,
421 1945 449 1994 at
461 1943 567 2008 plorare
583 1943 677 1995 iubant
712 1957 792 1996 suum
804 1943 868 1996 illud
880 1945 1012 2008 conserat,
1032 1959 1065 1997 ne
1077 1948 1172 2012 pereat
1183 1949 1239 1998 tam

148 2019 255 2078 Graeci,
281 2017 379 2082 quibus
396 2030 506 2082 manem
523 2019 676 2082 imprecau-
712 2021 893 2083 opportunum
916 2022 944 2070 et
960 2033 1110 2084 congruens
1135 2021 1161 2070 in
1178 2033 1239 2072 mo

74 2118 77 2126 ›
147 2097 192 2143 tun·
208 2091 401 2153 calamitatem,
430 2093 503 2157 quod
523 2090 631 2144 κλαίειν
648 2095 676 2144 at
711 2092 848 2146 dolatores
870 2095 1082 2146 iamdictam.»
1111 2093 1236 2146 Poenum.

148 2163 282 2234 οἰμώζειν
298 2166 333 2218 1111
350 2167 469 2218 dicunt·
498 2167 608 2219 anmn.
633 2167 675 2219 Ad
714 2195 741 2206 —-
759 2169 830 2234 baec]
848 2169 932 2221 «baec
948 2169 1006 2234 ipsa
1023 2168 1122 2231 verba,
1145 2165 1239 2236 οἰμώ-

147 2255 228 2294 unum
260 2244 393 2293 Graecum
431 2241 502 2293 conl.
536 2243 672 2307 Aristoph.
711 2245 768 2306 ζειν
784 2240 952 2306 canetenim,
969 2239 1158 2314 μιαρώτατε.»
1178 2242 1238 2295 Ala-

146 2317 262 2369 llcbarn.
274 2316 352 2366 ilat:
371 2311 469 2366 κλάειν
479 2312 604 2368 κελεύων
614 2312 675 2366 Aul-
712 2317 750 2367 cri
767 2318 819 2368 boc
840 2319 915 2370 iussu
937 2315 1016 2370 simul
1037 2317 1235 2380 confidentiam,

147 2406 254 2458 μαχον.
289 2392 347 2442 Dio.
364 2391 503 2455 chrysost.
516 2391 559 2442 Or.
578 2391 604 2452 8,
623 2390 672 2444 at:
712 2403 765 2454 qua
782 2391 906 2443 homines
923 2394 987 2444 istos
999 2391 1181 2453 abominetur,
1199 2392 1238 2444 lc·

147 2463 182 2518 τὰ
202 2465 235 2517 dt
256 2461 351 2530 μῆλα,
374 2459 522 2536 ἂχρύσεα
537 2461 673 2532 induco,
711 2465 779 2516 stiva
797 2467 928 2532 exprinut.
949 2495 976 2505 -
999 2467 1101 2518 Verum
1122 2467 1235 2529 rectius,

147 2535 246 2602 λαβὼν
265 2533 372 2590 ἔδωκεν
388 2535 554 2612 (Boaulia)
574 2539 674 2607 ἐκείνῳ
711 2541 741 2590 ul
757 2553 829 2590 nunc
845 2555 919 2602 reor,
939 2553 1002 2592 cum
1018 2539 1138 2591 Bentleio
1148 2540 1234 2591 Prael.

148 2611 325 2687 {Edqvndctl
339 2608 488 2686 οὐδὲνγὰρ
499 2611 595 2666 αὐτῶν
606 2612 675 2666 ddal-
709 2627 736 2680 p.
750 2615 775 2666 11.
788 2614 836 2666 Ed.
853 2616 938 2666 Amat.
957 2614 1000 2666 alli
1017 2615 1052 2665 ita
1070 2615 1235 2680 interpretati

146 2705 195 2754 το,
213 2684 276 2740 ἀλλ’
289 2685 421 2740 ἐκέλευσε
436 2683 671 2750 κλαὶεινέχοντα.
709 2691 785 2740 sunt:
803 2689 937 2754 «Adiuuge
955 2689 1025 2740 banc
1039 2690 1149 2740 satiram
1166 2691 1236 2754 prio-

149 2793 176 2803 ·-
209 2764 357 2827 cnttedrno]
391 2763 552 2815 laminarum
579 2763 672 2816 sedilia
709 2763 783 2815 nibus
800 2763 859 2814 libri
875 2765 967 2828 primi,
986 2766 1016 2814 ut
1031 2764 1094 2814 huic
1109 2763 1169 2814 finis
1187 2765 1236 2814 im·

147 2839 340 2891 commodiora.
375 2837 485 2890 blartlal.
508 2838 539 2899 3,
566 2839 613 2900 63,
640 2839 671 2890 7:
707 2839 822 2902 ponatur
832 2839 909 2902 isque
921 2839 975 2888 iam
987 2838 1031 2888 edi
1041 2838 1152 2902 possit.»
1169 2839 1236 2888 Pro-

146 2915 212 2965 lutor
232 2913 356 2977 {animoa
377 2917 430 2963 tota
452 2913 496 2976 qni
516 2913 673 2965 tracontid-
707 2915 776 2976 pert.
795 2911 955 2974 3,n³,23:
982 2913 1008 2974 1,
1029 2925 1108 2976 ρων,
1131 2913 1235 2962 dcitur

147 2987 331 3040 damnanda.
360 2987 562 3049 luvan.t,9l.
588 2987 674 3039 moder
707 2987 1139 3049 malinmnmonecolunnn.
1159 2985 1234 3036 -li-

147 3075 192 3114 aaa
215 3064 304 3113 vocat.
349 3061 396 3112 «lu
421 3060 570 3127 anaglypho
594 3061 671 3113 villae
708 3062 777 3126 tello]
795 3063 825 3112 ut
842 3059 960 3112 Catullus
978 3061 1007 3120 t,
1026 3061 1056 3110 t:
1083 3059 1147 3123 Quot
1169 3061 1234 3111 dono

147 3137 279 3200 Abannae,
291 3135 364 3200 apud
376 3135 518 3188 winkelm.
532 3137 568 3188 11.
580 3137 600 3187 1.
613 3137 670 3188 181.
706 3136 816 3199 uptdnn
831 3147 924 3185 noum
940 3132 1066 3185 metim?
1083 3133 1117 3185 de
1135 3133 1234 3186 oerml-

147 3213 237 3264 llarini
253 3212 275 3263 1.
293 3209 352 3262 Alb.
370 3223 398 3276 p.
416 3210 469 3273 78,
491 3210 569 3263 sodet
585 3211 612 3261 iu
630 3223 673 3262 ca-
707 3221 902 3262 nummorum
919 3207 1084 3260 collectione.

472 3595 838 3655 EXOURSUS
878 3598 906 3654 Ι.

432 3728 476 3780 DE
493 3729 559 3780 vm.
578 3727 731 3780 VERSIBUS
749 3727 946 3780 sunnrtlcns,

209 3853 276 3905 Octo
296 3861 394 3902 versun
415 3847 509 3901 bueus
531 3847 662 3902 lncllnatln
685 3849 805 3914 expressi
827 3846 926 3899 absunt
942 3861 958 3898 a
974 3847 1109 3913 plerisque
1133 3846 1233 3897 Horatii

147 3935 229 3988 codd.
249 3937 278 3986 et
293 3934 360 3986 Edd.
379 3935 455 3996 vett,
474 3934 632 3984 nominatim
649 3945 664 3983 a
683 3931 767 3984 codd.
786 3931 962 3984 Oberlinienin
979 3933 1006 3982 et
1027 3928 1234 3995 bambergensi-

147 4018 210 4084 bus,
228 4019 278 4073 Ed.
297 4021 365 4072 Van.
384 4019 472 4079 ll8l.;
491 4019 663 4085 reponuntur
678 4019 705 4068 in
722 4019 790 4069 Fene
808 4015 893 4070 codd.
913 4013 1046 4067 nonnullis
1063 4015 1234 4079 etquattuor

146 4103 343 4167 Berneunibua,
370 4115 486 4169 quorum
509 4103 563 4155 duo
585 4103 660 4154 certa
683 4103 775 4168 scripti
798 4102 861 4154 sunt
883 4099 941 4152 Sec.
959 4098 1002 4160 x.,
1021 4097 1090 4149 adeo
1106 4099 1137 4149 ut
1152 4110 1233 4150 namo

147 4189 198 4241 lum
214 4189 346 4254 suspicari
364 4189 446 4253 queat
468 4199 516 4239 eon
533 4185 628 4239 deberi
653 4184 759 4239 falsario
775 4183 853 4237 alicui
877 4181 942 4234 ltalo
958 4184 1018 4234 sec.
1035 4181 1090 4233 xv.
1109 4181 1234 4234 Colorem

147 4285 210 4325 sane
227 4271 332 4325 babent
348 4273 488 4337 antiquum
505 4273 545 4335 et,
564 4273 676 4324 silure
694 4268 841 4322 admodum
858 4267 959 4319 incerta
971 4265 1141 4319 coniecmrae
1158 4265 1234 4318 locus
