3130 4966
626 445 685 496 LlB.
705 447 723 494 l.
759 446 826 496 SA'l'.
845 446 887 495 lll.

211 607 272 669 Aut
293 602 435 690 positum
456 610 528 667 ante
552 621 624 668 mea
647 601 722 689 quia
745 601 868 689 pullum
890 601 922 666 in
944 611 1035 689 parte
1058 601 1152 668 catini

212 723 348 791 Sustulit
371 723 535 798 esuriens,
559 723 666 789 minus
688 722 750 789 hoc
772 721 932 790 iucundus
955 723 1079 790 amicus

211 847 258 912 Sit
279 845 382 911 mihi?
404 844 490 924 Quid
512 844 642 920 faciam,
666 845 693 910 si
717 844 834 910 lurtum
857 845 983 920 lecerit,
1007 855 1063 910 aut
1085 845 1111 910 si

210 964 394 1034 Prodiderit
415 967 587 1034 commissa
610 965 674 1032 fide
697 985 893 1053 sponsumve
915 966 1064 1053 negarit?
1231 969 1297 1033 '95

212 1088 292 1168 Quis
314 1088 405 1177 paria
427 1107 501 1156 esse
523 1088 591 1154 fero
615 1086 737 1175 placuit
758 1097 905 1174 peccata,
929 1085 1092 1161 laborant,

275 1296 316 1346 96.
335 1295 396 1358 Quis
408 1295 504 1358 placuit
515 1295 594 1358 pario
610 1307 661 1346 osso
675 1295 728 1358 sore
743 1308 769 1360 p.

210 1477 303 1526 amco
319 1479 353 1524 est
370 1473 397 1523 tn
413 1473 524 1534 Palatio,
549 1473 670 1536 Apollinis
691 1473 736 1522 do-
772 1473 830 1534 m'o,
855 1479 878 1524 et
901 1471 969 1537 (dlis)
994 1487 1059 1537 quoe
1083 1477 1204 1540 desponsa
1225 1483 1295 1538 erut,

209 1549 294 1610 tulto,
311 1549 353 1598 oui
364 1549 435 1612 :tono
445 1552 522 1611 eaput
536 1549 647 1610 reponet
656 1547 736 1598 Aviu-
772 1562 880 1612 sponse.

209 1625 267 1672 nise
287 1624 415 1673 Euander.
451 1621 505 1672 Sed
530 1625 603 1672 recte
630 1623 733 1687 Spohn:
805 1623 893 1674 96-98.
921 1623 982 1686 (luis
1002 1626 1083 1686 porto
1107 1628 1169 1691 oet]
1195 1627 1297 1678 Stoicos

210 1699 276 1758 «Qui
293 1697 447 1748 Euandrum
465 1697 622 1746 statuarium
639 1695 736 1746 intelli-
771 1697 865 1748 irridet
881 1697 956 1758 ideo,
975 1701 1036 1764 quia
1054 1701 1121 1750 bueo
1138 1715 1233 1752 eorum
1247 1701 1297 1751 do-

209 1774 288 1838 gunt,
302 1785 356 1822 nou
367 1771 543 1822 recordantur
554 1783 617 1821 eum
629 1784 653 1821 a.
667 1785 694 1820 u.
708 1783 732 1821 c.
772 1772 857 1821 ctrina
882 1773 971 1823 omnio
997 1777 1108 1837 peccatu
1134 1788 1195 1825 esse
1223 1775 1297 1838 peria

209 1848 266 1897 725.
277 1847 388 1897 demum
398 1845 554 1897 Alexandria
567 1847 678 1897 Romam
689 1845 736 1896 de-
772 1847 932 1908 (acouruttus
950 1847 1060 1910 quidem
1071 1849 1143 1912 apud
1155 1849 1229 1899 Stob.
1240 1849 1294 1900 Ecl.

210 1920 425 1972 contumescat
460 1921 502 1970 Sic
520 1921 637 1970 concidit
653 1919 733 1970 etium
771 1920 817 1970 Ph.
832 1921 861 1980 ἢ,
880 1921 904 1971 7.
922 1935 948 1984 p.
968 1922 1031 1972 2t8:
1051 1917 1102 1972 ἶσα
1119 1919 1297 1972 udascalcus

209 1997 393 2060 interpretatio
415 2009 442 2044 v,
460 1997 549 2044 tritum
569 1997 733 2055 «tornatum,
771 1989 808 2044 τὰ
819 1989 1024 2065 ἁμαρτήματα,
1037 1993 1094 2047 οὐκ
1105 1991 1147 2046 ἔτι
1158 1995 1181 2046 δ’
1194 1991 1296 2062 ὃμοια·

209 2069 355 2130 caelatum,
380 2069 550 2133 sculptum»
568 2070 602 2120 de
626 2069 735 2133 quusi-
770 2066 899 2140 διάφορα
920 2066 975 2140 γὰρ
997 2067 1071 2120 κατὰ
1092 2067 1234 2138 ποιότητα
1253 2074 1297 2139 yt-

210 2145 273 2208 gnil.
292 2145 339 2196 clr.
359 2142 469 2196 Salmas.
487 2145 521 2194 ud
536 2142 615 2194 solin.
634 2156 661 2207 p.
675 2143 732 2193 289.
770 2144 909 2212 yvsoelae.)
933 2158 1026 2196 eorum
1049 2150 1196 2198 sectatores
1217 2161 1298 2200 seve-

209 2222 236 2270 et
258 2221 376 2282 Wagner
398 2219 432 2270 ud
455 2220 525 2281 Virg.
545 2221 591 2268 Ge.
610 2220 641 2279 ἱ,
669 2216 731 2268 tlt:
771 2222 855 2272 riores
875 2221 902 2270 in
920 2219 1096 2271 diiudicandis
1117 2220 1229 2272 aliorum
1247 2221 1297 2272 de-

211 2295 274 2345 Hioo
306 2295 393 2343 rodtos
426 2294 518 2343 ιη’σινι
549 2293 621 2342 rotis.
666 2290 733 2342 uate
770 2294 839 2346 lictis
860 2293 976 2345 reddere
996 2293 1108 2345 solebat.
1144 2297 1230 2346 Stoica
1248 2297 1296 2360 igi-

208 2369 288 2420 etiam
309 2369 374 2418 l'ea:
404 2367 586 2428 uobsoletum,
611 2367 645 2417 sd
668 2379 735 2416 con·
771 2371 815 2419 tur
844 2367 964 2419 doctrina
990 2372 1155 2433 quantopere
1185 2371 1297 2421 naturae

209 2445 368 2506 temptum·
402 2442 523 2506 Optimus
542 2442 676 2506 interpres
693 2443 735 2490 est
772 2446 904 2494 humanae
930 2447 1078 2508 repugnet,
1106 2445 1296 2508 Epicureorum

208 2516 332 2569 Martialis
349 2513 366 2566 l.
385 2515 416 2567 l.:
435 2517 525 2568 Pollice
540 2517 571 2566 de
587 2516 656 2578 Pylio
672 2515 735 2564 tn'to
771 2520 932 2570 sententium
947 2519 1107 2582 opponendo
1119 2518 1295 2571 demonstrat.

208 2591 322 2642 σοιιιαιὸσ
341 2592 410 2640 uitet.
438 2618 466 2628 -·
484 2591 551 2652 oottc]
574 2589 734 2640 adverbiali·
774 2621 801 2630 -
819 2593 879 2657 sere]
901 2595 931 2642 ut
947 2587 987 2654 ὥς
1005 2586 1075 2654 ἔπος
1097 2593 1200 2655 εἰπεῖν,
1227 2608 1297 2654 σχε-

209 2669 262 2727 ter,
281 2663 464 2724 utrumne,
484 2664 513 2725 l,
532 2665 578 2714 4³:
605 2665 735 2726 Etoood-
774 2664 835 2728 δόν,
854 2663 959 2726 σχεδόν
976 2681 1012 2716 τι.
1048 2666 1129 2730 (Plato
1146 2671 1249 2732 Protsg.
1268 2683 1295 2734 p.

207 2739 392 2803 cueouomtlti
414 2752 519 2801 poam
542 2753 622 2788 nouus
645 2740 736 2788 educat
771 2741 829 2792 348.
848 2743 877 2791 C.
897 2740 1049 2792 Pannenid.
1069 2754 1095 2805 p.
1116 2743 1172 2794 428.
1192 2745 1231 2806 Β.)
1254 2745 1298 2793 im

208 2828 304 2876 σαιαιε,
334 2814 451 2864 coum
477 2813 607 2876 coticulas
630 2813 736 2875 ponitur
772 2818 897 2868 Gooaea
912 2829 1107 2880 paromoeon,
1125 2818 1157 2866 ιἰι
1173 2819 1298 2868 derlte-

209 2891 336 2940 untedeo.
372 2887 409 2939 ld.
428 2889 458 2946 2,
477 2889 505 2947 5,
528 2887 573 2938 98:
600 2891 735 2937 coronatus
771 2893 827 2955 pet.
863 2891 940 2941 Hand
957 2892 1033 2941 Turs.
1046 2890 1076 2939 11.
1096 2903 1122 2953 p.
1143 2891 1200 2941 toa.
1230 2891 1297 2942 Male

208 2964 282 3014 studit
304 2967 328 3012 et
348 2967 406 3012 otte
421 2962 500 3010 colim
535 2960 643 3013 Plautus
663 2961 732 3011 Meu.
771 2966 900 3015 Baxterus
924 2965 977 3028 sore
1003 2965 1086 3014 iunxit
1110 2961 1173 3014 euin
1195 2979 1221 3016 v.
1236 2967 1298 3029 plo·

208 3041 237 3099 2,
255 3040 286 3098 2,
304 3038 333 3086 2:
354 3037 453 3086 Bonum
469 3039 527 3086 onte
540 3049 637 3098 portum
650 3049 734 3098 proo-
771 3041 834 3100 cuit,
862 3039 903 3088 cui
929 3039 1023 3089 rationi
1048 3037 1091 3089 vel
1117 3053 1213 3090 versus
1232 3054 1298 3092 cao-

208 3114 277 3163 dtum
296 3109 469 3174 pransorium.
490 3137 519 3148 -
535 3123 594 3160 meo
609 3112 636 3160 ia
650 3109 732 3174 porto]
772 3127 835 3165 sura
847 3116 985 3176 repugnat.
1004 3113 1044 3164 ld
1055 3115 1215 3164 sententiam
1226 3116 1295 3165 conl.

209 3189 250 3236 «tn
268 3187 343 3251 parte
360 3184 395 3234 ed
412 3197 457 3234 me
472 3197 617 3246 conversa,
636 3198 734 3249 exque
772 3189 826 3239 Cic.
845 3187 879 3238 de
899 3189 970 3236 Ftnn.
989 3185 1018 3247 l,
1038 3187 1081 3246 ta,
1100 3188 1144 3236 55:
1171 3193 1237 3238 recte
1254 3190 1298 3252 so-

208 3275 252 3312 me
267 3259 366 3311 altilem
384 3258 455 3310 illam
473 3257 566 3310 tollere
584 3273 632 3323 pur
649 3264 732 3310 erat.»
771 3268 813 3312 ctu
824 3263 910 3312 omnio
926 3261 1060 3322 aequatio,
1087 3261 1173 3310 σιιιιιὲσ
1191 3268 1298 3323 peccota

208 3335 280 3386 Philo
305 3335 339 3385 de
364 3335 482 3398 prologis
506 3347 534 3398 p.
554 3335 611 3384 237.
633 3335 683 3385 Pl:
705 3329 734 3386 Ὁ
768 3338 849 3401 putto
876 3335 970 3400 (esse);
997 3347 1063 3396 quoe
1085 3348 1143 3384 oum
1166 3337 1299 3401 mcpntflco

209 3405 264 3480 πρὸ
293 3407 346 3459 τοῦ
378 3405 525 3471 στόματος
556 3404 608 3471 τὰς
639 3403 734 3475 duld-
768 3413 855 3475 palmo
880 3411 929 3460 dici
952 3410 1111 3472 uiderentur,
1140 3411 1299 3462 consum

208 3498 296 3546 στοις
329 3477 442 3547 δισιξας
472 3481 628 3547 ἐπιθυμίας
661 3479 735 3534 ἀπό·
771 3488 854 3536 minus
867 3485 1021 3549 mobontw
1038 3499 1122 3535 setosus
1132 3487 1198 3535 enea
1213 3487 1299 3536 cutus-

208 3575 290 3623 σμως
316 3555 518 3630 ἐμφορήσεται
544 3560 595 3608 καὶ
623 3557 659 3609 πα
681 3557 733 3610 τοῦ
772 3573 820 3623 que
835 3566 859 3611 et
874 3565 972 3610 ησιανσ
987 3573 1075 3610 rorum
1091 3565 1166 3622 utque
1183 3561 1240 3622 ipso
1253 3575 1321 3612 σου

208 3632 332 3698 πλησίον
358 3629 549 3684 ἐπισπάσεται
564 3631 624 3683 κτλ.
656 3635 734 3699 Apud
771 3637 836 3686 ritus
863 3635 991 3684 ctomaoot
1019 3635 1215 3696 quodammodo,
1247 3647 1299 3683 ιιοιι

208 3709 315 3760 Lucian.
336 3710 403 3759 Tim.
425 3707 467 3759 et.
488 3707 662 3772 philosophus
685 3721 736 3772 pa·
768 3710 961 3773 posseudduct,
979 3709 1090 3758 adiutor
1105 3719 1148 3756 oue
1163 3720 1216 3766 res,
1235 3719 1299 3768 coos

208 3783 282 3833 rasiti
305 3785 395 3846 portes
418 3795 515 3846 agens:
544 3780 735 3854 προαρπάζων
771 3785 835 3833 Zeno
863 3787 1035 3844 exaequaret,
1064 3781 1127 3829 ιιιἸιιῚ
1154 3781 1296 3839 ίιιισνιιιιις

207 3851 306 3929 ὥσπερ
330 3859 437 3920 ἰκτῖνος
456 3853 494 3907 τὰ
514 3851 582 3923 ὄψα
602 3855 662 3907 κτλ.
703 3859 735 3909 ut
772 3871 842 3923 quae
860 3856 943 3907 verba
960 3856 1018 3920 ipsa
1036 3857 1184 3906 Dtiulzerus
1198 3855 1298 3905 obver-

208 3933 280 3996 quod
307 3934 350 3983 hic
375 3933 550 3997 significatur,
578 3935 658 3984 etlam
684 3935 735 3996 Sy·
772 3935 830 3984 sata
848 3945 908 3983 esse
926 3931 1049 3996 opinatur
1065 3931 1174 3994 poetae,
1202 3943 1297 3982 verum

208 4009 282 4058 nesio
305 4009 380 4058 Narr.
399 4011 463 4070 Aeg.
482 4021 509 4072 p.
533 4008 574 4058 3².
594 4007 673 4058 Krsb.
692 4009 735 4058 est
772 4009 794 4058 is
812 4009 883 4058 hunc
900 4007 1048 4056 Stoicorum
1069 4004 1157 4054 locum
1175 4018 1298 4056 commu-

207 4077 397 4145 ἀπαιδευσίας
418 4079 523 4132 κανών,
544 4111 572 4120 -
593 4083 644 4146 fide
665 4083 734 4132 anti-
771 4095 834 4134 nem
857 4095 922 4132 sane
945 4082 998 4130 iam
1020 4081 1131 4130 Athenis
1148 4081 1297 4130 sexcenties

207 4158 285 4220 quior
303 4157 387 4208 torma
405 4157 486 4208 dativi
503 4169 552 4222 pro
571 4159 637 4222 fidet.
673 4157 732 4208 vid.
771 4156 901 4206 audierat.
923 4183 949 4191 —-
969 4153 1094 4218 todorum]
1117 4147 1296 4224 «oinopotlos,

207 4233 241 4281 od
260 4231 352 4292 Ode,
371 4233 400 4291 7,
419 4231 444 4282 l.
465 4259 492 4268 —
511 4231 733 4297 spuuwnjvarro
772 4245 826 4282 non
854 4229 911 4280 sine
940 4230 1057 4293 quodum
1085 4228 1206 4280 molestia
1234 4241 1298 4278 sen·

208 4308 235 4356 L.
256 4307 285 4356 L.
303 4307 333 4368 u,
352 4305 398 4355 to:
416 4306 596 4370 Appeuooatur
612 4311 635 4358 et
653 4319 733 4370 peote-
770 4308 851 4366 tiunt,
875 4317 957 4368 quam
974 4305 1107 4356 contraria
1124 4303 1159 4354 sit
1178 4303 1297 4366 ipsorum

1412 3581 1425 3618 b
