3174 4974
272 442 334 506 636
630 443 996 520 uoaarrrnrrsromaun

315 599 443 668 Rettulit
464 609 629 686 acceptos
652 599 761 687 regale
784 599 954 674 nomisma,
978 598 1151 686 Philippos.

315 721 380 788 Sed
402 721 498 788 veluti
521 730 653 788 tractata
674 731 783 788 notam
803 720 975 807 labemque
998 720 1161 786 remittunt
1300 721 1367 786 235

314 847 509 922 atramenta,
534 843 601 910 lere
623 844 798 930 scriptores
821 842 963 909 carmine
986 841 1081 908 foedo

316 965 491 1052 Splendida
513 949 595 1033 iacta
615 963 726 1030 linunt.
771 963 860 1030 ldem
882 984 940 1030 rex
962 960 1029 1038 ille,
1053 970 1169 1050 poema

314 1089 376 1168 Qui
399 1097 464 1155 tam
485 1086 655 1154 ridiculum
677 1095 741 1152 tam
763 1105 838 1152 care
860 1083 1016 1172 prodigus
1038 1084 1128 1161 emit,

315 1209 426 1276 Edicto
449 1209 561 1286 vetuit,
586 1207 722 1294 nequis
745 1227 781 1272 se
803 1216 933 1292 praeter
953 1205 1086 1294 Apellen

315 1332 464 1419 Pingeret
486 1340 540 1396 aut
562 1328 643 1396 alius
666 1327 808 1416 Lysippo
831 1327 966 1401 duceret
987 1347 1064 1393 aera
1300 1331 1367 1396 eto

338 1491 396 1543 23l.
414 1489 570 1541 omnienud
588 1489 694 1547 noster,
713 1489 838 1550 quattuor
849 1487 990 1548 Schmidii,
1010 1489 1039 1538 C.
1060 1488 1098 1550 (Ut
1109 1501 1171 1544 nos.
1191 1491 1273 1540 celeri
1285 1504 1331 1540 no-

306 1567 366 1627 stri,
385 1567 466 1618 etiem
482 1565 522 1626 E.)
537 1592 564 1602 -
583 1563 640 1613 2³9.
659 1562 760 1625 Apellen
771 1561 844 1620 bSE,
863 1566 974 1625 quertm
991 1562 1118 1614 Schmidii
1136 1567 1163 1614 et
1179 1563 1328 1616 Bentleius:

304 1642 414 1704 Apellem
430 1640 566 1694 LCtFllle.
588 1666 614 1675 -
634 1637 692 1690 ato.
711 1638 810 1688 cuderet
825 1638 860 1688 de
879 1637 998 1688 Lambini
1016 1639 1084 1690 coni.
1103 1637 1247 1690 Bentleius.

274 1777 461 1843 Dilleuburger
472 1780 656 1830 edertrlusou.
668 1778 749 1842 Epist.
759 1777 799 1836 46,
838 1776 910 1828 etde
922 1776 1057 1842 sculptura
1066 1778 1214 1830 rectissime
1224 1779 1364 1840 iudicaret,

273 1853 299 1904 3.
317 1854 351 1903 ad
368 1852 500 1904 Probum:
526 1855 636 1914 eumque
653 1867 697 1916 epo
713 1853 801 1901 imdc-
837 1853 865 1902 in
880 1853 957 1917 poesi
974 1849 1038 1903 nihil
1054 1853 1158 1913 viderit,
1183 1853 1229 1904 uid
1247 1855 1319 1917 quod
1337 1857 1366 1906 in

274 1929 521 1979 intumescentem
538 1929 659 1988 Choerili,
684 1932 712 1976 tu
727 1927 801 1990 ipuo·
838 1928 877 1989 te,
902 1928 1015 1988 Caeser,
1041 1924 1119 1996 longe
1142 1939 1222 1979 secus
1243 1931 1310 1979 est.»
1334 1959 1364 1967 -

273 2016 329 2052 scus
339 2004 548 2066 mupnunimi'tcte
558 2001 708 2052 Aleucndri.
723 2028 750 2036 -
763 2001 802 2048 in-
836 2001 922 2065 uetult]
941 2003 1053 2051 Narrant
1064 2001 1116 2050 hoc
1133 2001 1276 2066 scriptores
1287 2017 1367 2055 com-

274 2079 346 2128 meltis
354 2077 416 2142 cet]
432 2079 601 2141 cnequearle
611 2077 800 2139 nequeoelura
838 2075 938 2142 plures.
965 2074 1028 2126 Plin.
1043 2077 1073 2126 ll.
1087 2078 1118 2126 N.
1131 2077 1156 2136 7,
1173 2076 1204 2126 37
1213 2116 1219 2138 ,
1232 2077 1277 2128 38:
1296 2079 1367 2130 Idem

275 2152 360 2202 bonos
377 2164 472 2202 versus
489 2150 657 2202 lucienlem.»
676 2152 799 2202 Ponrurn.
839 2152 878 2200 ln'c
894 2152 1033 2212 imperator
1049 2151 1142 2210 edicit,
1164 2164 1196 2200 ne
1212 2153 1268 2212 quis
1282 2151 1367 2214 ipsium

278 2251 305 2262 -
319 2226 437 2289 verubus]
456 2225 576 2286 dativus,
595 2228 624 2276 ut
635 2224 709 2276 Ouid.
722 2225 800 2274 Trist.
838 2225 904 2274 clius
924 2237 1001 2286 mum
1022 2223 1117 2285 Apelles
1133 2225 1260 2288 pinperei,
1287 2241 1367 2288 quum

276 2302 301 2360 2,
315 2301 360 2350 l0:
379 2301 511 2361 Acceptum
521 2301 603 2363 resero
613 2299 733 2360 versibus,
752 2311 802 2348 esee
837 2297 977 2361 Pyrpotelee
993 2297 1128 2359 sculperet,
1150 2311 1228 2359 quum
1243 2301 1368 2364 Lysippus

274 2387 370 2424 neren.
391 2375 445 2423 Cic.
463 2388 490 2438 p.
505 2375 589 2424 Deiot.
608 2373 647 2434 43,
661 2373 706 2422 38;
726 2373 802 2434 Quie-
838 2385 871 2422 ec
888 2385 947 2422 uere
960 2373 1067 2422 duceret.
1092 2371 1131 2422 Cl.
1144 2371 1276 2424 Plutarch.
1289 2373 1363 2427 Alex.

276 2454 324 2498 tem
348 2449 478 2498 senectutis
502 2453 631 2510 acceptam
652 2449 730 2511 refert
751 2447 802 2497 cle·
838 2447 862 2498 4.
878 2447 1035 2511 -ApeitemJ
1050 2445 1197 2496 Plio.ll.N.
1211 2448 1251 2508 33,
1267 2449 1363 2510 tuas:

274 2522 381 2571 mediae
398 2526 464 2571 tuce.
479 2549 506 2558 —
525 2522 601 2586 nutis]
620 2521 658 2572 Ci.
670 2524 723 2574 Set.
736 2523 762 2583 2,
775 2522 800 2582 3,
839 2523 929 2572 Omnes
941 2523 1016 2584 peius
1031 2521 1282 2585 pertimesceremque
1293 2531 1366 2586 post-

275 2597 298 2647 8.
316 2623 342 2632 -—
361 2596 469 2660 Rettulit]
493 2596 643 2659 «Acceptum
663 2597 758 2662 referre
775 2599 803 2647 et
839 2608 870 2645 ec
888 2595 1019 2660 (pictores)
1037 2597 1164 2657 superauit
1179 2595 1274 2658 Apelles
1290 2599 1364 2660 Com,

274 2673 301 2720 in
318 2675 447 2733 occeptum
455 2672 551 2734 referre
562 2673 668 2735 proprie
681 2675 723 2722 est
734 2672 802 2723 scri·
841 2671 988 2733 Olympiade
1000 2671 1071 2721 CXII.
1089 2671 1191 2720 Pictura
1205 2671 1284 2733 pluro
1299 2675 1367 2724 solus

275 2745 341 2796 bere
353 2747 380 2796 iu
391 2744 489 2797 tabulis
500 2747 527 2796 te
539 2747 691 2810 occepisse,
708 2759 802 2810 quem·
837 2745 985 2808 propinavit
1002 2757 1080 2806 quum
1095 2747 1170 2795 ceteri
1186 2759 1286 2808 mnnes;
1303 2761 1365 2798 con-

276 2819 424 2872 admodum
440 2833 576 2883 eupensum
591 2822 659 2884 serre
676 2824 718 2872 est
734 2823 802 2872 scri·
839 2820 895 2870 tulit
910 2819 1076 2870 uoluminibus
1098 2821 1173 2869 etium
1190 2822 1272 2884 editis,
1300 2836 1367 2884 quoe

275 2895 341 2946 bere
367 2897 392 2944 te
418 2895 524 2946 dedisse
547 2894 591 2946 vel
613 2896 800 2960 expendisse.»
839 2895 980 2945 doctrinam
996 2907 1052 2944 eom
1068 2895 1201 2945 continent.
1225 2897 1367 2960 Praecipue

274 2969 379 3018 liranus.
395 2995 422 3006 -
441 2971 527 3033 repete
542 2971 674 3035 nomiman]
693 2969 802 3032 egloria·
838 2970 891 3020 eius
911 2970 939 3018 in
960 2973 1016 3019 crte
1031 2974 1147 3019 umectus
1162 2970 1219 3034 prii.
1246 2971 1285 3022 Cl.
1307 2973 1363 3024 Cic.

176 3101 179 3108 ,
275 3045 318 3094 tua
344 3045 386 3094 est
410 3041 453 3093 vel
479 3044 584 3107 gloriari
607 3046 692 3108 potuit
714 3059 744 3096 se
766 3044 801 3094 eb
838 3042 873 3094 de
891 3042 1044 3104 Officia,
1059 3043 1100 3094 40.
1121 3071 1148 3080 -
1167 3045 1233 3094 adm
1248 3046 1365 3111 Lysippo]

275 3116 425 3168 Alexandro
442 3116 625 3182 Φιλιππείους
644 3113 799 3190 στατῆρας,
838 3112 926 3181 ἄλλος
942 3116 1111 3180 Λυσίππου,
1137 3121 1167 3168 ul
1183 3120 1250 3183 Epp.
1271 3121 1299 3180 4,
1318 3121 1362 3182 46,

276 3189 425 3256 Philippeos
438 3207 575 3256 nummos,
588 3195 658 3256 regis
670 3193 757 3256 effigie
769 3207 801 3244 ac
838 3193 884 3243 20:
903 3193 983 3242 ciimn
993 3193 1103 3254 sapiente
1115 3191 1234 3256 donoque.
1254 3193 1317 3246 Plio.
1332 3196 1362 3246 ll.

276 3267 383 3318 nomine
407 3267 523 3330 signatos
540 3281 589 3331 pro
605 3267 728 3318 versibus
746 3269 801 3319 suis
839 3270 870 3318 N.
883 3265 925 3328 34,
937 3267 967 3328 8,
988 3267 1031 3317 ⁴9:
1050 3267 1199 3318 Stctucrioe
1215 3269 1268 3318 mli
1280 3271 1365 3331 pluri·

276 3342 439 3404 accepisse.»
838 3355 908 3392 mum
933 3342 1045 3392 truditm·
1068 3343 1199 3393 contulisse
1216 3345 1364 3410 (Lysippus)

308 3413 445 3466 aec-alt.
473 3417 628 3481 Ate-umente]
656 3418 801 3482 «cuiusque
838 3415 957 3479 cupillum
968 3417 1146 3480 cepeitnendo,
1163 3418 1250 3480 capito
1265 3419 1365 3468 minora

276 3490 381 3551 generis
405 3490 582 3553 (scriptorium
605 3493 633 3540 et
651 3492 800 3555 pictonum)
837 3491 960 3554 [ocimdm
973 3503 1050 3553 quum
1061 3493 1173 3554 emunt,
1185 3505 1294 3554 corpora
1304 3507 1366 3558 prc-

276 3565 440 3614 contrectata
463 3562 582 3614 maculas
601 3567 729 3616 remittunt
748 3567 800 3630 (pr.
838 3565 929 3616 cillere
945 3565 1114 3628 siccioraque,
1132 3580 1179 3630 per
1196 3579 1261 3629 quoe
1273 3581 1365 3630 proce·

276 3639 348 3688 retro
367 3638 497 3702 mittunt),
516 3637 670 3702 relinquunt
680 3641 707 3691 io
719 3641 803 3691 meoi-
837 3639 902 3689 titus
917 3640 1047 3702 sipnonun
1062 3641 1146 3690 maior
1160 3641 1295 3692 uiderem
1323 3642 1362 3693 Cl.

277 3712 355 3762 hus.»
374 3713 462 3777 {Lubes
478 3714 505 3764 h.
523 3712 542 3763 1.
561 3714 685 3778 macule.)
705 3741 732 3750 —
750 3717 802 3779 sere
839 3713 972 3777 Posidippl
990 3715 1154 3778 epigramma
1171 3717 1198 3767 iu
1212 3717 1290 3767 luth.
1309 3716 1362 3768 Pal.

275 3787 480 3849 scriptumest]
500 3787 803 3854 ‹sicmalipoetaeple
838 3788 871 3838 11.
888 3800 915 3852 p.
930 3788 995 3838 cot:
1022 3785 1166 3852 Αύσιπκε,
1186 3786 1300 3841 πλάσται
1316 3789 1365 3840 Σι-

181 3883 188 3894 ,
276 3873 390 3924 rumque
425 3863 562 3926 inquinant
595 3877 626 3913 ec
660 3863 803 3927 deturpent
838 3858 956 3922 κυώνιε,
977 3861 1126 3934 θαρσαλέη
1144 3865 1221 3936 χείρ,
1238 3863 1365 3916 Adicer-

276 3934 414 3998 preeclera
438 3936 505 3986 lacta
523 3939 604 3988 etiam
621 3937 693 4001 apud
711 3939 801 4001 poste-
839 3941 937 3998 χνΐτα,
964 3935 1022 4009 πῦρ
1046 3954 1093 3990 τοι
1117 3935 1134 3989 ὁ
1160 3937 1270 4003 χαλκὸς
1295 3934 1364 4011 ὁρῇ,

277 4021 347 4059 ros.»
366 4011 404 4060 Ci.
418 4011 483 4075 Epp.
499 4014 522 4072 4,
536 4012 577 4073 43,
591 4011 637 4062 30:
656 4023 728 4074 quern
745 4025 803 4062 cer-
831 4005 882 4061 Ὃν
893 4014 954 4062 κατ’
965 4005 1148 4086 Ἀλεξάνδρου
1159 4012 1279 4086 μορφᾶς
1289 4015 1364 4076 zise·

276 4082 342 4132 sidio
358 4083 452 4134 colmar
469 4087 540 4135 utris.
557 4113 583 4120 —
598 4086 665 4137 ldem
676 4085 737 4150 cet]
756 4087 802 4136 ot·
839 4081 936 4138 οὖκέτι
952 4089 1079 4152 μεμπτοὶ
1089 4087 1216 4159 Πέρσαι·
1236 4087 1366 4155 συγγνώ-

278 4159 350 4207 ctum
376 4158 426 4208 hoc
444 4163 486 4211 est
503 4173 565 4210 cum
587 4158 704 4224 quedam
726 4161 801 4223 quasi
838 4177 880 4226 μη
903 4159 992 4222 βουσὶ
1015 4160 1118 4214 λέοντα
1134 4165 1245 4228 φυγεῖν.
1274 4162 1366 4212 imita-

278 4230 465 4294 admiratiooo,
484 4234 690 4297 quomodo.iieri
705 4237 802 4298 potue·
839 4237 924 4286 tiones
934 4234 1205 4300 AlexandriLysippoi
1213 4236 1365 4285 etiamnunc

277 4306 322 4368 rit,
342 4307 372 4355 nt
388 4306 548 4370 Alexander,
567 4321 628 4359 cum
648 4309 681 4361 de
697 4311 800 4374 pictura
839 4309 1087 4375 exstantescolleglt
1100 4309 1307 4363 mulierosum.
1319 4311 1362 4360 lll.
