3156 4972
623 435 682 486 uu.
702 437 732 486 ll.
767 437 835 488 SAT.
854 438 897 488 lll.

267 592 469 684 Chrysippus
490 593 581 680 ponit
602 592 739 660 secunda
760 593 792 659 in
815 603 910 681 gente
933 595 1069 662 Meneni.

267 717 424 805 luppiter,
449 715 596 802 ingentes
618 715 674 801 qui
696 714 756 781 das
780 713 961 804 adimisque
983 715 1129 793 dolores,

267 839 368 905 llater
388 837 433 903 ait
453 836 547 924 pueri
570 857 699 903 menses
722 836 786 902 iam
807 837 953 926 quinque
975 837 1139 916 cubantis,

269 958 396 1048 Frigida
417 961 446 1024 si
468 979 606 1046 puerum
627 967 786 1046 quartum
806 957 989 1047 reliquerit,
1013 957 1066 1025 illo
1247 961 1311 1029 290

266 1082 358 1148 blane
381 1080 451 1158 die,
474 1101 541 1168 quo
563 1089 597 1146 tu
619 1078 735 1146 indicis
756 1079 890 1157 ieiunia,
913 1079 1020 1148 nudus

268 1203 302 1268 ln
325 1201 430 1270 Tiberi
454 1201 559 1269 stabit.
604 1201 707 1268 Casus
729 1199 917 1268 medicusve
938 1200 1052 1270 levarit

257 1400 323 1462 licb,
343 1402 392 1464 Qut
408 1406 461 1451 loen
476 1397 618 1464 4444444444
643 1399 673 1449 ll.
692 1397 806 1448 Scheibe
823 1399 987 1451 Schneidew.
1006 1400 1097 1453 Philol.
1116 1402 1146 1452 V.
1167 1416 1194 1468 p.
1212 1404 1278 1467 473.)

260 1504 288 1512 -
306 1481 386 1526 morte
403 1475 468 1527 Cod.
487 1475 601 1525 Tonsan.
632 1501 659 1510 -
686 1473 743 1524 286.
761 1473 836 1539 culpo
853 1488 868 1526 c
886 1477 913 1525 et
930 1487 999 1525 corr.
1018 1477 1044 1527 S.
1074 1503 1099 1516 -
1124 1477 1181 1528 292.
1199 1479 1280 1530 medi-

256 1562 349 1612 caeque
364 1548 392 1600 b.

224 1701 351 1765 plurienti
378 1700 515 1750 hominem
546 1699 627 1749 istum
659 1699 749 1748 mente
787 1697 847 1748 lerl.
860 1699 1018 1765 -cubaeticJ
1032 1702 1234 1763 «aegrotantia»
1250 1702 1310 1754 tud.

223 1777 333 1838 captum
351 1787 437 1825 essen
464 1773 530 1834 «Qui
545 1773 665 1824 vendunt
676 1785 750 1822 man·
788 1773 822 1824 ed
839 1775 892 1824 Set.
913 1776 941 1836 4,
960 1775 989 1836 9,
1009 1775 1049 1826 lii.
1070 1804 1098 1813 —
1116 1777 1159 1826 illo
1175 1778 1310 1837 44444444,

224 1850 308 1914 cipia,
327 1847 413 1900 solent
430 1849 481 1898 hoc
494 1846 627 1898 adiicere:
646 1846 751 1897 SANUS
787 1863 836 1912 quo
854 1855 882 1899 tu
901 1849 964 1915 eet]
982 1849 1025 1901 die
1049 1853 1127 1915 igitur
1147 1853 1229 1915 Iovis,
1257 1867 1312 1918 quo

224 1923 369 1976 CORPORE
379 1923 562 1973 ETANlllom
579 1924 673 1972 Poena.
693 1923 747 1972 Cic.
787 1923 910 1976 homiues
927 1924 1083 1988 orientales,
1101 1927 1204 1990 ludaei,
1222 1930 1312 1994 Aegy-

223 1999 259 2050 de
276 1998 350 2050 ome.
371 1999 399 2058 3,
428 1999 470 2059 ⁴7,
497 1998 543 2048 ll:
572 1998 624 2047 Nec
644 2009 704 2046 vcro
723 1997 750 2046 in
786 1999 833 2064 ptli
854 1999 980 2050 ieiunium
999 2013 1107 2052 servare
1125 2004 1153 2053 et
1174 2003 1200 2054 in
1222 2003 1312 2055 llumi·

220 2075 335 2138 praedite
350 2074 431 2122 colum
446 2073 486 2122 ius
495 2071 567 2122 civile
577 2097 614 2108 --
624 2071 749 2122 emlitiem
787 2075 866 2125 nibus
874 2074 996 2138 expiandi
1010 2088 1040 2126 se
1050 2079 1076 2126 el
1088 2077 1218 2140 purgandi
1230 2091 1311 2130 eausa

221 2150 388 2214 {reamque
406 2147 532 2205 44444444;
557 2147 600 2197 sed
623 2147 699 2196 etiem
723 2146 750 2194 in
786 2145 869 2198 lavari
894 2147 1024 2200 solebant.
1069 2151 1143 2202 Coni.
1166 2153 1256 2203 iuven.
1281 2153 1310 2214 6,

222 2224 409 2286 menapiorum
443 2222 581 2272 venditione
615 2220 751 2270 4444444444
786 2223 855 2284 522,
880 2222 927 2272 ubi
948 2223 1046 2274 lemine
1066 2227 1251 2289 superstitiosa
1269 2227 1313 2276 lll-

221 2301 296 2366 frcuc
319 2301 399 2349 444444
422 2297 573 2348 secluditur.
610 2296 658 2357 Qui
685 2295 750 2344 44444
786 2297 889 2347 terram
914 2299 1000 2361 fracte
1026 2299 1107 2362 plocio
1133 2301 1259 2352 4444444444
1284 2302 1312 2352 ic

222 2376 288 2426 coire
298 2373 394 2434 debuit,
413 2373 443 2422 de
453 2372 570 2432 sanitate,
583 2371 613 2420 de
628 2370 702 2434 44444,
720 2370 751 2418 dc
786 2384 898 2432 amnem,
919 2371 964 2422 Ter
979 2375 1104 2424 4444444444
1122 2373 1201 2424 Tiberi
1217 2387 1313 2440 merce·

221 2450 308 2514 4444ιί4,
319 2451 434 2510 praestat
444 2447 523 2496 444444
532 2447 658 2496 mutue.
673 2443 747 2496 Conl.
785 2451 828 2496 tur
839 2451 861 2496 44
876 2447 937 2508 ipsit
953 2447 1089 2498 Vorticibus
1104 2449 1219 2499 4444444444
1235 2455 1313 2512 caput

224 2521 470 2581 eeu.ri.n.t,t,
490 2522 514 2571 4.
543 2522 643 2584 uigeat.
662 2521 689 2570 1..
706 2519 747 2569 tt.
786 2521 875 2571 abluet.
915 2523 998 2585 (lianc
1024 2523 1082 2574 dies
1102 2536 1117 2573 a
1141 2529 1245 2589 septem
1270 2525 1311 2576 dis

222 2598 252 2648 T.
267 2599 296 2648 i:
316 2596 364 2658 Qui
379 2595 640 2657 mancipiacertdunt,
658 2594 750 2644 444444-
787 2597 942 2661 designandi
960 2611 1064 2648 morem
1080 2598 1226 2651 admodum
1239 2613 1313 2652 oom-

221 2685 264 2722 444
289 2672 386 2735 facicm
413 2675 549 2732 4444444444,
583 2670 643 2732 quid
669 2669 750 2720 acerbi
786 2685 897 2723 munem
920 2671 1019 2722 lactum
1043 2685 1103 2724 esse
1120 2674 1192 2738 apud
1214 2675 1312 2725 Rome·

221 2749 327 2808 vitiique
352 2747 442 2807 eique
468 2745 512 2807 sil,
548 2745 604 2806 44444
629 2744 751 2809 sapiliaco
787 2759 835 2796 nos
856 2745 1041 2796 demonstrant
1063 2747 1144 2797 etlam
1167 2745 1260 2798 Tibull.
1281 2751 1310 2808 t,

223 2836 312 2874 444444
337 2822 369 2871 eil
394 2833 494 2871 nomae
519 2820 614 2870 solutus
634 2834 686 2870 444
707 2821 747 2880 cll,
787 2820 813 2882 3,
841 2820 881 2871 ts.
910 2820 959 2870 Dio
981 2820 1055 2871 Cass.
1078 2820 1120 2882 37,
1144 2821 1184 2872 48.
1208 2824 1237 2872 44
1255 2821 1310 2872 vll.

222 2899 358 2959 eodemus
374 2895 470 2956 4444444,
496 2909 554 2944 cem
569 2907 601 2945 ec
621 2895 750 2956 mancipio
787 2895 892 2945 dierum
910 2895 1013 2958 pictura
1031 2895 1192 2958 Pompeiana
1210 2895 1236 2944 in
1251 2895 1313 2945 Hu-

221 2971 352 3032 oeeibuct,
369 2970 459 3032 palem
474 2974 541 3020 recte
557 2971 747 3032 pronamlicnto.
785 2983 826 3019 teo
841 2967 980 3018 Borbonico
995 2968 1039 3020 Xl.
1061 2971 1090 3019 T.
1111 2968 1135 3018 3.
1166 2967 1218 3020 Gir.
1239 2969 1259 3019 l.
1280 2969 1310 3020 C.

223 3045 468 3110 Coni.Epp.2,2,
488 3044 534 3094 ld:
559 3045 611 3094 Dec
625 3057 749 3107 dumetae,
787 3044 856 3094 llere
874 3057 906 3092 ce
929 3043 968 3092 llte
983 3055 1071 3092 4444444
1092 3042 1180 3106 ostie
1200 3045 1263 3105 4444
1287 3042 1317 3105 es

223 3127 361 3185 eeeeptc
376 3120 515 3172 4444444444·
529 3120 594 3186 depo
610 3121 703 3172 laedat.
719 3147 747 3158 -
786 3119 826 3168 4444
851 3116 919 3166 meet
945 3117 973 3165 in
999 3117 1161 3181 Pltilolcpicol
1188 3119 1310 3168 4444444444.

222 3201 275 3250 lloc
303 3211 328 3260 4.
351 3195 452 3260 colpus]
483 3195 748 3260 «superstitiosorum
787 3190 935 3255 6444444444
952 3189 1024 3245 toti.
1043 3189 1074 3253 1.)
1094 3217 1122 3226 -
1140 3191 1313 3256 monicula-

222 3271 447 3324 multitudinem.»
459 3295 487 3306 -
501 3269 660 3334 0444444444]
673 3271 748 3322 coni.
786 3267 844 3331 gnis
861 3265 888 3316 in
905 3263 1098 3315 calamitatibus
1116 3266 1312 3329 asuperstilio·

222 3349 278 3399 Set.
297 3347 325 3409 4,
352 3345 382 3406 3,
410 3344 458 3394 ree
483 3357 524 3408 sq.
545 3369 573 3382 -
591 3346 700 3408 [444444
723 3347 751 3395 ie
786 3343 823 3394 sis
840 3341 920 3392 etiem
936 3339 1006 3390 inter
1022 3337 1134 3402 gentiles
1144 3339 1242 3390 ieiunia
1252 3352 1313 3391 ser-

221 3421 308 3489 444444]
339 3419 527 3484 seccttbcre
554 3420 748 3484 Sippecltost.
785 3417 847 3466 veta
869 3427 930 3466 esse
951 3415 1064 3464 testetur
1084 3413 1260 3466 Tertullianus
1277 3413 1311 3465 de

222 3497 302 3548 Voss.
329 3521 356 3532 -
381 3494 486 3558 lemme]
512 3493 627 3546 hominis
649 3495 748 3557 insani,
785 3491 886 3541 lelunie
908 3490 957 3540 te:
987 3489 1049 3539 Cam
1069 3493 1150 3552 4444444
1171 3490 1268 3540 codun
1290 3494 1314 3539 el

222 3575 289 3623 tunc
308 3568 433 3620 omnibus
454 3567 525 3618 bene
548 3569 612 3620 noti.
647 3570 752 3621 «liene-
786 3571 843 3616 oret
858 3577 953 3626 444444,
979 3564 1141 3627 4444444444
1160 3564 1312 3614 4444444444-

223 3647 285 3698 nlus
307 3645 357 3695 luil
380 3641 429 3693 illis
453 3641 619 3707 temporibus
641 3644 751 3695 insanus
786 3639 1030 3698 tur,···lucloioum
1046 3644 1112 3689 certe
1127 3637 1313 3688 4444444444αὸ4-

223 3719 266 3772 441
284 3721 358 3771 oerte
375 3716 511 3783 plebeius,
534 3719 580 3782 qui
596 3717 681 3768 videri
699 3733 750 3769 ve-
787 3729 834 3779 pue
850 3715 998 3766 4444444444.
1019 3741 1047 3750 -
1066 3714 1144 3764 dcem
1160 3711 1222 3777 eet]
1242 3713 1312 3764 «Etsi

222 3795 272 3848 luit
287 3808 303 3844 a
320 3793 456 3854 Menenio,
476 3793 656 3855 quisenatum
668 3795 752 3858 etpo-
787 3791 900 3842 tortasse
921 3801 1000 3840 cesus
1020 3788 1176 3839 medicusve
1196 3799 1313 3851 puerum

198 3913 206 3922 .
222 3867 318 3935 pulum
334 3869 362 3918 in
376 3867 486 3930 gretiam
500 3867 613 3918 reduxit.
625 3893 642 3904 -
651 3893 666 3905 -
678 3868 750 3920 Unde
788 3878 821 3915 ex
843 3866 902 3928 ipso
924 3864 994 3914 vitae
1017 3859 1137 3926 periculo
1160 3861 1312 3924 eripuerit.»

222 3942 362 3995 lleneniae
390 3941 509 4003 (Comen.
536 3941 616 4006 Gruq.
639 3941 750 3994 ridicule
787 3941 838 3990 Ant
854 3937 991 3989 contendit
1001 3937 1092 3986 Latirm
1105 3935 1156 3986 dici
1167 3947 1220 3985 non
1231 3948 1313 4000 posse

222 4017 322 4080 4444444)
361 4013 486 4066 stultitiae
522 4015 566 4066 vel
603 4017 750 4082 ineptiae.»
787 4014 872 4076 444444
888 4027 921 4064 ee
936 4012 1026 4074 alipta
1040 4023 1070 4061 rc
1089 4021 1141 4060 neo
1163 4009 1246 4059 444444
1263 4009 1314 4060 cli-

224 4095 319 4144 Poera.
356 4091 556 4143 «aeneatorum
581 4089 678 4142 tamdia
704 4091 753 4143 fuit
788 4086 1031 4152 ccemlmorboleo
1044 4085 1194 4148 praecipiti,
1213 4084 1313 4136 ideirco

223 4165 435 4231 superstitiosa.»
465 4167 548 4216 Aeno.¹
788 4159 1029 4228 interpungendum
1047 4171 1122 4212 esse:
1142 4160 1220 4212 04444
1233 4161 1314 4210 44444-

256 4239 384 4292 tue-tte.
414 4238 534 4302 luppiter]
561 4237 681 4290 Alterum
705 4253 752 4292 su·
787 4251 861 4290 44444
876 4237 982 4300 evadi,
1008 4236 1118 4302 4444444
1133 4236 1315 4299 eeprcedpiti

224 4314 386 4379 perstitionis
406 4315 516 4368 insanae
538 4311 691 4380 exemplum
711 4313 752 4367 al·
787 4318 870 4366 mater
887 4311 1315 4376 dellrcceccbilnsebimcucre-
