3090 4974
567 454 626 505 LIB.
647 455 676 505 44.
712 455 810 506 ΕΡΙΒΤ.
830 456 860 506 44.

214 610 399 678 silvestrem
423 607 558 676 4444444444
580 620 613 676 44
634 610 718 676 44444
740 610 862 696 mitiget
883 631 1010 698 agrum,

214 733 281 800 Scit
301 731 435 806 Genius,
459 729 564 798 natale
584 749 694 797 eomes
717 732 772 817 qni
806 742 963 819 temperat
983 743 1118 810 astrum,

213 856 351 920 Naturae
373 852 455 919 deus
477 851 652 928 humanae,
683 851 824 918 mortalis
846 853 878 919 in
900 875 999 920 uuum
1078 888 1086 906 ·

150 970 154 986 '
213 973 375 1062 Quodque
397 983 508 1061 eaput,
534 971 621 1040 voitu
644 972 817 1049 mutabilis,
849 972 943 1042 albus
965 983 998 1040 et
1018 984 1097 1042 ater.

213 1095 289 1164 Utar
309 1104 343 1162 et
362 1115 403 1162 er
428 1094 571 1170 modico,
594 1104 750 1182 quantum
771 1115 825 1162 res
852 1103 980 1182 poscet,
1004 1116 1122 1164 acervo
1196 1098 1258 1163 490

238 1268 294 1317 490.
317 1265 427 1330 moion]
453 1268 533 1317 44444444
551 1265 615 1317 Cod.
635 1265 805 1315 Lovauieusis
822 1267 850 1315 44
866 1264 992 1315 8444444444
1010 1265 1072 1316 duo.
1099 1265 1223 1329 (utros,

206 1345 288 1393 nostri
305 1343 333 1392 44
349 1341 483 1403 444444τί4.)

171 1492 276 1556 ustam]
302 1483 411 1562 ἄστρον
427 1487 586 1558 γενέθλιον,
613 1489 696 1540 horo-
732 1487 786 1540 ieto
804 1489 874 1540 fatali
891 1491 1066 1554 exstinguitur
1081 1492 1176 1555 homo,
1200 1495 1258 1545 eius

172 1579 298 1631 scopum,
323 1580 377 1630 qun
394 1567 524 1630 cuiusque
542 1566 594 1616 vita
612 1567 639 1616 44
655 1567 696 1616 vi·
733 1565 831 1614 Genius
850 1565 921 1615 redit
937 1567 963 1616 in
981 1568 1086 1628 lovem,
1109 1568 1136 1618 id
1154 1571 1207 1632 444,
1232 1571 1257 1619 iu

172 1641 341 1694 cissitudines
375 1640 583 1704 praefiniuntur;
617 1640 695 1690 huius
733 1637 871 1688 aetherem
896 1653 920 1690 s.
946 1641 1063 1692 animam
1089 1643 1198 1704 mundi,
1225 1657 1259 1694 ex

172 1717 263 1766 autem
279 1715 332 1764 vim
351 1717 483 1778 quatenns
497 1715 585 1777 potest
596 1715 697 1775 mitigat
733 1725 786 1775 qua
803 1717 986 1776 processerat,
1006 1718 1035 1765 ut
1050 1715 1152 1766 homini
1165 1719 1192 1768 et
1203 1719 1259 1768 nni·

173 1792 253 1853 etque
270 1791 297 1839 in
314 1787 409 1840 meiius
426 1789 509 1838 flectit
519 1789 626 1838 Genius.
653 1787 696 1836 44-
733 1799 805 1836 mam
823 1789 850 1836 et
866 1789 947 1838 vitam
965 1786 1041 1838 daret
1058 1803 1175 1854 eumque
1192 1793 1260 1841 44444-

172 1863 279 1924 444444,
296 1865 325 1924 44,
344 1864 392 1912 te:
410 1864 441 1914 At
457 1869 498 1922 tu,
516 1861 617 1912 Natalis
633 1876 697 1924 qno-
732 1862 818 1920 retur‚
846 1859 931 1911 donec
958 1863 984 1912 in
1002 1864 1068 1913 vivis
1091 1869 1171 1914 esset.
1201 1867 1258 1916 444-

172 1939 312 1988 „tantm
324 1937 608 1997 emmerammum.
628 1937 697 1986 «No-
732 1933 807 1984 orob.
826 1937 932 1986 satum.
952 1937 982 1998 4,
1000 1938 1043 1990 4οε
1061 1939 1259 1992 444444444444444

172 2013 242 2075 tuiis,
260 2012 349 2074 idem,
373 2012 419 2075 qui
436 2011 548 2072 Genius,
566 2010 599 2062 44.
616 2011 647 2071 4,
665 2012 694 2070 4,
733 2010 833 2071 antiqui
855 2011 955 2060 44444444
976 2013 1141 2062 4144444444
1158 2019 1180 2064 et
1196 2029 1258 2064 rur·

173 2088 214 2137 i.»
231 2088 331 2136 Drsssr.
364 2085 509 2136 Menander
525 2099 550 2150 p.
570 2083 627 2136 403.
645 2085 694 2134 444
732 2097 774 2132 stu
796 2089 852 2145 pest
876 2089 982 2134 mortem
1006 2087 1084 2136 4444444
1108 2089 1186 2138 reddi.
1217 2089 1256 2140 Ci.

167 2153 281 2210 ’Ἅπαντι
309 2157 420 2226 δαίμων
444 2156 527 2229 ἀνδρὶ
551 2160 696 2228 consupi-
733 2159 797 2221 Epp.
817 2159 846 2218 4,
865 2159 893 2218 4,
911 2158 973 2210 tit:
1001 2161 1107 2210 Genium
1125 2175 1259 2214 metuerent

172 2249 275 2286 σταται
298 2229 397 2298 noete
416 2235 562 2301 γενομένῳ
584 2247 696 2299 puera-
733 2231 813 2281 4444444
829 2233 893 2281 aeui.
923 2234 1032 2284 Cautius
1050 2238 1078 2285 et
1088 2236 1214 2298 timidius,
1230 2241 1260 2290 ut

172 2307 266 2378 γωγὸς
285 2307 338 2362 τοῦ
359 2309 427 2372 βίου
442 2305 577 2378 Ἀγαθός·
604 2304 696 2360 κακὸν
733 2306 769 2354 ita
787 2305 890 2365 dicam,
916 2307 1023 2358 Horatio
1044 2309 1206 2362 Censorinus
1226 2311 1257 2372 3,

172 2381 228 2456 γὰρ
252 2380 363 2450 δαίμον’
386 2380 421 2436 ori
442 2385 597 2450 νομιστέον
612 2379 696 2434 Εἶναι
734 2381 758 2430 44.
786 2381 893 2442 Getrinas,
919 2382 1015 2445 inquit,
1035 2383 1067 2432 44
1082 2390 1154 2436 utero
1169 2387 1260 2436 44444444

172 2460 239 2521 litor
255 2457 421 2521 βλάπτοντα
437 2457 574 2531 χρηστόν.
596 2461 626 2510 D.
644 2461 695 2510 La-
733 2460 847 2518 acceptos
876 2457 910 2506 444
938 2463 1078 2510 4444444444
1102 2461 1170 2510 vitoe
1194 2461 1259 2512 444444

171 2535 264 2586 bertus
274 2535 360 2586 0444444
372 2549 398 2600 p.
411 2536 473 2585 444ε
488 2537 588 2597 centur,
600 2535 698 2599 94444444
733 2531 875 2580 renitatur.
902 2532 1077 2597 Nequaquam
1098 2535 1176 2598 igitur
1196 2549 1259 2586 eum

171 2611 249 2660 4444444
263 2623 365 2672 parens.
389 2611 490 2661 seneca
502 2611 583 2674 Epist.
597 2610 654 2668 440,
665 2611 694 2658 t:
734 2603 815 2654 nobili
833 2604 986 2669 mythologo
1002 2605 1146 2670 legendum
1162 2612 1203 2661 est
1213 2611 1259 2658 4444-

172 2685 266 2748 Sepooe
282 2687 309 2734 444
327 2685 487 2748 4444444444,
513 2697 579 2746 quoe
595 2684 697 2746 quibua-
733 2682 847 2730 444444444
867 2685 979 2745 propter
1001 2683 1083 2734 verba
1100 2684 1202 2747 44444444
1224 2685 1258 2735 de

172 2761 698 2823 omniaomuoieoioueooatrumpoe·
735 2755 790 2804 Deo
808 2756 882 2804 Socr.
901 2768 925 2806 4.
943 2757 990 2805 tn:
1017 2757 1039 2806 44
1062 2759 1133 2818 deur,
1160 2760 1204 2820 qui
1224 2765 1259 2809 444

172 2837 465 2900 monendomum,
482 2847 533 2883 non
547 2834 698 2894 euidenter·
734 2829 834 2878 44444444
854 2843 914 2878 auru
929 2829 1029 2890 44444444,
1056 2843 1211 2892 quamquam
1227 2834 1259 2884 444

172 2911 315 2971 mermi,
341 2911 384 2960 4444
399 2910 464 2958 4444444
480 2908 697 2970 inferioritatem
733 2903 891 2964 mutatu,
904 2907 997 2964 44444444,
1009 2905 1259 2965 nomannorum

172 2999 205 3035 44
220 2998 309 3035 eorum
323 2997 442 3043 4444444444,
461 2995 523 3044 ortos
539 2981 641 3030 04444444
660 2981 697 3030 eit
733 2977 830 3026 4444444
857 2978 984 3040 aientium
1019 2976 1113 3030 4444444
1144 2978 1258 3034 Platonis

140 3059 388 3142 ,3.44444444444444
408 3059 535 3120 Origenes
550 3055 611 3106 adv.
625 3053 695 3105 Cels.
734 3050 914 3116 Phaedouep
926 3053 983 3102 404.
997 3052 1259 3106 insinuarentur

140 3105 199 3184 'a
217 3147 242 3198 p.
260 3134 317 3186 464.
341 3134 377 3182 D:
405 3126 548 3196 Ἐλλήνων
570 3129 624 3195 μὲν
643 3119 696 3179 οὖν
733 3126 765 3176 N.
784 3125 908 3188 p..88-
880 3127 1060 3190 -444444444441
1079 3129 1138 3182 «Uti
1154 3129 1258 3180 vicissi-

173 3207 203 3256 οἱ
218 3208 311 3270 σοφοὶ
327 3204 487 3272 λεγέτωσαν
502 3201 643 3268 δαίμονας
659 3205 697 3252 44-
734 3199 840 3251 tudines
860 3199 1024 3263 singolorum
1041 3200 1192 3252 mortalium
1208 3217 1258 3254 va-

173 3279 292 3347 ληχέναι
316 3275 369 3346 τὴν
389 3274 574 3352 ἀνθρωπίνην
593 3273 696 3342 ψυχὴν
733 3274 814 3335 riaut,
832 3275 891 3323 444
884 3287 942 3339 ipse
954 3288 1061 3339 quoque
1078 3275 1108 3326 flt
1118 3275 1161 3328 vel
1172 3277 1257 3330 144444

172 3351 388 3423 ἀτὰγτνέωως.
402 3355 441 3406 Ci.
452 3355 500 3404 0d.
508 3355 533 3414 4,
543 3354 585 3414 44,
596 3354 694 3417 44444.
733 3347 776 3399 vei
799 3351 933 3410 maestus,
959 3348 1002 3400 vel
1024 3351 1095 3400 444444
1117 3348 1193 3414 (istiu)
1214 3351 1257 3402 vei

175 3457 203 3468 -
226 3433 341 3480 Naturae
358 3429 420 3494 oet]
446 3429 533 3480 «deus
556 3429 694 3492 cuiusque,
732 3428 788 3474 ater
805 3425 990 3486 (aerumnosus
1001 3427 1028 3474 44
1044 3423 1167 3488 inielixi.»
1185 3425 1258 3475 444444-

173 3505 218 3568 qui
235 3505 381 3554 humanum
398 3505 506 3554 sortitus
521 3505 563 3554 444
573 3505 697 3552 naturam
733 3509 778 3548 me
794 3497 965 3561 4430440444
982 3501 1024 3550 est
1040 3499 1073 3550 de
1091 3496 1161 3549 maio
1174 3499 1257 3548 Genio

173 3591 195 3629 4.
213 3581 260 3643 qui
276 3579 357 3629 homo
374 3581 452 3630 natus
469 3580 536 3630 est·
567 3579 642 3628 Serv.
661 3577 696 3627 ad
733 3578 800 3634 atro,
814 3585 902 3636 neque
914 3585 977 3624 oum
989 3571 1045 3624 aliis
1057 3572 1255 3636 explicaverim:

173 3653 219 3704 Ge.
233 3655 263 3714 4,
276 3653 338 3703 44044
357 3652 698 3712 6444444444444444444444444
734 3649 841 3710 «Albos,
866 3649 882 3698 i.
901 3661 944 3708 e.,
968 3648 1038 3698 4444444
1056 3649 1111 3708 444,
1129 3647 1152 3698 44
1170 3647 1257 3697 homi-

172 3728 316 3778 444444444444
340 3727 412 3777 44444444
435 3727 630 3788 uniuscuiusque
650 3727 697 3778 4444
734 3737 797 3774 nem
808 3722 890 3774 habet
902 3720 1087 3783 obedientem,
1102 3725 1170 3788 4444,
1189 3721 1205 3770 4,
1220 3735 1255 3784 4.,

172 3803 212 3852 oei
230 3803 269 3852 rei
289 3807 335 3852 aut
356 3801 469 3851 4444444444.
490 3825 517 3838 -
536 3801 651 3851 mortuus
670 3801 697 3850 444
733 3798 831 3857 iratus,
849 3797 872 3846 44
889 3807 994 3846 aecus.»

172 3877 365 3940 moneantque
393 3875 481 3939 4444444]
510 3875 557 3925 «in
580 3873 697 3937 singulos
767 3871 887 3922 440-498.
908 3869 1044 3933 vernet]
1062 3867 1257 3920 «Libereiruar

174 3952 308 4011 homiues,
332 3949 477 4000 4444444444
495 3950 540 4013 (tr
553 3949 624 4010 44444
643 3948 697 3998 4444-
734 3943 847 3996 modicis
858 3945 925 3996 meis
937 3942 1114 4004 facultatibus,
1126 3945 1257 4005 quantum

173 4026 242 4076 44444
257 4027 368 4088 Horret.»
386 4025 462 4075 Voss.
488 4023 607 4074 4444444444
622 4021 698 4084 Krefl
734 4031 848 4069 neeesse
865 4022 906 4069 est
923 4031 955 4069 ex
972 4020 1004 4070 iis
1021 4017 1178 4078 absumens,
1204 4029 1256 4068 nou

172 4101 200 4150 444
210 4099 484 4158 444444444444444444,
500 4095 697 4159 444414444444444
733 4095 764 4141 ut
780 4105 840 4142 mea
857 4092 1024 4156 disperdam
1049 4105 1108 4142 44444
1124 4092 1195 4143 enim
1212 4105 1257 4142 ra-

173 4173 293 4225 44444444.
312 4171 419 4225 Merkel.
446 4173 494 4222 Dio
511 4169 696 4233 chrysantus
735 4165 798 4216 444444
811 4169 1008 4218 consentaneus
1019 4168 1073 4226 est,
1091 4179 1144 4217 nou
1155 4165 1256 4223 44444444,

174 4249 265 4312 Regno
275 4249 319 4299 or.
332 4248 356 4298 4.
370 4259 396 4312 p.
410 4245 467 4297 404.
480 4247 522 4297 444
542 4239 697 4308 ὁδαίμων-
734 4239 828 4301 idest,
847 4240 967 4292 omnium
979 4241 1174 4304 consumptio·
1191 4239 1254 4301 [cie.

173 4319 267 4386 μόνον
283 4319 336 4374 τοῦ
355 4316 485 4384 4χοντος.
513 4319 617 4372 Etenim
635 4331 697 4370 eum
734 4317 797 4379 Top.
811 4315 841 4376 3,
858 4315 910 4379 44.)
930 4341 957 4352 -
975 4327 1009 4366 ee
1024 4315 1257 4366 modim-oceno
