3022 4984
330 442 393 510 776
659 485 662 492 .
815 439 944 491 44444444

372 602 521 687 Occupet
542 607 721 664 extremum
744 595 888 675 scabies;
911 594 988 661 mibi
1011 604 1104 681 turpe
1127 592 1266 678 relinqui
1289 602 1334 657 est

371 723 423 797 Et,
448 719 537 808 quod
561 739 625 786 non
647 718 760 793 didici,
785 737 864 784 sane
888 717 1013 784 nescire
1036 716 1136 782 lateri.

371 843 410 910 Ut
432 861 565 929 praeco,
590 840 630 906 ad
654 859 780 906 merces
802 839 929 904 turbam
951 838 1007 924 qui
1030 837 1116 924 cogit
1137 835 1309 908 emendas,

371 965 595 1030 Assentatorcs
618 961 706 1028 iubet
728 959 768 1026 ad
790 959 916 1026 lucrum
939 959 986 1025 irc
1009 965 1105 1046 po'ete
1349 953 1396 1018 444

369 1085 467 1151 Dives
495 1083 595 1170 ogriS,
619 1082 711 1148 dives
732 1082 847 1170 positis
870 1081 902 1147 in
924 1081 1036 1147 fenore
1057 1079 1206 1146 nummis.

371 1206 408 1286 Si¹
427 1225 506 1272 vcro
529 1215 594 1281 est,
619 1213 750 1270 unctum
773 1203 827 1290 qui
851 1211 939 1269 recte
961 1221 1085 1289 ponere
1108 1201 1211 1288 possit

369 1328 408 1394 Et
429 1323 591 1413 spondere
614 1323 676 1392 levi
700 1345 758 1412 pro
781 1344 925 1411 paupere
946 1333 979 1390 et
1000 1323 1127 1411 eripere
1150 1323 1230 1389 atris

394 1523 451 1575 447.
469 1523 578 1584 relinqui
595 1522 695 1572 omisso
713 1520 829 1572 est138d.
850 1523 898 1583 ,(44
916 1521 935 1570 E
953 1533 1080 1571 versuum
1097 1519 1142 1570 444
1155 1519 1239 1570 -434,
1255 1519 1376 1584 posterior

361 1610 424 1661 pers
440 1598 525 1648 reciso
544 1597 605 1658 est.)
619 1621 647 1634 -
668 1595 725 1646 449.
746 1595 783 1659 ut]
801 1596 834 1646 444
850 1597 888 1646 448
906 1597 968 1658 (nou
985 1595 1098 1658 ETbcd).
1113 1623 1140 1630 -
1159 1594 1218 1646 440.
1237 1597 1273 1646 ud
1288 1596 1375 1644 4444444444

362 1671 428 1722 4444444
443 1670 516 1722 Rbcd
536 1672 598 1734 (nou
615 1673 670 1733 87].
691 1699 718 1708 -
738 1670 795 1722 444.
815 1673 872 1734 apri
889 1671 908 1720 B
927 1671 988 1733 (444
1003 1669 1134 1732 4487444444.
1150 1697 1177 1706 -
1197 1668 1257 1722 444.
1276 1671 1375 1720 tamena

362 1747 392 1796 B.
413 1773 440 1782 —
459 1751 524 1797 recte
541 1747 584 1806 qni
601 1757 670 1796 unus
683 1745 805 1808 Cruquii‚
825 1745 999 1808 Cuningbem.
1016 1771 1042 1780 -
1061 1745 1134 1795 4444444
1150 1745 1179 1796 Β.
1195 1769 1224 1782 -·
1246 1743 1303 1796 443.
1321 1744 1376 1792 utris

333 1912 497 1976 galsbergeri
515 1915 605 1964 autem
623 1916 651 1962 et
670 1903 773 1962 schellii
790 1913 858 1961 Num
893 1917 951 1970 cta,
976 1923 1056 1961 «sane
1074 1923 1118 1962 ma
1136 1912 1243 1962 nescire
1261 1911 1367 1970 nteor,·
1381 1909 1400 1956 in

331 1987 559 2050 languidissimum
583 1987 666 2036 eldcit
689 1981 856 2046 ἀσύνδετον,
894 1984 1030 2048 obliquam
1045 1984 1192 2041 denarum.

332 2073 413 2124 quam
425 2063 535 2125 propter
545 2060 675 2110 rationem
686 2060 857 2110 reiiciendam
926 2057 1047 2110 tta-tas.
1077 2059 1185 2124 444444]
1208 2059 1323 2110 «Verum
1337 2069 1401 2122 prue-

332 2134 447 2184 arbitror
473 2135 553 2184 etiarn
579 2132 720 2183 lectionem
745 2134 857 2182 veritate
893 2135 935 2182 ter
955 2132 1150 2202 permultorum
1172 2131 1309 2184 levitatem
1326 2136 1350 2184 et
1367 2144 1401 2182 so-

331 2210 439 2260 44444444
462 2209 581 2272 proxime
606 2206 781 2257 accedentem
802 2207 859 2255 Non
894 2207 1013 2257 cordiam
1031 2206 1058 2256 iu
1075 2206 1170 2258 studiis
1182 2206 1296 2271 poeticis
1306 2205 1401 2256 alterum

333 2285 383 2332 cet.
413 2283 538 2332 Ceterum
558 2283 663 2332 inanem
679 2282 857 2344 arrogantiam
894 2293 1001 2344 quoque
1020 2279 1167 2344 periculum
1188 2281 1340 2332 minitantur
1354 2285 1402 2345 po'r·

333 2354 478 2407 multorum
505 2359 593 2415 notat,
620 2356 665 2418 qui
682 2356 858 2419 semetipsos
893 2357 926 2404 tls
947 2354 1077 2418 imprimis
1098 2353 1277 2420 locupletibus
1300 2357 1402 2406 assente-

333 2441 382 2495 pro
400 2428 502 2478 eximiis
519 2431 605 2492 poetis
617 2427 746 2489 habeant,
765 2440 859 2492 quam·
894 2430 1071 2491 torumatque
1082 2427 1250 2479 adulatorum
1262 2427 1402 2493 greges.qui

332 2504 373 2552 vis
391 2504 477 2551 artem
495 2503 604 2552 minime
617 2502 771 2560 didicerint;
790 2515 858 2552 neu·
893 2505 1019 2566 patronos
1037 2515 1101 2554 suos
1118 2502 1190 2554 444444
1207 2500 1330 2554 laudibus
1343 2501 1403 2552 deci·

332 2577 435 2640 tiquam
452 2589 516 2627 vero
534 2579 637 2626 eertum
659 2575 775 2640 aliquem
793 2587 857 2626 suae
894 2577 977 2642 piunt.
1003 2578 1023 2627 Α
1041 2575 1139 2628 talibus
1157 2581 1197 2639 tu,
1216 2579 1291 2640 Piso,
1311 2577 1354 2627 tibi
1366 2587 1403 2625 44·

332 2651 434 2720 uelatis·
444 2653 551 2714 poetam
562 2649 676 2701 vellicat.
698 2651 751 2702 Cir.
765 2649 858 2701 lacobs
894 2653 955 2701 4444
965 2653 992 2699 l»
1006 2679 1034 2686 -
1053 2652 1089 2701 ad
1102 2663 1197 2701 mercer
1209 2653 1274 2716 cet]
1292 2653 1349 2716 equi
1360 2661 1403 2699 444

333 2727 416 2775 Lectt.
438 2725 537 2775 Venus.
556 2738 616 2789 pag.
631 2725 671 2776 44.
694 2753 720 2762 -
736 2728 859 2788 putatote
895 2738 946 2788 guo
963 2722 1080 2776 clamore
1091 2738 1198 2776 merces
1209 2739 1273 2778 suas
1285 2735 1403 2778 commea

330 2799 424 2864 puppo]
443 2799 482 2850 Cl.
496 2800 562 2864 Epp.
577 2801 600 2860 4,
616 2801 656 2860 48,
670 2799 710 2851 to.
732 2826 759 2837 —
779 2800 859 2850 04444-
895 2799 983 2850 dando
1005 2803 1141 2866 emptores
1158 2805 1304 2865 congregat
1319 2804 1344 2852 44
1358 2797 1403 2848 alli·

330 2881 373 2938 pat
398 2873 459 2938 444]
488 2876 629 2924 Poetarum
652 2873 859 2924 aemulationem
894 2875 943 2934 444,
969 2885 1114 2924 cenomanen
1130 2873 1229 2924 troibt.»
1250 2903 1279 2912 -
1304 2869 1403 2924 44444444

333 2962 395 2999 curn
422 2961 516 2998 cursus
543 2949 688 2998 certamine
712 2951 857 3012 comparat.
894 2949 992 2998 44444444
1008 2947 1054 3011 444]
1072 2947 1131 2998 «rel
1148 2950 1243 2999 tacitus
1260 2950 1349 3000 4444444
1363 2947 1403 2996 44-

334 3024 396 3073 «Est
413 3023 568 3086 imprecatio
586 3025 670 3072 444444
687 3036 702 3072 4
720 3021 783 3072 ludo
795 3035 860 3086 pue·
896 3024 982 3074 mines
1002 3021 1083 3083 viles,
1110 3026 1140 3073 ut
1161 3022 1233 3087 apud
1249 3025 1349 3088 ipsum,
1372 3021 1402 3068 ri

332 3097 388 3158 rili;
414 3098 460 3161 qui
477 3099 548 3148 enim
564 3100 674 3162 praeest
689 3097 858 3148 currentibus
895 3110 956 3147 rum
973 3095 1148 3162 locupletem,
1169 3095 1295 3148 lucellum
1312 3092 1402 3158 aliquod

332 3173 366 3223 ad
378 3175 479 3223 metum
490 3173 594 3236 pueris,
611 3173 701 3222 dicere
714 3170 794 3222 solet:
810 3173 858 3231 Qut
895 3175 1038 3237 quoerant,
1057 3172 1152 3224 saltem
1170 3187 1292 3225 mensam
1309 3175 1402 3237 epipam

331 3249 434 3313 primus
452 3246 486 3296 ad
505 3249 604 3297 metum
616 3249 733 3308 renent,
753 3247 775 3296 44
786 3247 859 3296 vice·
894 3251 1025 3313 paratam,
1038 3249 1086 3298 4444
1097 3247 1318 3309 nondumsciunt,
1328 3251 1401 3296 utrun

332 3325 365 3372 rit
386 3335 502 3387 eumque
525 3323 550 3372 iu
574 3320 650 3372 ulnas
668 3333 742 3372 meas
760 3321 860 3385 accipi·
895 3323 983 3385 tergus
995 3319 1037 3373 ille
1049 3323 1083 3372 sit
1094 3335 1205 3372 necno.»
1218 3351 1243 3358 -
1257 3318 1402 3384 [4444444444

332 3410 390 3456 4444,
417 3399 544 3464 quivero
562 3397 612 3447 erit
629 3396 751 3458 ultimus,
777 3408 859 3446 occu·
896 3399 1009 3448 Versum
1026 3396 1077 3447 sibi
1095 3398 1147 3447 iam
1165 3395 1227 3448 olim
1245 3396 1364 3461 placitum
1375 3393 1402 3442 44

333 3474 379 3534 pet
396 3483 458 3522 eum
476 3471 597 3532 scabies,
616 3485 677 3522 eum
691 3483 818 3534 respuam
831 3473 860 3520 ut
895 3475 962 3523 44444
985 3473 1081 3536 repetit
1102 3485 1134 3521 444
1152 3474 1205 3522 844.
1220 3474 1249 3532 4,
1267 3473 1296 3533 4,
1316 3472 1365 3528 43..
1381 3469 1402 3514 ul

333 3545 513 3596 scabiosum.»
532 3547 616 3597 Coun.
631 3547 709 3604 Creo.
741 3547 860 3596 ascentor
895 3549 947 3597 844.
962 3549 990 3605 4,
1009 3545 1037 3606 4,
1057 3546 1097 3596 94.
1117 3559 1150 3597 er
1168 3547 1220 3596 sat.
1238 3548 1268 3606 4,
1285 3549 1314 3610 4,
1331 3546 1366 3595 47.
1382 3543 1402 3590 rt

320 3617 412 3667 ‚ludus
434 3633 580 3682 puerorum
603 3622 657 3682 444,
684 3624 715 3670 ut
729 3620 815 3672 babes
833 3622 857 3672 in
895 3623 960 3686 Epp.
981 3623 1004 3682 4,
1025 3623 1048 3680 4,
1067 3621 1108 3670 446.
1123 3633 1154 3670 ex
1173 3621 1226 3670 844.
1240 3622 1263 3682 4,
1282 3621 1308 3680 6,
1325 3617 1362 3670 74.
1379 3643 1399 3652 -

332 3693 457 3742 Suetonio
468 3693 643 3760 rrauquttlo.»
660 3699 738 3746 Aeno.
758 3697 800 3745 Sic
812 3697 859 3746 eli·
894 3697 922 3746 Si
937 3709 997 3746 cero
1014 3695 1076 3759 444]
1097 3697 1168 3746 ulum
1186 3696 1208 3746 si
1226 3695 1352 3745 noverunt
1367 3701 1401 3740 as·

333 3779 378 3816 um
389 3767 497 3816 Graeci:
511 3769 677 3832 Phrynichus
689 3771 800 3820 44444444.
815 3771 855 3820 Fr.
893 3773 1043 3821 sentutores
1060 3769 1169 3820 4444444444
1181 3768 1254 3820 illum
1266 3771 1342 3820 etiem
1353 3775 1401 3815 mu·

333 3843 408 3890 Corn.
423 3843 453 3891 41.
471 3853 498 3906 p.
518 3841 579 3890 590:
606 3841 681 3915 ψῶρ·
696 3837 746 3904 ἔχε
763 3843 857 3916 Zopa-
894 3845 1002 3896 uilicum
1019 3857 1095 3908 esse,
1115 3843 1196 3896 relutl
1213 3842 1291 3907 globo
1303 3833 1400 3894 4444444

332 3911 444 3965 aduror.
480 3913 611 3965 Puerilem
637 3918 690 3970 ludi
715 3919 855 3970 formulam
893 3933 955 3970 eum
974 3922 1163 3970 concurrunt.»
1182 3945 1212 3956 -
1229 3914 1337 3980 4444444444]
1354 3911 1401 3962 ια’·

331 3987 456 4053 singulari
475 3992 615 4040 venustate
633 3995 858 4053 secutusesaut
892 3993 976 4055 bum,
1006 3993 1107 4044 lautum
1133 3993 1283 4044 convivium
1310 3994 1336 4041 44
1357 3991 1401 4036 ltr-

333 4063 547 4128 Epp.t‚t‚.·ta:
576 4065 629 4115 4444
644 4067 707 4126 altr,
725 4069 810 4130 uiant,
829 4069 857 4119 st
892 4081 978 4119 sum·
991 4072 1069 4118 4444.
1086 4067 1205 4117 Eandem
1218 4066 1244 4116 b.
1257 4065 1274 4116 l.
1289 4061 1401 4128 4444444444

330 4139 488 4202 ractesocier.
503 4167 530 4176 -
543 4140 610 4205 sone]
623 4141 680 4190 Non
693 4144 747 4190 est:
765 4155 855 4194 «more
892 4143 992 4194 tionem
1005 4141 1201 4201 hebetantem,
1220 4153 1300 4205 quam
1311 4139 1370 4202 Epit-
1382 4131 1398 4183 l·

331 4215 388 4264 soni
407 4215 520 4265 bominis
538 4217 564 4264 et
581 4216 734 4275 modestes
761 4222 789 4266 ut
805 4231 856 4268 vo·
893 4218 937 4278 444,
954 4216 996 4268 44.
1029 4215 1096 4269 Male
1120 4213 1237 4267 nonnulli
1254 4219 1399 4270 4444444440·

329 4287 401 4348 4444,
420 4288 468 4338 sed
487 4290 609 4352 entique»
627 4303 659 4340 ex
678 4292 797 4340 oratione
815 4303 855 4340 re·
891 4290 1107 4357 nereexplicaut:
1127 4291 1292 4352 4444444444,
1312 4281 1400 4350 quibs·
