3116 4968
572 417 632 468 uu.
651 417 681 467 11.
717 417 786 468 sti.
805 417 836 468 lt.

208 577 366 642 Proceros
388 571 498 639 odisse
520 571 640 661 inpos?
662 573 746 653 Quia
768 571 891 640 scilicet
913 571 973 639 illis

208 696 360 762 Maiorem
384 704 498 760 nutura
520 693 652 760 modum
673 693 779 771 dedit,
802 693 852 760 his
875 694 975 761 breve
997 693 1134 784 pondus.

209 817 340 884 ieiunus
363 837 438 882 roro
461 815 646 883 stomachus
668 815 811 904 volgaria
834 817 955 882 temnit.

208 939 396 1005 Porrectum
417 957 534 1025 magno
556 957 708 1026 magnum
730 945 877 1024 spectare
900 937 1004 1004 catino

209 1058 344 1137 Vellem,
368 1059 413 1126 uit
431 1059 584 1149 Harpyiis
598 1057 674 1146 guia
687 1058 785 1146 digna
799 1057 982 1146 rapacibus
1016 1059 1055 1125 At
1076 1079 1147 1139 vos,
1213 1063 1256 1129 to

231 1239 272 1290 ³8.
292 1239 393 1289 Versus
404 1238 447 1288 hic
459 1239 601 1302 suspectus
621 1236 740 1288 Bentleio
758 1237 793 1288 cd
813 1239 844 1288 Α.
857 1239 886 1288 P.
906 1237 963 1288 337.
982 1238 1116 1302 reperitur
1127 1239 1179 1290 iam
1197 1241 1223 1292 in

200 1311 295 1363 Ecbesi
307 1309 349 1362 iila
361 1313 457 1376 postue
469 1313 595 1375 anonymi
607 1313 666 1362 Sec.
680 1313 711 1361 ii.
724 1326 750 1362 v.
769 1313 826 1362 632.
845 1313 889 1363 ed.
909 1313 1022 1374 Grimm,
1041 1315 1088 1378 qui
1103 1313 1224 1378 permul-

200 1391 241 1438 tos
258 1386 323 1438 aiios
341 1387 442 1438 Horatii
458 1399 554 1438 versus
571 1385 642 1438 mulo
663 1399 712 1437 suo
729 1388 846 1451 poemati
863 1388 981 1438 inseruit.
1002 1414 1029 1424 -
1051 1387 1151 1438 Ieiuuus
1167 1389 1224 1439 ruri

199 1461 277 1512 tectio
294 1461 328 1512 uh
346 1461 451 1512 Acrone
468 1465 631 1523 memoratu,
649 1461 726 1525 prob.
745 1461 911 1521 Heindortio;
928 1475 989 1512 rore
1003 1461 1037 1512 ub
1050 1462 1148 1513 eodem
1165 1477 1224 1514 me-

199 1539 335 1586 moratum
352 1537 455 1599 recepit
472 1535 620 1586 oberlinus.
641 1563 670 1574 -
689 1537 785 1598 isvnpsit
801 1535 980 1588 Hildebertus.
1002 1560 1029 1573 -
1049 1537 1089 1587 39.
1102 1551 1226 1602 ommim

200 1623 337 1675 supersor.
363 1609 421 1660 «vei
442 1611 563 1660 mouumn
582 1611 608 1660 S.
629 1637 657 1646 —
682 1609 722 1661 to.
745 1611 845 1674 Votum,
870 1613 909 1662 uis
926 1613 982 1663 Nic.
1001 1611 1141 1674 Heinsius,
1162 1613 1226 1663 Veiis

199 1685 237 1734 uit
254 1685 400 1735 Heindortii
417 1685 542 1750 suspicio.

168 1815 297 1865 trilibrem
314 1817 404 1865 eutem
426 1817 571 1878 memoret,
598 1816 693 1879 utqui
731 1817 841 1866 tinent.»
864 1841 892 1852 -
915 1815 988 1865 meuc
1005 1815 1114 1880 pondu]
1135 1818 1208 1867 Pers.
1226 1817 1255 1879 5,

166 1890 218 1940 hoc
241 1889 362 1952 pondere
383 1890 518 1940 rarissime
540 1891 692 1954 cupiantur3
732 1891 794 1941 tut:
812 1889 1062 1940 brois-sonuum.
1090 1889 1194 1942 Similes
1211 1904 1259 1941 uo-

167 1977 213 2014 sex
231 1962 361 2014 librorum
372 1975 437 2014 vero
448 1966 506 2014 ersi
522 1967 693 2028 portentosus
731 1963 817 2014 tiones
835 1963 916 2014 brevis
931 1965 959 2014 et
971 1978 1070 2026 peruris
1087 1967 1155 2015 inter
1171 1977 1201 2016 se
1213 1963 1259 2015 eit·

166 2036 208 2088 ille
230 2039 372 2088 Domitiani
394 2039 465 2102 opud
487 2040 578 2089 iuven.
596 2037 625 2100 i,
652 2039 690 2090 ⁴5.
730 2038 837 2103 quando
865 2038 1038 2090 eitemuniur.
1084 2039 1159 2090 Coui.
1184 2039 1256 2089 Doe-

167 2113 205 2164 Ci.
219 2111 329 2164 Mertiei.
344 2113 373 2172 3,
393 2112 439 2173 it,
452 2115 480 2163 s:
499 2113 563 2163 Noto
579 2113 640 2162 uitii
648 2127 694 2176 po·
730 2113 831 2165 derlein
843 2115 877 2165 ed
889 2115 969 2165 Taciti
982 2117 1048 2165 Anu.
1059 2115 1088 2176 θ,
1102 2113 1143 2165 35.
1156 2127 1183 2178 p.
1197 2113 1254 2165 iet.

167 2187 357 2238 sartoribus
367 2188 501 2238 multumne
511 2189 631 2238 tiliorum.
652 2189 691 2249 to,
762 2187 850 2240 38-40.
861 2189 960 2239 Isium
969 2189 1031 2251 cet]
1042 2189 1185 2240 construe:
1204 2191 1260 2240 Sto-

166 2263 211 2324 37,
229 2263 260 2312 7:
286 2263 325 2312 Ad
341 2275 389 2312 uto
405 2264 532 2325 captim
548 2277 693 2313 suso-re-
729 2264 832 2312 macius
846 2277 910 2314 roro
926 2265 1023 2314 munite
1041 2265 1159 2328 (semper
1175 2262 1258 2326 satur)

165 2337 265 2386 urium
279 2337 397 2398 modun,
419 2339 489 2387 Viciu
505 2340 553 2387 orit
569 2338 639 2388 tibris
650 2338 693 2398 qui
729 2340 863 2388 conminuit
878 2339 944 2388 oiim
959 2339 1083 2403 ooiporss.
1114 2338 1200 2390 Minus
1213 2351 1259 2402 sp·

165 2412 250 2460 mor
274 2423 325 2462 sess
349 2411 436 2461 tritis.
471 2411 593 2476 (Mutius
617 2422 692 2461 rrrr.
730 2413 815 2476 posite
834 2411 868 2462 ad
890 2411 1113 2463 consuetudinem
1137 2412 1259 2462 iiorstis-

165 2485 290 2535 iiirumm
306 2487 333 2534 in
348 2487 416 2535 muri
436 2486 514 2536 miro
530 2492 633 2549 captum
649 2487 693 2536 Li-
731 2501 794 2538 nem
812 2487 942 2538 Heindori
954 2487 1018 2550 legit
1034 2487 1212 2548 isiunmruri,
1232 2485 1259 2536 id

165 2561 246 2610 didio
269 2561 406 2610 Mucianus
426 2562 547 2623 prodidit.
577 2560 640 2611 Ptin.
661 2561 691 2610 H.
731 2565 786 2623 est,
805 2565 835 2612 ut
846 2565 894 2624 sii,
915 2561 1044 2626 «cupidus
1056 2563 1136 2612 ruri.»
1157 2561 1256 2626 (lustin.

165 2635 237 2696 riu,
258 2633 310 2696 ³⁴.)
324 2635 578 2700 -iusiopuiucetJ
595 2646 693 2698 «quem
731 2637 776 2698 38,
795 2638 824 2697 6,
843 2638 873 2688 8:
891 2637 1259 2688 animm-‹ttoutammaoi-

165 2721 214 2773 pro
223 2709 398 2759 convivorum
412 2723 539 2760 numero»
553 2710 694 2772 (hocenim
731 2713 775 2760 dos
792 2724 823 2760 oc
847 2711 942 2762 ieiunos
966 2711 1077 2776 hodos.)
1114 2712 1257 2760 Praetereo

165 2783 235 2833 inest
252 2783 278 2832 in
296 2797 321 2832 v.
340 2783 449 2847 diffido)
468 2785 509 2833 uin
526 2781 617 2847 piures
629 2796 694 2847 por·
731 2785 803 2836 idem
820 2784 920 2850 vir-guis
938 2789 999 2850 post
1014 2800 1040 2836 v.
1056 2787 1156 2849 pondus
1172 2785 1257 2848 posits

166 2859 251 2908 tiones
268 2857 402 2918 disseces,
421 2859 693 2922 quuseudemcoene
731 2860 803 2910 hunc
831 2874 939 2925 quoque
968 2873 1078 2911 versum
1107 2859 1147 2910 38,
1176 2859 1260 2908 iunxit

167 2933 217 2982 iuis
235 2932 355 2982 convivis
373 2945 517 2997 opponas„
536 2947 589 2984 non
606 2934 636 2982 ut
652 2933 694 2996 pi·
731 2947 794 2985 cum
819 2937 887 2999 port.
910 2935 991 2998 Quiu3
1019 2934 1069 2984 sed
1094 2934 1135 2983 est
1154 2927 1258 2998 γνώμη

166 3019 227 3057 sees
245 3006 356 3070 quidem
374 3007 491 3058 minores
508 3008 602 3070 integri
615 3019 629 3057 e
641 3007 695 3057 sin·
732 3023 781 3073 per
797 3021 827 3059 se
848 3010 934 3073 positu
952 3011 1032 3072 utque
1055 3009 1112 3072 ipsu
1131 3005 1259 3071 simplici-

166 3080 233 3144 guiis
251 3082 371 3131 convivis
388 3081 493 3132 comedi
511 3081 607 3132 soient.
645 3079 693 3131 stu
731 3085 785 3133 tote
803 3095 852 3133 sua
869 3083 931 3132 huic
947 3083 1048 3132 satirae
1065 3093 1175 3146 prorsus
1192 3094 1260 3131 con-

167 3153 313 3218 erpiicuut:
334 3155 375 3204 uin
392 3153 483 3219 piures
500 3168 626 3216 coenus„
645 3154 695 3206 sed
731 3159 851 3207 veniens.
871 3183 898 3192 -
916 3154 1069 3219 Ροιτοοιιιπι]
1095 3155 1184 3215 Quivis
1207 3156 1260 3206 hoo

166 3230 255 3294 pisces
277 3227 349 3278 heud
372 3227 448 3280 ieciie
470 3231 496 3279 in
514 3228 614 3292 aliquot
636 3227 694 3278 dies
731 3228 1101 3295 legenssupplebutmoiium.
1132 3230 1259 3280 Ceterum

166 3304 268 3352 servsri
291 3304 413 3366 possunt.
433 3329 462 3340 -
481 3303 567 3367 Ducit]
589 3303 695 3352 amovet
732 3303 854 3357 consulto
885 3307 1010 3368 quattuor
1037 3305 1164 3370 spondeis
1193 3317 1259 3356 usus

166 3379 246 3440 sique
262 3375 353 3437 efficit,
372 3377 476 3427 uideri
494 3375 588 3428 solet.»
602 3405 628 3416 -
645 3390 695 3438 uuo
732 3382 782 3441 est,
799 3380 829 3429 ut
845 3380 1000 3444 exoptatum
1015 3380 1096 3444 piscis
1108 3377 1214 3443 pondus
1231 3380 1260 3430 ei

163 3451 272 3513 pertinet
288 3450 351 3514 cot]
378 3452 448 3502 «Cur
473 3464 536 3516 ergo
562 3451 695 3514 magnitu-
733 3455 941 3518 magnitudinem
965 3454 1135 3519 exprimeret.
1157 3478 1185 3490 -
1207 3453 1260 3504 Vei·

167 3526 258 3577 dinem
282 3524 376 3576 leudes
398 3527 425 3576 in
449 3525 530 3577 mutio
551 3529 578 3576 et
601 3539 696 3591 repre·
731 3529 786 3592 um]
805 3524 972 3594 ἐβουλόμην
987 3523 1038 3590 ἄν,
1064 3542 1117 3579 non
1138 3525 1260 3589 βουλοί-

122 3639 125 3646 .
167 3601 263 3652 hendis
288 3601 315 3650 iu
341 3599 423 3665 iupo‘t
451 3603 516 3662 Quis
542 3600 644 3653 scilicet
668 3602 694 3652 iu
731 3619 790 3670 μην
807 3596 854 3653 ἄν.
890 3602 1021 3666 «veliem,
1041 3604 1063 3653 si
1081 3603 1139 3654 fleri
1156 3604 1258 3668 posset,

166 3678 281 3740 unoque
301 3677 328 3725 te
345 3674 472 3738 deiectat,
495 3677 568 3740 quod
586 3680 629 3728 est
650 3691 694 3728 re-
731 3677 781 3729 sed
792 3677 914 3727 virides.»
926 3678 1086 3740 -iiurpptis
1094 3677 1259 3740 dimenso

168 3753 250 3802 rius.»
263 3752 348 3801 couri.
363 3752 442 3810 Cnuo.
465 3779 491 3788 -
505 3752 563 3816 itiis]
582 3765 647 3803 sune
659 3749 694 3802 ed
731 3753 848 3814 homine,
867 3752 916 3804 sed
933 3754 1059 3804 monstris
1076 3751 1258 3802 veracissimis

166 3838 224 3876 roc.
238 3827 324 3888 iupus,
349 3827 397 3877 etsi
414 3827 539 3890 propius,
564 3826 692 3888 retertur,
732 3825 840 3889 digna.»
884 3825 932 3877 Alii
967 3825 1113 3892 explicent:
1150 3827 1257 3890 «dignu,

167 3903 259 3951 conus
282 3913 363 3963 quum
387 3899 429 3951 aiii
447 3902 497 3951 reti
514 3903 584 3952 sunt.
614 3903 694 3951 iieoto
732 3903 807 3952 ouius
831 3901 915 3967 depes
936 3902 1068 3965 iiurpyiee
1094 3901 1172 3966 (virg.
1191 3903 1257 3952 Aen.

167 3975 465 4040 ishu(cdiipp.t,t'1,
486 3976 545 4038 tiit:
565 3975 654 4027 «mulii
669 3977 695 4026 ti
732 3977 762 4036 ³,
785 3976 834 4026 2⁴0
855 3977 926 4040 sqq.)
948 3988 997 4026 suo
1021 3977 1144 4025 coniectu
1167 3977 1259 4026 contu-

166 4049 259 4114 etiupi
270 4051 308 4099 itti
319 4050 457 4112 dicuntur,
477 4051 603 4114 quonium
615 4053 694 4114 poeto
733 4052 835 4101 minent
851 4053 931 4114 utque
949 4051 1112 4113 inquinent.»

167 4133 326 4189 magnorum
343 4122 488 4176 mullorum
505 4137 625 4177 amorem
639 4139 696 4176 cur·
766 4124 853 4176 io-ti.
872 4125 904 4176 At
925 4138 969 4174 vos
986 4124 1051 4189 oet]
1075 4124 1127 4175 Sed
1152 4125 1258 4188 «utique

167 4201 212 4264 pii.
248 4200 322 4250 diuiti
343 4201 423 4264 igitur
447 4203 510 4251 sunt
536 4201 623 4264 potior
650 4213 695 4252 res
733 4199 862 4252 heiuones
875 4201 916 4250 isti
932 4199 1002 4250 huuc
1020 4213 1135 4264 poenam
1153 4211 1259 4250 meren-

166 4279 194 4327 et
211 4277 297 4342 magis
309 4288 392 4341 quem
406 4275 460 4341 iupi
472 4275 506 4327 ed
518 4278 625 4341 potitum
636 4289 696 4342 per·
733 4277 789 4338 tur,
801 4277 832 4325 ut
842 4275 930 4326 Austri
942 4273 1015 4325 calor
1027 4273 1184 4339 putreiuciut
1195 4287 1259 4339 pre·
