3116 4968
283 419 346 487 23t
661 417 990 497 aonamrsannnnuu

326 579 491 645 Excussus
512 575 662 665 propriis.
707 574 793 644 Olim
813 595 888 640 nam
910 591 1070 661 quaerere
1093 573 1257 650 amabam,
1327 574 1368 640 20

327 701 399 781 Quo
421 699 510 766 valer
532 697 584 765 ille
606 698 711 787 pedes
733 695 865 764 lavisset
887 693 1047 786 Sisyphus
1070 715 1161 772 aero,

326 820 412 902 Quid
434 819 595 909 sculptum
618 819 756 896 infabre,
780 817 860 905 quid
883 817 989 884 msam
1011 817 1125 884 durius
1147 827 1249 884 esset:

329 941 471 1012 Callidus
493 941 568 1009 huie
588 942 682 1030 signo
704 939 866 1028 ponebam
887 939 975 1006 milia
996 947 1140 1018 eentum3

351 1133 393 1182 22.
414 1132 538 1194 scalpam
556 1129 611 1182 duo
629 1131 753 1182 Pottierii.

273 1291 376 1340 etaient
391 1290 421 1339 de
436 1289 511 1352 petits
527 1289 590 1340 Ares
607 1288 810 1353 qaeuraeqelei-
846 1299 1060 1340 marmoreorum
1068 1301 1155 1352 eaque
1164 1289 1334 1340 aestimare.»
1344 1315 1371 1326 -

284 1380 336 1427 ree,
358 1367 448 1428 pereas
472 1363 502 1414 le
524 1369 614 1426 quatre
636 1368 734 1426 portes,
759 1376 809 1413 une
845 1362 1292 1427 uaser--Steqplus1Aeoiitilius‚
1310 1377 1374 1414 cou-

284 1456 329 1492 rur
345 1443 441 1504 chaque
455 1440 527 1505 suae,
551 1444 574 1490 et
590 1440 692 1490 diceres
708 1441 738 1490 cte
755 1443 810 1488 elu-
847 1437 917 1488 ditor
937 1437 1064 1488 Corinthi.
1084 1435 1111 1487 ll.
1137 1441 1162 1502 ζ,
1193 1437 1257 1488 ⁴53:
1285 1437 1375 1489 Σίσυ-

284 1522 337 1566 lues
353 1517 417 1564 dune
433 1515 467 1566 les
490 1513 581 1565 amites.
615 1515 810 1565 lesatensem
847 1527 919 1576 φος,
942 1505 994 1562 -ὃ
1020 1509 1168 1582 κέρδιστος
1199 1513 1286 1579 γένετ’
1322 1509 1374 1564 ἀν-

284 1590 490 1650 eurteFonen,
517 1588 535 1638 ὰ
550 1589 736 1653 poucbectelu
756 1589 812 1638 vote
846 1581 929 1657 δρῶν,
959 1586 997 1637 Ci.
1023 1587 1071 1637 od.
1096 1587 1125 1648 t,
1153 1586 1198 1650 lt,
1225 1588 1267 1638 20.
1302 1588 1375 1640 Wei-

285 1666 389 1726 Sueree,
414 1663 560 1726 teprernler
577 1665 664 1726 (lanus
680 1663 809 1728 superior)
847 1665 911 1714 ulier
937 1662 1044 1726 litloqie
1068 1675 1094 1726 p.
1117 1663 1174 1712 555.
1199 1661 1375 1716 obversatum

285 1741 320 1792 (lu
335 1744 391 1790 cote
406 1739 441 1790 du
458 1738 577 1789 Tstbemat
593 1741 748 1801 uupreteur,
766 1739 811 1788 cle-
847 1737 928 1788 tuisse
945 1739 1019 1801 putet
1035 1736 1143 1787 Horatio
1158 1735 1324 1788 versiculum
1342 1751 1375 1788 ex

284 1820 347 1866 aaut
362 1816 390 1865 lo
406 1815 526 1878 berlttque
540 1813 707 1878 Arqentoriu;
733 1814 811 1864 lese-
847 1809 972 1874 Aeschyli
992 1810 1113 1860 minate
1140 1811 1270 1874 satyrico,
1297 1811 1376 1875 Sisy-

285 1892 349 1942 oond
366 1891 452 1954 (lanus
470 1889 585 1952 interior)
602 1890 641 1938 oie
657 1889 675 1938 cl
689 1889 728 1938 uis
744 1889 812 1938 (tela
848 1887 902 1950 pho
928 1885 1046 1948 fugitivo,
1074 1886 1115 1935 Fr.
1136 1885 1194 1934 24⁰.
1213 1885 1303 1948 Dina,
1328 1885 1376 1936 ubi

285 1966 406 2026 bmiltque
437 1964 551 2014 Aeolio.
602 1963 635 2014 Ge
661 1964 760 2014 mmor
786 1976 812 2012 se
847 1960 889 2011 ille
907 1961 1067 2022 interrogat:
1086 1955 1302 2024 Aeosaeopaipev
1314 1957 1374 2012 ποῦ

285 2046 373 2090 troiae
392 2051 423 2088 en
445 2041 500 2101 ellel
517 2039 582 2087 cloes
597 2037 625 2087 lu
641 2039 726 2100 partie
743 2038 812 2086 beree
847 2032 950 2100 σκάφη
975 2030 1176 2099 χαλκήλατος,·
1205 2035 1376 2100 bisquirebat

286 2116 320 2164 ‹lu
336 2115 441 2172 Fauen,
460 2113 603 2172 laudisque
619 2113 812 2174 leprenetereet
848 2113 926 2175 igitur
952 2111 1143 2175 Damasippus,
1169 2113 1260 2162 utrum
1285 2109 1377 2163 ποδα-

286 2189 350 2238 duna
373 2188 400 2236 ta
420 2187 505 2249 partie
529 2187 612 2236 laute.
658 2187 720 2236 Teste
744 2189 811 2237 deum
847 2183 951 2257 νιπτὴρ
967 2185 1061 2250 aliquis
1081 2185 1182 2236 venulis
1200 2199 1233 2236 ex
1254 2199 1287 2236 eo
1309 2199 1377 2238 aere

285 2263 550 2314 nontamen-vous
562 2263 811 2323 despreteursu'ar-
848 2261 992 2312 fabricatus
1009 2263 1095 2320 esset,
1122 2263 1151 2310 ut
1167 2261 1201 2310 ad
1221 2261 1378 2324 antiquissi-

285 2342 352 2402 qest.
388 2337 485 2386 Omnem
507 2349 546 2386 ees
562 2337 643 2386 lanus
659 2338 809 2398 sneodrent,
848 2349 892 2386 ma
910 2339 1041 2400 tempora,
1062 2336 1125 2398 quin
1143 2336 1224 2385 etiem
1240 2335 1275 2386 ad
1291 2335 1378 2398 ipsius

283 2423 352 2475 pour
364 2411 429 2460 uiuet
441 2411 507 2472 dire,
526 2411 561 2460 les
572 2411 809 2473 Taoeeeeeneuoee,
848 2411 955 2475 Sisyphi
972 2423 1062 2468 usum,
1089 2410 1183 2460 reterri
1204 2411 1297 2474 posset
1313 2413 1377 2474 (qua

287 2501 319 2538 on
343 2499 374 2535 en
391 2499 409 2534 a
430 2487 485 2547 qm'a
510 2487 625 2535 occasion
647 2487 677 2536 de
697 2487 812 2550 esseae
849 2485 1003 2550 repollubri
1023 2485 1140 2549 pretium
1161 2485 1188 2534 iu
1210 2486 1377 2537 immensum

287 2560 438 2623 masesele
453 2573 492 2610 ees
508 2559 633 2610 &mures
653 2573 706 2623 par
721 2562 812 2610 knom
849 2560 1005 2624 augebatur)
1029 2573 1124 2611 neone.
1154 2559 1279 2610 solebant
1301 2561 1378 2612 euim

286 2635 392 2701 quaerat
413 2636 443 2684 de
458 2635 564 2684 mttieu
583 2635 612 2684 de
633 2636 742 2696 lanus,
766 2649 813 2698 up-
850 2636 941 2686 lalium
958 2647 1051 2686 rerum
1067 2636 1202 2686 amatores
1222 2633 1328 2698 gloriari
1346 2649 1377 2686 se

282 2711 405 2774 pelluttoe
422 2711 465 2772 qui
481 2723 499 2758 e
515 2710 618 2772 quelque
639 2711 710 2760 chose
725 2711 756 2761 de
776 2711 813 2759 ri-
850 2709 954 2761 tabulas
966 2712 1065 2775 pictas,
1078 2711 1166 2772 signa,
1178 2723 1258 2770 vase,
1276 2711 1378 2774 partim

286 2787 365 2836 niam
384 2799 453 2847 pour
472 2785 506 2835 les
525 2785 669 2835 ltmnutns.»
705 2786 758 2836 Cir.
777 2786 812 2836 ad
849 2795 1017 2836 summorum
1040 2797 1209 2848 quorumque
1226 2783 1376 2844 artificum,

286 2861 353 2924 Epp.
373 2861 400 2920 l,
421 2861 449 2920 l,
468 2859 509 2911 lli.
527 2861 574 2920 20,
594 2861 617 2910 l.
639 2887 666 2898 -
679 2861 764 2911 alteru
775 2861 814 2923 (ut
849 2861 945 2924 partim
958 2859 1149 2921 antiquissima,
1161 2862 1191 2908 ut
1201 2859 1314 2909 ceillier»
1324 2861 1379 2909 Ee·

287 2948 359 2987 nuno
375 2935 428 2996 tua)
446 2935 546 2998 neqellu
558 2935 629 2999 estro]
646 2935 813 3006 Hspsspylug
851 2935 927 2984 eodm
950 2932 1067 2983 munima
1089 2933 1178 2984 maen
1203 2935 1265 2996 (sat.
1287 2934 1315 2992 t,
1344 2934 1375 2994 3,

287 3010 337 3060 καὶ
354 3005 662 3078 πολυπραγμοσύνηςε
676 3010 812 3075 plerisque
850 3009 901 3071 90.)
927 3008 999 3059 domi
1024 3007 1134 3059 habere.
1169 3009 1280 3071 Egregia
1305 3008 1378 3058 bano

288 3083 509 3136 insimulabantur
524 3084 677 3135 huiusmodi
695 3085 773 3134 Stoici
786 3085 814 3134 at
850 3085 979 3133 insaniam
1005 3082 1129 3133 derident
1161 3081 1284 3134 Martialis
1299 3083 1330 3146 8,
1350 3085 1376 3134 6.

288 3160 396 3223 Cynici3
415 3159 488 3223 quod
499 3160 600 3210 orlmen
617 3160 652 3208 ita
664 3155 740 3209 diluit
750 3159 813 3223 Epi·
849 3159 1004 3222 (amnetqpu
1024 3157 1101 3206 uendi
1124 3157 1186 3206 stibii
1208 3163 1245 3207 est
1268 3158 1380 3208 odiosius

289 3236 374 3284 cletus
396 3233 467 3297 apud
490 3235 631 3283 Amanum
648 3233 677 3294 3,
695 3234 742 3293 22,
761 3233 810 3282 97:
850 3235 922 3284 Eucti
946 3232 1008 3294 oet)
1027 3235 1054 3282 et
1079 3233 1209 3282 Lucienus
1234 3233 1261 3283 in
1286 3231 1379 3283 Philo-

288 3301 361 3360 Οὔτε
369 3310 516 3378 περίεργος
524 3301 591 3358 οὔτε
599 3303 813 3378 πολυπράγμων
849 3307 952 3373 pseudo
974 3308 1005 3358 l8
1024 3320 1077 3372 sq,
1100 3307 1146 3358 ubi
1163 3306 1274 3360 stolidus
1291 3320 1377 3358 senex

288 3381 368 3435 ἐστὶν
379 3377 397 3431 ὁ
409 3375 485 3432 οὕτω
496 3379 684 3446 διωιειμενος·
704 3377 740 3432 οὗ
757 3377 813 3452 γὰρ
850 3385 978 3435 Euerates
992 3383 1073 3434 iactat
1086 3383 1215 3444 Myronis,
1232 3380 1375 3445 Polycleti.

288 3453 324 3508 τὰ
340 3452 478 3546 ἀλλότρια
486 3453 729 3525 πολυπραγμονεῖ,
742 3449 812 3514 δῖαν
850 3457 962 3508 eliorum
979 3459 1081 3508 statues
1098 3458 1124 3508 iu
1141 3456 1249 3507 aedium
1263 3469 1378 3508 suarum

287 3529 324 3584 τὰ
338 3527 671 3603 ἀνθρωπιναέκισκοπῇ,
688 3525 762 3582 ἀλλὰ
776 3527 813 3582 τὰ
849 3530 981 3582 vestibulo
1014 3530 1165 3582 collocatas.
1210 3529 1378 3584 wielmdius

288 3605 355 3658 ileu.
386 3604 688 3676 (Πολυπραγμοσύνην
704 3601 814 3657 auidi-
850 3606 972 3673 quidem,
1000 3607 1043 3656 oui
1068 3607 1212 3658 assentitur
1227 3606 1378 3657 Schneide-

288 3677 595 3754 λοτριοπραγμοσύνην
626 3682 710 3746 iungit
739 3680 812 3732 Plato
849 3683 899 3734 wie
917 3682 944 3731 in
961 3680 1115 3732 doctissima
1132 3681 1166 3732 de
1184 3681 1236 3732 boo
1252 3680 1379 3733 loeodis-

288 3758 363 3809 Petit.
375 3759 418 3808 Ν.
432 3771 458 3821 p.
472 3755 530 3808 itt.
544 3759 583 3821 ll.)
850 3757 986 3823 putatione
1010 3756 1087 3818 (Gott.
1108 3755 1201 3818 4855),
1222 3757 1274 3806 hoo
1295 3765 1378 3808 versu

320 3833 409 3883 20³6.
436 3831 502 3881 Olim
525 3833 594 3897 eum]
620 3833 658 3883 De
684 3829 813 3896 particula
849 3832 1034 3896 quaestionem
1052 3831 1086 3882 de
1099 3833 1233 3882 vetustate
1244 3833 1315 3883 aeris
1326 3833 1378 3882 Co-

288 3921 349 3959 eum
365 3920 381 3956 a
398 3909 484 3970 pn'ma
495 3907 682 3958 enuntiationis
694 3906 760 3956 sede
772 3921 814 3957 re-
850 3905 938 3956 nntbii
955 3905 1096 3970 significari
1120 3909 1204 3970 putat.
1239 3905 1292 3957 sed
1312 3905 1376 3956 vide

290 3983 361 4032 melu
387 3980 455 4031 ooni.
473 3994 499 4031 v.
519 3980 560 4032 tl.
587 3980 636 4032 od.
656 3982 687 4042 t,
714 3982 758 4041 tu,
786 3981 811 4030 3.
850 3995 884 4032 ns
906 3981 1037 4032 eiusmodi
1059 3981 1221 4046 disquisitio,
1240 3993 1316 4032 mere
1332 3981 1377 4031 hi-

290 4054 373 4120 Epod.
395 4054 441 4116 lt,
462 4055 486 4104 6.
515 4056 558 4116 ll,
584 4055 625 4107 te.
647 4079 674 4092 -
693 4069 814 4118 quaerere
851 4055 962 4118 storioa,
988 4055 1099 4108 alienior
1120 4057 1154 4108 sit
1174 4069 1191 4105 a
1211 4056 1376 4119 Damasippo

290 4129 409 4180 mouban
430 4131 493 4192 eet]
517 4131 667 4194 «inquirere
691 4131 813 4182 solebam
850 4131 1007 4194 tunomaqis
1018 4130 1177 4194 tamquam
1188 4129 1378 4181 veritatisabs-

291 4205 318 4256 in
334 4203 518 4268 antiquitatem
534 4208 562 4255 et
575 4205 715 4257 artificium
732 4217 814 4257 vaso-
851 4208 940 4257 trusae
966 4205 1131 4270 indagandae
1156 4205 1263 4271 cupido.
1297 4208 1378 4257 Prae-

290 4291 350 4330 rum
384 4279 574 4343 signorumque
610 4293 752 4332 aereorum
787 4284 814 4332 et
851 4284 924 4332 terea
947 4281 1032 4343 aeris,
1060 4281 1132 4345 qued
1155 4282 1262 4347 proprie
1279 4281 1376 4332 Certu-
