3178 4972
604 439 664 490 ma.
683 441 702 490 r.
737 440 836 492 srrsr.
855 442 919 492 run.
1247 441 1310 510 503

263 595 302 662 Ut
323 615 397 661 cum
420 593 540 682 pileolo
562 595 670 664 soleas
691 597 827 664 conviva
848 597 982 665 tribulis.
1268 602 1310 667 lb

260 717 307 782 Ne
329 715 424 804 volgo
446 737 560 785 narres
582 729 613 785 te
636 718 806 786 sudavisse
826 713 962 786 lerendo

262 837 427 916 Carmina,
451 859 537 926 quae
559 841 684 927 possint
706 838 818 908 oculos
841 861 1003 930 auresque
1026 844 1144 910 morari

284 1074 323 1122 lb.
347 1074 392 1123 list
416 1087 474 1124 enm
499 1087 634 1139 superscr.
664 1076 694 1124 llt
715 1075 742 1124 b.
764 1099 791 1112 -
812 1077 852 1126 46.
870 1077 908 1126 Ne
924 1075 1044 1144 bSEedp,
1064 1078 1165 1129 Veneta
1185 1079 1274 1142 tiss,

252 1147 317 1196 act:
344 1149 432 1198 Neue
459 1148 523 1199 Cod.
550 1148 603 1200 Gal.
627 1145 667 1213 (ξ)
691 1149 825 1202 Bentleius
843 1153 870 1200 et
886 1164 914 1212 s,
933 1152 983 1201 Nec
1001 1151 1018 1201 δ
1035 1153 1077 1202 vet
1099 1151 1195 1215 alius»
1224 1154 1277 1204 dno

252 1221 481 1348 fgmgiicfffique
499 1224 576 1288 pauci
595 1225 677 1286 Fene,
697 1225 771 1276 ruo.
793 1253 819 1263 -
840 1225 880 1275 47.
903 1232 1008 1288 possunt
1025 1239 1093 1278 uuus
1111 1228 1229 1278 Pottierii
1245 1229 1275 1278 N.

217 1473 328 1525 furtivae
354 1473 431 1525 lanae
449 1472 553 1539 glomus
572 1474 623 1526 sub
639 1473 681 1526 ala
697 1488 743 1526 re·
782 1475 864 1527 bomo
898 1491 931 1528 eo
962 1480 1076 1530 maxime
1109 1477 1237 1530 ridiculus
1263 1481 1307 1540 iit,

216 1548 338 1600 condat.»
365 1549 404 1600 De
422 1548 745 1614 priorissvllabaequan-
782 1551 855 1614 quod
883 1550 948 1603 dum
980 1556 1188 1618 quantocunque
1220 1556 1309 1618 potest

217 1624 289 1674 titate
311 1623 343 1675 ci.
364 1625 516 1675 Lachmann
541 1623 698 1675 adimeret.
720 1625 741 1685 ι,
782 1638 844 1676 euru
867 1625 967 1677 decore
988 1625 1068 1678 soleis
1090 1630 1164 1693 puris
1181 1641 1231 1679 neo
1247 1627 1309 1692 pul-

215 1699 273 1749 360.
301 1725 330 1735 -
356 1698 474 1762 molto]
506 1700 630 1760 «Pprrlrio
655 1711 742 1762 neque
782 1712 845 1750 vere
859 1699 995 1764 adspersis
1007 1701 1034 1751 iu
1045 1701 1188 1754 triclinium
1199 1703 1307 1754 introire

215 1776 333 1824 Graecae
358 1786 448 1837 neque
471 1773 606 1824 Romanae
628 1773 742 1824 leminae
779 1776 857 1838 parat
873 1773 1033 1838 calcemque
1058 1775 1095 1826 ibi
1112 1778 1206 1828 exutos
1223 1779 1251 1826 et
1266 1778 1308 1841 pi-

215 1859 313 1897 nomeu
326 1851 376 1908 est,
389 1850 539 1911 neapotest
550 1847 666 1898 dubitari
678 1848 741 1910 quin
781 1847 852 1898 leum
869 1849 977 1900 atriensi
1000 1849 1095 1912 tradit,
1119 1851 1149 1902 iia
1173 1850 1306 1912 omnihus,

214 1919 277 1971 illud
295 1934 310 1972 a
327 1919 442 1972 librariis
459 1923 494 1972 ita
507 1925 664 1986 corruptum
681 1925 741 1973 sit.»
780 1923 905 1986 quicum
923 1925 1037 1976 maxime
1055 1925 1082 1974 in
1100 1925 1167 1975 atrio
1184 1927 1261 1984 sunt,
1281 1929 1309 1976 et

214 1997 323 2048 Lachm.
350 1995 384 2046 ad
411 1998 516 2048 lucret.
544 2011 570 2061 p.
588 1997 645 2048 los.
666 2025 693 2032 -
717 1995 740 2058 3)
779 1997 901 2061 ingenuis
919 2000 945 2048 et
962 1996 1065 2048 libertis
1082 2000 1110 2048 ει
1126 1999 1211 2050 servis
1229 2000 1307 2050 nimis

214 2071 319 2136 albulis]
337 2071 464 2123 Homines
481 2070 628 2133 ambitiosi,
647 2084 740 2122 auram
779 2070 913 2124 demissus
930 2085 963 2122 ac
981 2071 1089 2122 timidus
1107 2073 1220 2124 videtur.
1241 2073 1307 2136 (Nou

214 2145 370 2212 popularem
380 2147 529 2210 captantes,
540 2145 651 2197 tribules
660 2146 741 2196 etiam
779 2147 843 2198 satis
860 2147 887 2198 h.
901 2145 917 2196 l.
931 2143 1019 2196 soleas
1036 2148 1219 2208 coenatorias,
1238 2160 1306 2210 quas

213 2221 386 2285 pauperiores
402 2222 460 2270 ruri
480 2221 609 2284 degentes
626 2220 660 2270 ad
678 2233 742 2271 con-
778 2219 1010 2272 discumbentibus
1027 2221 1147 2272 couvivis
1161 2219 1307 2273 demebant

213 2295 282 2346 vivia
299 2294 433 2345 interdum
446 2295 599 2346 invitabant.
622 2295 740 2360 (Proprie
778 2296 863 2356 servi,
888 2307 903 2344 a
924 2293 1021 2346 calceis
1043 2295 1193 2346 distinxisse
1210 2295 1306 2346 viden-

213 2381 294 2420 sensu
312 2369 440 2434 equidem
456 2369 484 2420 h.
502 2369 520 2422 l.
538 2385 564 2420 v.
583 2370 681 2420 tribulis
697 2385 741 2421 ae·
778 2373 822 2420 tur
837 2371 1009 2434 interpretas.
1038 2369 1090 2420 Cir.
1104 2371 1157 2419 Sat.
1171 2371 1198 2433 ι,
1212 2370 1237 2432 8,
1254 2369 1304 2431 77.)

213 2444 294 2508 cipio,
314 2456 368 2493 nou
383 2459 446 2495 cum
458 2443 620 2508 Forcelliuo,
638 2447 741 2496 Fraun-
811 2446 852 2494 lii.
866 2445 906 2496 ll.
926 2445 965 2494 Ne
980 2445 1052 2508 oolpo
1070 2445 1133 2508 cet]
1153 2445 1207 2494 alle
1224 2444 1305 2494 arde-

212 2517 270 2580 dio,
298 2517 355 2570 aliis
380 2521 528 2582 generatim
553 2533 602 2584 pro
631 2521 739 2572 homine
777 2517 879 2570 lionum
904 2517 1009 2569 circulis
1032 2521 1059 2570 et
1081 2518 1175 2570 turbae
1192 2517 1304 2570 liberto-

212 2605 340 2657 peupere,
354 2595 384 2643 ut
395 2592 482 2644 solent
492 2595 660 2658 interpretari
669 2596 740 2646 Har·
777 2606 837 2645 rum
855 2595 881 2643 in
893 2593 1016 2644 Palatinis
1032 2593 1145 2644 aedibus
1162 2606 1256 2644 narres
1274 2597 1300 2644 te

212 2665 265 2716 tial.
280 2667 308 2728 9,
327 2668 372 2728 50,
390 2669 422 2716 l:
451 2667 529 2732 (toga)
546 2669 620 2718 Nunc
636 2682 701 2718 enas
717 2674 740 2720 et
777 2670 803 2720 iu
826 2669 919 2719 itinere
945 2681 977 2718 ex
995 2681 1058 2731 agro
1076 2667 1174 2720 Sabino
1191 2671 1303 2720 Romam

211 2741 317 2792 nennio
332 2743 379 2791 oie
397 2742 657 2804 aecipienoctrtootn
675 2744 739 2793 item
777 2743 846 2793 iacto
864 2743 1018 2802 sudavisse,
1040 2755 1104 2793 cum
1121 2742 1231 2792 afferres
1248 2745 1304 2792 Au-

211 2814 277 2866 ibid.
290 2816 332 2878 58,
345 2817 375 2867 8:
392 2816 445 2866 Nec
457 2816 558 2878 pattena
574 2821 634 2880 toga
646 2818 739 2866 mortrti
776 2819 853 2880 gusto
879 2817 985 2879 egregia
1008 2814 1110 2867 scilieet
1127 2816 1225 2866 Horatii
1243 2829 1303 2865 cnr-

211 2890 317 2942 tribalis.
351 2892 462 2952 Propria
487 2893 561 2942 certe
583 2891 738 2954 significatio
777 2892 866 2952 miua;
893 2889 956 2941 nibil
978 2890 1050 2940 euim
1067 2891 1160 2939 attinet
1176 2887 1234 2939 illos
1250 2890 1303 2940 hoc

211 2967 361 3018 Horatianis
377 2966 546 3031 temporibus
564 2967 651 3031 aptior
666 2968 739 3018 vide·
776 2967 924 3016 resciscere
953 2978 1004 3015 nec
1032 2965 1058 3014 te
1087 2964 1213 3014 mandato
1239 2977 1302 3018 meo

211 3044 268 3102 tur,
294 3042 325 3090 ut
345 3041 527 3108 concedamus
549 3039 674 3093 Hartialis
691 3055 738 3092 ae·
776 3039 881 3104 gloriari
906 3051 995 3102 neque
1013 3051 1057 3088 me
1075 3037 1146 3102 apud
1163 3051 1232 3102 quos
1249 3039 1303 3090 rni-

211 3117 264 3166 tate
281 3116 397 3168 nimico
414 3116 531 3167 eundem
549 3115 606 3166 lere
622 3116 674 3166 dici
691 3130 739 3181 po-
774 3117 846 3166 nime
873 3115 997 3166 convenit
1020 3114 1207 3177 intempestive
1233 3126 1248 3163 a
1274 3116 1301 3164 te

211 3191 306 3251 tuisse,
325 3191 371 3254 qui
383 3193 472 3242 Persio
485 3193 528 3241 est
540 3191 736 3255 sarnipoponus.)
775 3189 903 3240 laudari.»
932 3187 1088 3252 asyndeton
1105 3189 1197 3237 autem
1214 3187 1299 3240 Codd.

211 3265 345 3329 Principes
373 3269 464 3317 autern
491 3268 564 3318 cives
595 3267 622 3316 in
647 3267 734 3316 xxxi.
774 3277 898 3316 meorum
914 3276 945 3314 ne
961 3275 1051 3312 noma
1067 3260 1232 3326 postfutura
1248 3267 1301 3314 ate·

209 3341 322 3392 rusticas
350 3339 447 3402 tribus,
477 3341 600 3392 homiues
628 3341 735 3392 infimae
772 3340 821 3402 ris,
847 3337 957 3389 servabis
978 3337 1065 3401 aptius
1087 3335 1194 3386 videtur
1217 3347 1299 3400 quam

209 3415 289 3465 sortis
306 3415 334 3466 in
350 3416 392 3466 lV.
405 3413 523 3467 urbanas
540 3418 677 3468 memento
694 3429 736 3467 re-
773 3413 816 3465 vel
832 3427 881 3464 nen
893 3411 935 3463 vel
951 3425 997 3464 nac
1007 3424 1106 3462 nomm.
1122 3439 1150 3448 -
1164 3408 1300 3472 moises]

209 3487 378 3540 latosluisse.
405 3491 528 3541 Rusticus
545 3491 625 3554 igitur
640 3493 736 3542 Homa—
773 3487 841 3540 Nihil
862 3487 944 3538 habet
965 3487 1057 3550 ingrati
1075 3487 1122 3536 aut
1137 3485 1243 3546 rustici,
1270 3487 1300 3534 ut

209 3578 259 3616 nus
275 3567 400 3617 invitatus
413 3579 428 3615 a
440 3566 530 3617 tribuli
541 3580 590 3618 suo
602 3565 734 3632 locuplete
772 3563 860 3614 visum
878 3564 920 3614 est
936 3559 1084 3622 nonnullis;
1106 3559 1240 3624 siquidem
1257 3559 1298 3608 ni-

209 3641 289 3704 atque
306 3638 399 3691 illustri
417 3655 471 3692 non
487 3642 545 3694 sine
558 3643 675 3706 quadam
686 3657 735 3694 ve·
773 3637 808 3688 hil
832 3637 903 3688 aliud
920 3639 970 3689 nisi
993 3637 1093 3688 itineris
1110 3638 1190 3699 atque
1208 3634 1298 3684 oneris

208 3714 337 3766 recundia
362 3727 395 3765 ac
418 3716 514 3766 timore
532 3729 547 3766 e
564 3718 624 3766 vieo
641 3730 690 3768 suo
707 3719 734 3769 in
772 3712 923 3764 molestiam
948 3711 1087 3775 significat.
1122 3710 1165 3760 Sic
1189 3709 1243 3759 Cic.
1263 3707 1297 3758 ad

209 3789 306 3842 Urbem
332 3791 417 3854 pergit
440 3788 575 3841 calceatus
592 3791 634 3842 vel
651 3805 734 3856 pero·
773 3790 844 3839 Fam.
866 3788 895 3850 3,
917 3788 960 3848 li,
982 3787 1010 3836 3:
1052 3785 1120 3835 Vtiles
1143 3785 1235 3834 sudore
1258 3796 1299 3834 me

207 3866 303 3926 natus;
333 3865 395 3928 quia
422 3877 531 3916 servum
559 3878 612 3914 non
637 3865 732 3928 habet,
770 3863 919 3914 ionsdudm
935 3861 1104 3920 laborantes,
1129 3857 1251 3921 quornodo
1267 3871 1298 3907 eo

207 3941 281 3990 certe
307 3939 354 4001 qui
375 3952 442 4003 opus
459 3941 589 3990 rusticum
606 3939 733 3990 deserere
771 3944 857 4000 tueor,
876 3951 940 4000 qnae
952 3937 1014 3986 miii
1025 3935 1193 3986 mmdontnt·
1212 3933 1296 3992 Quiu-

207 4015 303 4078 possit,
326 4015 383 4078 ipse
400 4013 492 4075 solem,
511 4011 609 4078 quibus
626 4013 733 4064 indutus
771 4012 807 4062 til.
821 4015 845 4074 e,
859 4013 883 4073 7,
899 4014 927 4061 t:
950 4011 1081 4062 Heminae
1094 4007 1210 4070 patronis
1225 4007 1297 4056 circo

206 4090 233 4139 in
261 4087 403 4139 triclinium
429 4089 527 4138 intrare
553 4087 650 4150 debet,
680 4101 732 4139 una
770 4086 911 4137 testimonio
926 4087 1004 4135 rader
1021 4089 1064 4134 eat.
1092 4110 1120 4119 -
1147 4081 1230 4132 oculor
1245 4095 1295 4132 aas·

207 4175 270 4212 cum
292 4161 375 4227 pileo,
402 4175 456 4226 quo
477 4162 528 4212 sub
552 4164 660 4213 noctem
681 4163 734 4213 do-
770 4160 867 4224 resqve]
897 4159 981 4209 oenum
1003 4157 1128 4223 legentis,
1160 4169 1235 4207 aurea
1259 4155 1293 4206 ab

207 4249 282 4288 mum
299 4239 440 4288 revertens
457 4241 538 4304 caput
549 4238 668 4288 tectums
680 4241 731 4300 est,
770 4238 915 4299 anagnosta
936 4235 1046 4284 recitata
1071 4232 1219 4292 audientis,
1245 4231 1295 4282 nisi

206 4312 256 4362 sub
285 4312 325 4363 ala
353 4315 450 4377 portat.
494 4313 614 4377 Optimus
643 4315 732 4363 autern
771 4325 834 4361 vero
852 4311 909 4361 sine
928 4310 978 4359 boe
995 4308 1149 4361 discrimine
1165 4320 1215 4373 per
1231 4319 1295 4372 pro-
