<?xml version="1.0" encoding="UTF-8"?>
<!DOCTYPE html PUBLIC "-//W3C//DTD XHTML 1.0 Transitional//EN"
    "http://www.w3.org/TR/xhtml1/DTD/xhtml1-transitional.dtd">
<html xmlns="http://www.w3.org/1999/xhtml" xml:lang="en" lang="en">
 <head>
  <title>
</title>
<meta http-equiv="Content-Type" content="text/html;charset=utf-8" />
  <meta name='ocr-system' content='tesseract 3.04.00' />
  <meta name='ocr-capabilities' content='ocr_page ocr_carea ocr_par ocr_line ocrx_word'/>
</head>
<body>
  <div class='ocr_page' id='page_1' title='image "./qhoratiusflaccu01baitgoog_0352.png"; bbox 0 0 3156 4972; ppageno 0'>
   <div class='ocr_carea' id='block_1_1' title="bbox 573 444 1263 510">
    <p class='ocr_par' dir='ltr' id='par_1_1' title="bbox 573 444 1263 510">
     <span class='ocr_line' id='line_1_1' title="bbox 573 444 1263 510; baseline 0.023 -16"><span class='ocrx_word' id='word_1_1' title='bbox 573 445 633 494; x_wconf 84' lang='lat' dir='ltr'><strong>urs.</strong></span> <span class='ocrx_word' id='word_1_2' title='bbox 652 445 682 494; x_wconf 97' lang='grc' dir='ltr'><strong>ιι.</strong></span> <span class='ocrx_word' id='word_1_3' title='bbox 718 444 787 494; x_wconf 78' lang='lat' dir='ltr'><strong>sar.</strong></span> <span class='ocrx_word' id='word_1_4' title='bbox 807 444 859 494; x_wconf 89' lang='lat' dir='ltr'><strong>vu.</strong></span> <span class='ocrx_word' id='word_1_5' title='bbox 1200 445 1263 510; x_wconf 80' lang='lat'><strong>337</strong></span> 
     </span>
    </p>
   </div>
   <div class='ocr_carea' id='block_1_2' title="bbox 219 599 1263 1298">
    <p class='ocr_par' dir='ltr' id='par_1_2' title="bbox 220 599 1127 810">
     <span class='ocr_line' id='line_1_2' title="bbox 221 599 1127 690; baseline 0.002 -24"><span class='ocrx_word' id='word_1_6' title='bbox 221 603 287 667; x_wconf 91' lang='lat' dir='ltr'><strong>Non</strong></span> <span class='ocrx_word' id='word_1_7' title='bbox 310 621 361 677; x_wconf 84' lang='lat' dir='ltr'><strong>es.</strong></span> <span class='ocrx_word' id='word_1_8' title='bbox 386 600 475 690; x_wconf 90' lang='lat' dir='ltr'><strong>quod</strong></span> <span class='ocrx_word' id='word_1_9' title='bbox 497 600 654 667; x_wconf 85' lang='lat' dir='ltr'><strong>simulas?</strong></span> <span class='ocrx_word' id='word_1_10' title='bbox 675 603 822 670; x_wconf 85' lang='lat' dir='ltr'><strong>Metuens</strong></span> <span class='ocrx_word' id='word_1_11' title='bbox 845 599 1007 667; x_wconf 88' lang='lat' dir='ltr'><strong>induceris</strong></span> <span class='ocrx_word' id='word_1_12' title='bbox 1029 612 1127 688; x_wconf 86' lang='lat' dir='ltr'><strong>atque</strong></span> 
     </span>
     <span class='ocr_line' id='line_1_3' title="bbox 220 721 991 810; baseline -0.001 -22"><span class='ocrx_word' id='word_1_13' title='bbox 220 723 398 790; x_wconf 83' lang='lat' dir='ltr'><strong>Altercunte</strong></span> <span class='ocrx_word' id='word_1_14' title='bbox 420 721 605 789; x_wconf 82' lang='lat' dir='ltr'><strong>libidinibus</strong></span> <span class='ocrx_word' id='word_1_15' title='bbox 631 723 740 790; x_wconf 90' lang='lat' dir='ltr'><strong>tremis</strong></span> <span class='ocrx_word' id='word_1_16' title='bbox 763 744 838 790; x_wconf 86' lang='lat' dir='ltr'><strong>ossa</strong></span> <span class='ocrx_word' id='word_1_17' title='bbox 860 743 991 810; x_wconf 84' lang='lat' dir='ltr'><strong>pavore.</strong></span> 
     </span>
    </p>

    <p class='ocr_par' dir='ltr' id='par_1_3' title="bbox 220 843 958 933">
     <span class='ocr_line' id='line_1_4' title="bbox 220 843 958 933; baseline 0 -23"><span class='ocrx_word' id='word_1_18' title='bbox 220 843 303 924; x_wconf 88' lang='lat' dir='ltr'><strong>Quid</strong></span> <span class='ocrx_word' id='word_1_19' title='bbox 326 845 437 922; x_wconf 78' lang='lat' dir='ltr'><strong>refert,</strong></span> <span class='ocrx_word' id='word_1_20' title='bbox 461 846 527 920; x_wconf 80' lang='lat' dir='ltr'><strong>uri,</strong></span> <span class='ocrx_word' id='word_1_21' title='bbox 551 845 650 931; x_wconf 82' lang='lat' dir='ltr'><strong>virgis</strong></span> <span class='ocrx_word' id='word_1_22' title='bbox 673 844 824 933; x_wconf 78' lang='lat' dir='ltr'><strong>ferroque</strong></span> <span class='ocrx_word' id='word_1_23' title='bbox 850 846 958 912; x_wconf 84' lang='lat' dir='ltr'><strong>necari</strong></span> 
     </span>
    </p>

    <p class='ocr_par' dir='ltr' id='par_1_4' title="bbox 220 965 999 1054">
     <span class='ocr_line' id='line_1_5' title="bbox 220 965 999 1054; baseline 0.004 -23"><span class='ocrx_word' id='word_1_24' title='bbox 220 969 411 1034; x_wconf 75' lang='lat' dir='ltr'><strong>Auctoratus</strong></span> <span class='ocrx_word' id='word_1_25' title='bbox 435 987 505 1044; x_wconf 88' lang='lat' dir='ltr'><strong>ees,</strong></span> <span class='ocrx_word' id='word_1_26' title='bbox 530 987 571 1034; x_wconf 84' lang='lat' dir='ltr'><strong>en</strong></span> <span class='ocrx_word' id='word_1_27' title='bbox 592 967 678 1054; x_wconf 82' lang='lat' dir='ltr'>turpi</span> <span class='ocrx_word' id='word_1_28' title='bbox 702 965 832 1034; x_wconf 86' lang='lat' dir='ltr'><strong>clausus</strong></span> <span class='ocrx_word' id='word_1_29' title='bbox 854 967 889 1038; x_wconf 90' lang='lat' dir='ltr'><strong>iu</strong></span> <span class='ocrx_word' id='word_1_30' title='bbox 908 987 999 1043; x_wconf 84' lang='lat' dir='ltr'><strong>arca,</strong></span> 
     </span>
    </p>

    <p class='ocr_par' dir='ltr' id='par_1_5' title="bbox 219 1087 1263 1298">
     <span class='ocr_line' id='line_1_6' title="bbox 219 1087 1263 1176; baseline 0.005 -23"><span class='ocrx_word' id='word_1_31' title='bbox 219 1089 290 1167; x_wconf 84' lang='lat' dir='ltr'><strong>Quo</strong></span> <span class='ocrx_word' id='word_1_32' title='bbox 312 1097 344 1155; x_wconf 89' lang='lat' dir='ltr'><strong>te</strong></span> <span class='ocrx_word' id='word_1_33' title='bbox 366 1087 496 1156; x_wconf 77' lang='lat' dir='ltr'><strong>demisit</strong></span> <span class='ocrx_word' id='word_1_34' title='bbox 518 1089 641 1176; x_wconf 87' lang='lat' dir='ltr'><strong>peccati</strong></span> <span class='ocrx_word' id='word_1_35' title='bbox 664 1089 795 1156; x_wconf 85' lang='lat' dir='ltr'><strong>conscia</strong></span> <span class='ocrx_word' id='word_1_36' title='bbox 816 1088 943 1166; x_wconf 85' lang='lat' dir='ltr'><strong>herilis,</strong></span> <span class='ocrx_word' id='word_1_37' title='bbox 1222 1093 1263 1158; x_wconf 88' lang='grc'><strong>60</strong></span> 
     </span>
     <span class='ocr_line' id='line_1_7' title="bbox 220 1209 1114 1298; baseline 0.001 -21"><span class='ocrx_word' id='word_1_38' title='bbox 220 1209 424 1277; x_wconf 85' lang='lat' dir='ltr'><strong>Contractum</strong></span> <span class='ocrx_word' id='word_1_39' title='bbox 445 1210 583 1297; x_wconf 84' lang='lat' dir='ltr'><strong>genibus</strong></span> <span class='ocrx_word' id='word_1_40' title='bbox 605 1221 716 1298; x_wconf 83' lang='lat' dir='ltr'><strong>tangas</strong></span> <span class='ocrx_word' id='word_1_41' title='bbox 738 1210 859 1298; x_wconf 85' lang='lat' dir='ltr'><strong>caput?</strong></span> <span class='ocrx_word' id='word_1_42' title='bbox 880 1211 977 1277; x_wconf 85' lang='lat' dir='ltr'><strong>Estne</strong></span> <span class='ocrx_word' id='word_1_43' title='bbox 999 1211 1114 1278; x_wconf 88' lang='lat' dir='ltr'><strong>marito</strong></span> 
     </span>
    </p>
   </div>
   <div class='ocr_carea' id='block_1_3' title="bbox 209 1437 1228 1574">
    <p class='ocr_par' dir='ltr' id='par_1_6' title="bbox 209 1437 1228 1574">
     <span class='ocr_line' id='line_1_8' title="bbox 239 1437 1228 1502; baseline 0.002 -14"><span class='ocrx_word' id='word_1_44' title='bbox 239 1437 282 1488; x_wconf 81' lang='grc'><strong>58.</strong></span> <span class='ocrx_word' id='word_1_45' title='bbox 299 1439 341 1486; x_wconf 80' lang='lat' dir='ltr'><strong>urs·</strong></span> <span class='ocrx_word' id='word_1_46' title='bbox 357 1438 449 1501; x_wconf 67' lang='lat' dir='ltr'><strong>oirpd,</strong></span> <span class='ocrx_word' id='word_1_47' title='bbox 466 1438 583 1501; x_wconf 76' lang='lat' dir='ltr'><strong>smoqru</strong></span> <span class='ocrx_word' id='word_1_48' title='bbox 599 1439 687 1487; x_wconf 80' lang='lat' dir='ltr'><strong>oecon·</strong></span> <span class='ocrx_word' id='word_1_49' title='bbox 704 1438 737 1488; x_wconf 82' lang='lat' dir='ltr'><strong>ii.</strong></span> <span class='ocrx_word' id='word_1_50' title='bbox 756 1437 846 1502; x_wconf 68' lang='lat' dir='ltr'><strong>(circis</strong></span> <span class='ocrx_word' id='word_1_51' title='bbox 860 1439 903 1488; x_wconf 85' lang='lat' dir='ltr'><strong>uri</strong></span> <span class='ocrx_word' id='word_1_52' title='bbox 920 1451 935 1488; x_wconf 88' lang='lat' dir='ltr'><strong>e</strong></span> <span class='ocrx_word' id='word_1_53' title='bbox 953 1437 1018 1488; x_wconf 86' lang='lat' dir='ltr'><strong>cod.</strong></span> <span class='ocrx_word' id='word_1_54' title='bbox 1032 1439 1127 1490; x_wconf 81' lang='lat' dir='ltr'><strong>Tosan.</strong></span> <span class='ocrx_word' id='word_1_55' title='bbox 1146 1440 1186 1502; x_wconf 77' lang='lat' dir='ltr'><strong>C.)</strong></span> <span class='ocrx_word' id='word_1_56' title='bbox 1201 1465 1228 1476; x_wconf 92' lang='grc'>-</span> 
     </span>
     <span class='ocr_line' id='line_1_9' title="bbox 209 1511 1228 1574; baseline 0.001 -11"><span class='ocrx_word' id='word_1_57' title='bbox 209 1511 248 1563; x_wconf 82' lang='grc'><strong>00.</strong></span> <span class='ocrx_word' id='word_1_58' title='bbox 262 1525 356 1574; x_wconf 64' lang='lat' dir='ltr'><strong>wass,</strong></span> <span class='ocrx_word' id='word_1_59' title='bbox 368 1515 437 1564; x_wconf 85' lang='lat' dir='ltr'><strong>teste</strong></span> <span class='ocrx_word' id='word_1_60' title='bbox 450 1511 609 1564; x_wconf 85' lang='lat' dir='ltr'><strong>Bentleioed</strong></span> <span class='ocrx_word' id='word_1_61' title='bbox 620 1513 673 1563; x_wconf 87' lang='lat' dir='ltr'><strong>Set.</strong></span> <span class='ocrx_word' id='word_1_62' title='bbox 685 1514 710 1572; x_wconf 77' lang='lat'><strong>2,</strong></span> <span class='ocrx_word' id='word_1_63' title='bbox 720 1513 745 1574; x_wconf 71' lang='grc' dir='ltr'><strong>Ξ,</strong></span> <span class='ocrx_word' id='word_1_64' title='bbox 758 1513 814 1562; x_wconf 86' lang='grc'><strong>406.</strong></span> <span class='ocrx_word' id='word_1_65' title='bbox 825 1539 851 1550; x_wconf 91' lang='lat'><strong>·-</strong></span> <span class='ocrx_word' id='word_1_66' title='bbox 861 1512 901 1563; x_wconf 86' lang='grc'><strong>00.</strong></span> <span class='ocrx_word' id='word_1_67' title='bbox 909 1514 1002 1564; x_wconf 84' lang='lat' dir='ltr'><strong>dimisit</strong></span> <span class='ocrx_word' id='word_1_68' title='bbox 1013 1513 1058 1564; x_wconf 90' lang='lat' dir='ltr'><strong>bS.</strong></span> <span class='ocrx_word' id='word_1_69' title='bbox 1070 1537 1097 1550; x_wconf 87' lang='lat'>-</span> <span class='ocrx_word' id='word_1_70' title='bbox 1106 1513 1174 1564; x_wconf 77' lang='lat' dir='ltr'><strong>critis</strong></span> <span class='ocrx_word' id='word_1_71' title='bbox 1184 1513 1228 1565; x_wconf 90' lang='lat' dir='ltr'><strong>bo.</strong></span> 
     </span>
    </p>
   </div>
   <div class='ocr_carea' id='block_1_4' title="bbox 166 1699 1265 4380">
    <p class='ocr_par' dir='ltr' id='par_1_7' title="bbox 171 1699 1265 3182">
     <span class='ocr_line' id='line_1_10' title="bbox 178 1699 1263 1765; baseline 0.003 -17"><span class='ocrx_word' id='word_1_72' title='bbox 178 1701 277 1750; x_wconf 78' lang='lat' dir='ltr'><strong>ratos.»</strong></span> <span class='ocrx_word' id='word_1_73' title='bbox 311 1701 378 1750; x_wconf 88' lang='lat' dir='ltr'><strong>Item</strong></span> <span class='ocrx_word' id='word_1_74' title='bbox 404 1701 552 1752; x_wconf 86' lang='lat' dir='ltr'><strong>Gesnerus:</strong></span> <span class='ocrx_word' id='word_1_75' title='bbox 584 1702 702 1750; x_wconf 70' lang='lat' dir='ltr'><strong>«Servus</strong></span> <span class='ocrx_word' id='word_1_76' title='bbox 741 1700 785 1761; x_wconf 87' lang='lat' dir='ltr'><strong>tt,</strong></span> <span class='ocrx_word' id='word_1_77' title='bbox 804 1701 833 1750; x_wconf 84' lang='lat'><strong>8:</strong></span> <span class='ocrx_word' id='word_1_78' title='bbox 858 1699 1263 1765; x_wconf 72' lang='lat' dir='ltr'><strong>kametrcptocerbcianistoa.)</strong></span> 
     </span>
     <span class='ocr_line' id='line_1_11' title="bbox 177 1771 1261 1839; baseline 0.003 -16"><span class='ocrx_word' id='word_1_79' title='bbox 177 1771 300 1836; x_wconf 85' lang='lat' dir='ltr'><strong>postulat,</strong></span> <span class='ocrx_word' id='word_1_80' title='bbox 319 1773 414 1825; x_wconf 82' lang='lat' dir='ltr'><strong>nisibi</strong></span> <span class='ocrx_word' id='word_1_81' title='bbox 432 1774 510 1826; x_wconf 85' lang='lat' dir='ltr'><strong>liceat</strong></span> <span class='ocrx_word' id='word_1_82' title='bbox 526 1773 606 1825; x_wconf 83' lang='lat' dir='ltr'><strong>saluis</strong></span> <span class='ocrx_word' id='word_1_83' title='bbox 622 1776 704 1824; x_wconf 90' lang='lat' dir='ltr'><strong>cruri-</strong></span> <span class='ocrx_word' id='word_1_84' title='bbox 742 1803 769 1811; x_wconf 98' lang='lat'>-</span> <span class='ocrx_word' id='word_1_85' title='bbox 788 1776 840 1838; x_wconf 79' lang='lat' dir='ltr'><strong>uri]</strong></span> <span class='ocrx_word' id='word_1_86' title='bbox 857 1776 988 1839; x_wconf 82' lang='lat' dir='ltr'><strong>imprimis</strong></span> <span class='ocrx_word' id='word_1_87' title='bbox 1005 1774 1102 1825; x_wconf 89' lang='lat' dir='ltr'><strong>lamina</strong></span> <span class='ocrx_word' id='word_1_88' title='bbox 1120 1774 1261 1826; x_wconf 88' lang='lat' dir='ltr'><strong>candente.</strong></span> 
     </span>
     <span class='ocr_line' id='line_1_12' title="bbox 176 1845 1265 1914; baseline 0.006 -18"><span class='ocrx_word' id='word_1_89' title='bbox 176 1845 225 1898; x_wconf 88' lang='lat' dir='ltr'><strong>bus</strong></span> <span class='ocrx_word' id='word_1_90' title='bbox 247 1849 363 1899; x_wconf 80' lang='lat' dir='ltr'><strong>recitare</strong></span> <span class='ocrx_word' id='word_1_91' title='bbox 386 1850 520 1913; x_wconf 82' lang='lat' dir='ltr'><strong>quaedem</strong></span> <span class='ocrx_word' id='word_1_92' title='bbox 537 1849 571 1899; x_wconf 88' lang='lat' dir='ltr'><strong>de</strong></span> <span class='ocrx_word' id='word_1_93' title='bbox 590 1850 702 1913; x_wconf 86' lang='lat' dir='ltr'><strong>Crispini</strong></span> <span class='ocrx_word' id='word_1_94' title='bbox 738 1848 787 1899; x_wconf 78' lang='lat' dir='ltr'><strong>nbi</strong></span> <span class='ocrx_word' id='word_1_95' title='bbox 804 1849 863 1900; x_wconf 84' lang='lat' dir='ltr'><strong>coti.</strong></span> <span class='ocrx_word' id='word_1_96' title='bbox 886 1851 950 1914; x_wconf 87' lang='lat' dir='ltr'><strong>Epp.</strong></span> <span class='ocrx_word' id='word_1_97' title='bbox 974 1851 1001 1909; x_wconf 88' lang='grc'><strong>4,</strong></span> <span class='ocrx_word' id='word_1_98' title='bbox 1027 1850 1072 1910; x_wconf 84' lang='grc'><strong>40,</strong></span> <span class='ocrx_word' id='word_1_99' title='bbox 1095 1850 1135 1901; x_wconf 81' lang='lat' dir='ltr'><strong>tt.</strong></span> <span class='ocrx_word' id='word_1_100' title='bbox 1154 1851 1265 1914; x_wconf 79' lang='lat' dir='ltr'><strong>iungunt</strong></span> 
     </span>
     <span class='ocr_line' id='line_1_13' title="bbox 176 1921 1263 1990; baseline 0.003 -18"><span class='ocrx_word' id='word_1_101' title='bbox 176 1921 397 1986; x_wconf 75' lang='lat' dir='ltr'><strong>disputationibus</strong></span> <span class='ocrx_word' id='word_1_102' title='bbox 425 1923 562 1984; x_wconf 85' lang='lat' dir='ltr'><strong>subiecta,</strong></span> <span class='ocrx_word' id='word_1_103' title='bbox 592 1937 646 1974; x_wconf 90' lang='lat' dir='ltr'><strong>non</strong></span> <span class='ocrx_word' id='word_1_104' title='bbox 660 1925 701 1974; x_wconf 78' lang='lat' dir='ltr'><strong>‘in</strong></span> <span class='ocrx_word' id='word_1_105' title='bbox 738 1924 780 1974; x_wconf 80' lang='lat' dir='ltr'><strong>uri</strong></span> <span class='ocrx_word' id='word_1_106' title='bbox 795 1925 882 1988; x_wconf 67' lang='lat' dir='ltr'><strong>circis.</strong></span> <span class='ocrx_word' id='word_1_107' title='bbox 898 1924 1144 1988; x_wconf 75' lang='lat' dir='ltr'><strong>-uirpis-occcrt]</strong></span> <span class='ocrx_word' id='word_1_108' title='bbox 1164 1938 1263 1990; x_wconf 74' lang='lat' dir='ltr'><strong>«prope</strong></span> 
     </span>
     <span class='ocr_line' id='line_1_14' title="bbox 177 1997 1264 2060; baseline 0.003 -13"><span class='ocrx_word' id='word_1_109' title='bbox 177 1997 312 2048; x_wconf 79' lang='lat' dir='ltr'><strong>Horatium</strong></span> <span class='ocrx_word' id='word_1_110' title='bbox 337 1997 420 2060; x_wconf 80' lang='lat' dir='ltr'><strong>dictu,</strong></span> <span class='ocrx_word' id='word_1_111' title='bbox 451 1999 500 2050; x_wconf 90' lang='lat' dir='ltr'><strong>sed</strong></span> <span class='ocrx_word' id='word_1_112' title='bbox 525 2001 552 2048; x_wconf 91' lang='lat' dir='ltr'><strong>in</strong></span> <span class='ocrx_word' id='word_1_113' title='bbox 576 1999 699 2060; x_wconf 87' lang='lat' dir='ltr'><strong>vitiosos,</strong></span> <span class='ocrx_word' id='word_1_114' title='bbox 739 1999 772 2049; x_wconf 90' lang='lat' dir='ltr'><strong>ad</strong></span> <span class='ocrx_word' id='word_1_115' title='bbox 799 2001 913 2049; x_wconf 92' lang='lat' dir='ltr'><strong>mortem</strong></span> <span class='ocrx_word' id='word_1_116' title='bbox 938 1998 1101 2048; x_wconf 78' lang='lat' dir='ltr'><strong>verberari.»</strong></span> <span class='ocrx_word' id='word_1_117' title='bbox 1142 1999 1264 2050; x_wconf 79' lang='lat' dir='ltr'><strong>infinitivi</strong></span> 
     </span>
     <span class='ocr_line' id='line_1_15' title="bbox 176 2072 1265 2138; baseline 0.004 -18"><span class='ocrx_word' id='word_1_118' title='bbox 176 2083 241 2134; x_wconf 85' lang='lat' dir='ltr'><strong>quae</strong></span> <span class='ocrx_word' id='word_1_119' title='bbox 261 2075 352 2123; x_wconf 84' lang='lat' dir='ltr'><strong>tumen</strong></span> <span class='ocrx_word' id='word_1_120' title='bbox 364 2072 458 2124; x_wconf 85' lang='lat' dir='ltr'><strong>veroiii</strong></span> <span class='ocrx_word' id='word_1_121' title='bbox 475 2072 636 2137; x_wconf 79' lang='lat' dir='ltr'><strong>malignitate</strong></span> <span class='ocrx_word' id='word_1_122' title='bbox 649 2076 703 2123; x_wconf 89' lang='lat' dir='ltr'><strong>tor-</strong></span> <span class='ocrx_word' id='word_1_123' title='bbox 738 2073 857 2138; x_wconf 91' lang='lat' dir='ltr'><strong>pendent</strong></span> <span class='ocrx_word' id='word_1_124' title='bbox 869 2087 884 2124; x_wconf 87' lang='lat' dir='ltr'><strong>a</strong></span> <span class='ocrx_word' id='word_1_125' title='bbox 896 2087 921 2123; x_wconf 87' lang='lat' dir='ltr'><strong>v.</strong></span> <span class='ocrx_word' id='word_1_126' title='bbox 937 2079 1093 2135; x_wconf 62' lang='lat' dir='ltr'><strong>adcinctus,</strong></span> <span class='ocrx_word' id='word_1_127' title='bbox 1108 2075 1209 2138; x_wconf 74' lang='lat' dir='ltr'><strong>«pretio</strong></span> <span class='ocrx_word' id='word_1_128' title='bbox 1221 2087 1265 2124; x_wconf 86' lang='lat' dir='ltr'><strong>ec·</strong></span> 
     </span>
     <span class='ocr_line' id='line_1_16' title="bbox 174 2148 1263 2213; baseline 0.003 -16"><span class='ocrx_word' id='word_1_129' title='bbox 174 2151 236 2209; x_wconf 84' lang='lat' dir='ltr'><strong>quet</strong></span> <span class='ocrx_word' id='word_1_130' title='bbox 252 2149 282 2196; x_wconf 92' lang='lat' dir='ltr'><strong>in</strong></span> <span class='ocrx_word' id='word_1_131' title='bbox 299 2149 421 2198; x_wconf 77' lang='lat' dir='ltr'><strong>berum.»</strong></span> <span class='ocrx_word' id='word_1_132' title='bbox 450 2149 508 2198; x_wconf 82' lang='lat' dir='ltr'><strong>Non</strong></span> <span class='ocrx_word' id='word_1_133' title='bbox 525 2149 609 2211; x_wconf 81' lang='lat' dir='ltr'><strong>magis</strong></span> <span class='ocrx_word' id='word_1_134' title='bbox 622 2149 701 2211; x_wconf 76' lang='lat' dir='ltr'><strong>igitur</strong></span> <span class='ocrx_word' id='word_1_135' title='bbox 737 2151 817 2212; x_wconf 88' lang='lat' dir='ltr'><strong>cepto</strong></span> <span class='ocrx_word' id='word_1_136' title='bbox 834 2149 928 2211; x_wconf 87' lang='lat' dir='ltr'><strong>sponte</strong></span> <span class='ocrx_word' id='word_1_137' title='bbox 946 2148 998 2198; x_wconf 90' lang='lat' dir='ltr'><strong>hoc</strong></span> <span class='ocrx_word' id='word_1_138' title='bbox 1014 2149 1143 2199; x_wconf 76' lang='lat' dir='ltr'><strong>iuratus.»</strong></span> <span class='ocrx_word' id='word_1_139' title='bbox 1165 2177 1192 2186; x_wconf 93' lang='lat'>-</span> <span class='ocrx_word' id='word_1_140' title='bbox 1212 2149 1263 2213; x_wconf 83' lang='lat' dir='ltr'><strong>cos]</strong></span> 
     </span>
     <span class='ocr_line' id='line_1_17' title="bbox 174 2219 1264 2286; baseline 0.004 -18"><span class='ocrx_word' id='word_1_141' title='bbox 174 2220 238 2272; x_wconf 88' lang='lat' dir='ltr'><strong>baec</strong></span> <span class='ocrx_word' id='word_1_142' title='bbox 262 2219 298 2272; x_wconf 91' lang='lat' dir='ltr'><strong>de</strong></span> <span class='ocrx_word' id='word_1_143' title='bbox 324 2223 431 2273; x_wconf 77' lang='lat' dir='ltr'><strong>Horatio</strong></span> <span class='ocrx_word' id='word_1_144' title='bbox 457 2223 612 2286; x_wconf 81' lang='lat' dir='ltr'><strong>accipiendo</strong></span> <span class='ocrx_word' id='word_1_145' title='bbox 639 2225 702 2273; x_wconf 89' lang='lat' dir='ltr'><strong>sunt</strong></span> <span class='ocrx_word' id='word_1_146' title='bbox 738 2225 846 2273; x_wconf 89' lang='lat' dir='ltr'><strong>utnos:</strong></span> <span class='ocrx_word' id='word_1_147' title='bbox 874 2223 923 2272; x_wconf 83' lang='lat' dir='ltr'><strong>ais</strong></span> <span class='ocrx_word' id='word_1_148' title='bbox 949 2223 1120 2272; x_wconf 81' lang='lat' dir='ltr'><strong>Gladiator</strong></span> <span class='ocrx_word' id='word_1_149' title='bbox 1139 2223 1264 2273; x_wconf 79' lang='lat' dir='ltr'><strong>eicior-</strong></span> 
     </span>
     <span class='ocr_line' id='line_1_18' title="bbox 174 2294 1261 2362; baseline 0.004 -17"><span class='ocrx_word' id='word_1_150' title='bbox 174 2307 253 2358; x_wconf 82' lang='lat' dir='ltr'><strong>quam</strong></span> <span class='ocrx_word' id='word_1_151' title='bbox 272 2294 315 2346; x_wconf 88' lang='lat' dir='ltr'><strong>iile</strong></span> <span class='ocrx_word' id='word_1_152' title='bbox 333 2297 421 2348; x_wconf 73' lang='lat' dir='ltr'><strong>niti:</strong></span> <span class='ocrx_word' id='word_1_153' title='bbox 450 2297 481 2347; x_wconf 78' lang='lat' dir='ltr'><strong>Tc</strong></span> <span class='ocrx_word' id='word_1_154' title='bbox 502 2299 597 2347; x_wconf 69' lang='lat' dir='ltr'><strong>coniux</strong></span> <span class='ocrx_word' id='word_1_155' title='bbox 617 2297 701 2348; x_wconf 72' lang='lat' dir='ltr'><strong>otioso</strong></span> <span class='ocrx_word' id='word_1_156' title='bbox 737 2297 828 2361; x_wconf 71' lang='lat' dir='ltr'><strong>pcto,</strong></span> <span class='ocrx_word' id='word_1_157' title='bbox 846 2309 895 2362; x_wconf 90' lang='lat' dir='ltr'><strong>pro</strong></span> <span class='ocrx_word' id='word_1_158' title='bbox 912 2297 953 2346; x_wconf 81' lang='lat' dir='ltr'><strong>sis.</strong></span> <span class='ocrx_word' id='word_1_159' title='bbox 989 2299 1090 2348; x_wconf 86' lang='lat' dir='ltr'><strong>Seneca</strong></span> <span class='ocrx_word' id='word_1_160' title='bbox 1109 2298 1261 2349; x_wconf 82' lang='lat' dir='ltr'><strong>HercOet.</strong></span> 
     </span>
     <span class='ocr_line' id='line_1_19' title="bbox 173 2371 1263 2435; baseline 0.002 -15"><span class='ocrx_word' id='word_1_161' title='bbox 173 2373 246 2434; x_wconf 81' lang='lat' dir='ltr'><strong>capit.</strong></span> <span class='ocrx_word' id='word_1_162' title='bbox 266 2399 294 2408; x_wconf 85' lang='lat'>-</span> <span class='ocrx_word' id='word_1_163' title='bbox 314 2373 456 2434; x_wconf 80' lang='lat' dir='ltr'><strong>odoratum]</strong></span> <span class='ocrx_word' id='word_1_164' title='bbox 475 2373 542 2422; x_wconf 91' lang='lat' dir='ltr'><strong>Cum</strong></span> <span class='ocrx_word' id='word_1_165' title='bbox 560 2373 698 2435; x_wconf 81' lang='lat' dir='ltr'><strong>ceteroqui</strong></span> <span class='ocrx_word' id='word_1_166' title='bbox 737 2371 803 2422; x_wconf 77' lang='lat'><strong>283:</strong></span> <span class='ocrx_word' id='word_1_167' title='bbox 829 2373 886 2422; x_wconf 80' lang='lat' dir='ltr'><strong>Non</strong></span> <span class='ocrx_word' id='word_1_168' title='bbox 910 2372 950 2421; x_wconf 82' lang='lat' dir='ltr'><strong>ibo</strong></span> <span class='ocrx_word' id='word_1_169' title='bbox 975 2373 1064 2422; x_wconf 76' lang='lat' dir='ltr'><strong>inuito.</strong></span> <span class='ocrx_word' id='word_1_170' title='bbox 1086 2399 1113 2408; x_wconf 99' lang='lat'>-</span> <span class='ocrx_word' id='word_1_171' title='bbox 1132 2374 1201 2434; x_wconf 81' lang='lat' dir='ltr'><strong>turpi</strong></span> <span class='ocrx_word' id='word_1_172' title='bbox 1217 2398 1232 2410; x_wconf 92' lang='lat'>·</span> <span class='ocrx_word' id='word_1_173' title='bbox 1249 2399 1263 2410; x_wconf 96' lang='lat'>-</span> 
     </span>
     <span class='ocr_line' id='line_1_20' title="bbox 174 2445 1262 2511; baseline 0.003 -16"><span class='ocrx_word' id='word_1_174' title='bbox 174 2445 206 2496; x_wconf 93' lang='lat' dir='ltr'><strong>sit</strong></span> <span class='ocrx_word' id='word_1_175' title='bbox 222 2447 318 2497; x_wconf 87' lang='lat' dir='ltr'><strong>babitu</strong></span> <span class='ocrx_word' id='word_1_176' title='bbox 329 2446 431 2507; x_wconf 82' lang='lat' dir='ltr'><strong>seruili,</strong></span> <span class='ocrx_word' id='word_1_177' title='bbox 450 2449 646 2510; x_wconf 82' lang='lat' dir='ltr'><strong>unguentorum</strong></span> <span class='ocrx_word' id='word_1_178' title='bbox 660 2449 700 2496; x_wconf 87' lang='lat' dir='ltr'><strong>te·</strong></span> <span class='ocrx_word' id='word_1_179' title='bbox 737 2445 808 2510; x_wconf 86' lang='lat' dir='ltr'><strong>creo]</strong></span> <span class='ocrx_word' id='word_1_180' title='bbox 827 2447 922 2507; x_wconf 77' lang='lat' dir='ltr'><strong>«cista,</strong></span> <span class='ocrx_word' id='word_1_181' title='bbox 942 2459 1014 2510; x_wconf 70' lang='lat' dir='ltr'><strong>quae</strong></span> <span class='ocrx_word' id='word_1_182' title='bbox 1032 2447 1109 2496; x_wconf 82' lang='lat' dir='ltr'><strong>anxie</strong></span> <span class='ocrx_word' id='word_1_183' title='bbox 1127 2460 1262 2511; x_wconf 85' lang='lat' dir='ltr'><strong>quaeren-</strong></span> 
     </span>
     <span class='ocr_line' id='line_1_21' title="bbox 174 2519 1263 2586; baseline 0.005 -17"><span class='ocrx_word' id='word_1_184' title='bbox 174 2531 233 2572; x_wconf 87' lang='lat' dir='ltr'><strong>men</strong></span> <span class='ocrx_word' id='word_1_185' title='bbox 251 2519 338 2572; x_wconf 88' lang='lat' dir='ltr'><strong>odore</strong></span> <span class='ocrx_word' id='word_1_186' title='bbox 355 2520 462 2585; x_wconf 77' lang='lat' dir='ltr'><strong>placem</strong></span> <span class='ocrx_word' id='word_1_187' title='bbox 479 2521 534 2571; x_wconf 86' lang='lat' dir='ltr'><strong>voit</strong></span> <span class='ocrx_word' id='word_1_188' title='bbox 559 2521 698 2572; x_wconf 81' lang='lat' dir='ltr'><strong>moechae.</strong></span> <span class='ocrx_word' id='word_1_189' title='bbox 737 2519 823 2580; x_wconf 82' lang='lat' dir='ltr'><strong>tibus,</strong></span> <span class='ocrx_word' id='word_1_190' title='bbox 849 2520 895 2571; x_wconf 87' lang='lat' dir='ltr'><strong>ubi</strong></span> <span class='ocrx_word' id='word_1_191' title='bbox 922 2520 1102 2582; x_wconf 67' lang='lat' dir='ltr'><strong>truncarunt,</strong></span> <span class='ocrx_word' id='word_1_192' title='bbox 1129 2523 1215 2586; x_wconf 89' lang='lat' dir='ltr'><strong>prima</strong></span> <span class='ocrx_word' id='word_1_193' title='bbox 1233 2537 1263 2574; x_wconf 87' lang='lat' dir='ltr'><strong>se</strong></span> 
     </span>
     <span class='ocr_line' id='line_1_22' title="bbox 175 2594 1264 2660; baseline 0.003 -15"><span class='ocrx_word' id='word_1_194' title='bbox 175 2621 200 2631; x_wconf 92' lang='lat'><strong>·-</strong></span> <span class='ocrx_word' id='word_1_195' title='bbox 212 2597 274 2646; x_wconf 83' lang='lat' dir='ltr'><strong>Non</strong></span> <span class='ocrx_word' id='word_1_196' title='bbox 286 2597 384 2658; x_wconf 80' lang='lat' dir='ltr'><strong>ascet]</strong></span> <span class='ocrx_word' id='word_1_197' title='bbox 403 2599 510 2648; x_wconf 78' lang='lat' dir='ltr'><strong>«Nonne</strong></span> <span class='ocrx_word' id='word_1_198' title='bbox 527 2599 592 2646; x_wconf 88' lang='lat' dir='ltr'><strong>tunc</strong></span> <span class='ocrx_word' id='word_1_199' title='bbox 604 2608 699 2660; x_wconf 84' lang='lat' dir='ltr'><strong>reapse</strong></span> <span class='ocrx_word' id='word_1_200' title='bbox 737 2594 845 2654; x_wconf 77' lang='lat' dir='ltr'><strong>obtulit,</strong></span> <span class='ocrx_word' id='word_1_201' title='bbox 873 2594 916 2646; x_wconf 89' lang='lat' dir='ltr'><strong>vili</strong></span> <span class='ocrx_word' id='word_1_202' title='bbox 938 2595 1050 2647; x_wconf 82' lang='lat' dir='ltr'><strong>tortasse</strong></span> <span class='ocrx_word' id='word_1_203' title='bbox 1067 2597 1127 2647; x_wconf 90' lang='lat' dir='ltr'><strong>usui</strong></span> <span class='ocrx_word' id='word_1_204' title='bbox 1145 2596 1264 2648; x_wconf 82' lang='lat' dir='ltr'><strong>destina-</strong></span> 
     </span>
     <span class='ocr_line' id='line_1_23' title="bbox 172 2669 1262 2734; baseline 0.004 -16"><span class='ocrx_word' id='word_1_205' title='bbox 172 2681 213 2730; x_wconf 77' lang='lat' dir='ltr'><strong>es.</strong></span> <span class='ocrx_word' id='word_1_206' title='bbox 237 2669 315 2734; x_wconf 86' lang='lat' dir='ltr'><strong>quod</strong></span> <span class='ocrx_word' id='word_1_207' title='bbox 332 2673 358 2718; x_wconf 89' lang='lat' dir='ltr'><strong>te</strong></span> <span class='ocrx_word' id='word_1_208' title='bbox 376 2683 437 2720; x_wconf 86' lang='lat' dir='ltr'><strong>esse</strong></span> <span class='ocrx_word' id='word_1_209' title='bbox 455 2669 577 2730; x_wconf 83' lang='lat' dir='ltr'><strong>simules,</strong></span> <span class='ocrx_word' id='word_1_210' title='bbox 605 2683 700 2720; x_wconf 90' lang='lat' dir='ltr'><strong>servus</strong></span> <span class='ocrx_word' id='word_1_211' title='bbox 738 2673 789 2719; x_wconf 73' lang='lat' dir='ltr'><strong>ta.»</strong></span> <span class='ocrx_word' id='word_1_212' title='bbox 818 2671 860 2720; x_wconf 88' lang='lat' dir='ltr'><strong>Sic</strong></span> <span class='ocrx_word' id='word_1_213' title='bbox 880 2670 952 2734; x_wconf 93' lang='lat' dir='ltr'><strong>apud</strong></span> <span class='ocrx_word' id='word_1_214' title='bbox 968 2669 1044 2734; x_wconf 79' lang='lat' dir='ltr'><strong>Apul.</strong></span> <span class='ocrx_word' id='word_1_215' title='bbox 1062 2673 1168 2722; x_wconf 81' lang='lat' dir='ltr'><strong>Metam.</strong></span> <span class='ocrx_word' id='word_1_216' title='bbox 1188 2672 1218 2733; x_wconf 87' lang='grc'><strong>0,</strong></span> <span class='ocrx_word' id='word_1_217' title='bbox 1237 2675 1262 2723; x_wconf 79' lang='grc'><strong>5.</strong></span> 
     </span>
     <span class='ocr_line' id='line_1_24' title="bbox 172 2743 1265 2809; baseline 0.002 -15"><span class='ocrx_word' id='word_1_218' title='bbox 172 2747 324 2808; x_wconf 73' lang='lat' dir='ltr'><strong>nequam‘ir</strong></span> <span class='ocrx_word' id='word_1_219' title='bbox 345 2771 372 2782; x_wconf 91' lang='lat'><em>-</em></span> <span class='ocrx_word' id='word_1_220' title='bbox 390 2745 531 2795; x_wconf 65' lang='lat' dir='ltr'><strong>Amorne</strong></span> <span class='ocrx_word' id='word_1_221' title='bbox 547 2745 610 2809; x_wconf 80' lang='lat' dir='ltr'><strong>oet]</strong></span> <span class='ocrx_word' id='word_1_222' title='bbox 632 2757 700 2809; x_wconf 74' lang='lat' dir='ltr'><strong>«rpu-</strong></span> <span class='ocrx_word' id='word_1_223' title='bbox 738 2744 850 2794; x_wconf 86' lang='lat' dir='ltr'><strong>moecba</strong></span> <span class='ocrx_word' id='word_1_224' title='bbox 868 2743 1020 2795; x_wconf 84' lang='lat' dir='ltr'><strong>adulterum</strong></span> <span class='ocrx_word' id='word_1_225' title='bbox 1032 2745 1111 2807; x_wconf 81' lang='lat' dir='ltr'><strong>dotto,</strong></span> <span class='ocrx_word' id='word_1_226' title='bbox 1131 2748 1265 2807; x_wconf 79' lang='lat' dir='ltr'><strong>quoderat</strong></span> 
     </span>
     <span class='ocr_line' id='line_1_25' title="bbox 171 2818 1265 2884; baseline 0 -13"><span class='ocrx_word' id='word_1_227' title='bbox 171 2823 268 2880; x_wconf 71' lang='lat' dir='ltr'><strong>manto</strong></span> <span class='ocrx_word' id='word_1_228' title='bbox 288 2818 434 2870; x_wconf 88' lang='lat' dir='ltr'><strong>identidem</strong></span> <span class='ocrx_word' id='word_1_229' title='bbox 451 2833 551 2884; x_wconf 85' lang='lat' dir='ltr'><strong>pavore</strong></span> <span class='ocrx_word' id='word_1_230' title='bbox 564 2832 627 2870; x_wconf 90' lang='lat' dir='ltr'><strong>cum</strong></span> <span class='ocrx_word' id='word_1_231' title='bbox 643 2818 701 2869; x_wconf 90' lang='lat' dir='ltr'><strong>libi·</strong></span> <span class='ocrx_word' id='word_1_232' title='bbox 737 2819 764 2868; x_wconf 79' lang='grc' dir='ltr'><strong>ιιι</strong></span> <span class='ocrx_word' id='word_1_233' title='bbox 780 2819 875 2883; x_wconf 66' lang='grc' dir='ltr'>αιιᾳιιιο</span> <span class='ocrx_word' id='word_1_234' title='bbox 891 2819 1068 2868; x_wconf 70' lang='lat' dir='ltr'><strong>renuendum</strong></span> <span class='ocrx_word' id='word_1_235' title='bbox 1084 2821 1126 2869; x_wconf 82' lang='lat' dir='ltr'><strong>red</strong></span> <span class='ocrx_word' id='word_1_236' title='bbox 1142 2820 1265 2872; x_wconf 76' lang='lat' dir='ltr'><strong>otiosae-</strong></span> 
     </span>
     <span class='ocr_line' id='line_1_26' title="bbox 171 2892 1261 2958; baseline 0.005 -16"><span class='ocrx_word' id='word_1_237' title='bbox 171 2892 245 2953; x_wconf 89' lang='lat' dir='ltr'><strong>dine,</strong></span> <span class='ocrx_word' id='word_1_238' title='bbox 275 2894 319 2943; x_wconf 92' lang='lat' dir='ltr'><strong>cui</strong></span> <span class='ocrx_word' id='word_1_239' title='bbox 335 2895 462 2944; x_wconf 87' lang='lat' dir='ltr'><strong>resistere</strong></span> <span class='ocrx_word' id='word_1_240' title='bbox 480 2908 533 2946; x_wconf 89' lang='lat' dir='ltr'><strong>nou</strong></span> <span class='ocrx_word' id='word_1_241' title='bbox 551 2895 625 2958; x_wconf 84' lang='lat' dir='ltr'><strong>quis,</strong></span> <span class='ocrx_word' id='word_1_242' title='bbox 652 2905 700 2943; x_wconf 89' lang='lat' dir='ltr'><strong>us·</strong></span> <span class='ocrx_word' id='word_1_243' title='bbox 736 2907 824 2956; x_wconf 77' lang='lat' dir='ltr'><strong>cumn,</strong></span> <span class='ocrx_word' id='word_1_244' title='bbox 843 2893 1028 2943; x_wconf 75' lang='grc' dir='ltr'>ιιιειιιιιιιιαιιισν</span> <span class='ocrx_word' id='word_1_245' title='bbox 1039 2893 1177 2948; x_wconf 67' lang='lat' dir='ltr'><strong>absconditi</strong></span> <span class='ocrx_word' id='word_1_246' title='bbox 1197 2895 1261 2947; x_wconf 90' lang='lat' dir='ltr'><strong>ibid.</strong></span> 
     </span>
     <span class='ocr_line' id='line_1_27' title="bbox 171 2967 1264 3032; baseline 0.005 -16"><span class='ocrx_word' id='word_1_247' title='bbox 171 2980 222 3030; x_wconf 86' lang='lat' dir='ltr'><strong>que</strong></span> <span class='ocrx_word' id='word_1_248' title='bbox 234 2969 271 3018; x_wconf 87' lang='lat' dir='ltr'><strong>ed</strong></span> <span class='ocrx_word' id='word_1_249' title='bbox 286 2980 348 3018; x_wconf 81' lang='lat' dir='ltr'><strong>osse</strong></span> <span class='ocrx_word' id='word_1_250' title='bbox 360 2969 477 3018; x_wconf 78' lang='lat' dir='ltr'><strong>tremis.»</strong></span> <span class='ocrx_word' id='word_1_251' title='bbox 492 2995 520 3006; x_wconf 89' lang='grc'><strong>-</strong></span> <span class='ocrx_word' id='word_1_252' title='bbox 534 2969 619 3020; x_wconf 80' lang='lat' dir='ltr'><strong>tremis</strong></span> <span class='ocrx_word' id='word_1_253' title='bbox 634 2967 699 3032; x_wconf 81' lang='lat' dir='ltr'><strong>orsu]</strong></span> <span class='ocrx_word' id='word_1_254' title='bbox 737 2981 761 3018; x_wconf 91' lang='lat' dir='ltr'><strong>c.</strong></span> <span class='ocrx_word' id='word_1_255' title='bbox 779 2969 820 3018; x_wconf 73' lang='lat'><strong>23.</strong></span> <span class='ocrx_word' id='word_1_256' title='bbox 845 2968 915 3018; x_wconf 80' lang='lat' dir='ltr'><strong>eloco</strong></span> <span class='ocrx_word' id='word_1_257' title='bbox 939 2969 1035 3031; x_wconf 68' lang='lat' dir='ltr'><strong>licaeo,</strong></span> <span class='ocrx_word' id='word_1_258' title='bbox 1062 2982 1111 3030; x_wconf 81' lang='lat' dir='ltr'><strong>quc</strong></span> <span class='ocrx_word' id='word_1_259' title='bbox 1135 2969 1264 3031; x_wconf 77' lang='lat' dir='ltr'><strong>frumenta</strong></span> 
     </span>
     <span class='ocr_line' id='line_1_28' title="bbox 171 3041 1260 3106; baseline 0.007 -17"><span class='ocrx_word' id='word_1_260' title='bbox 171 3041 238 3106; x_wconf 78' lang='lat' dir='ltr'><strong>Virg.</strong></span> <span class='ocrx_word' id='word_1_261' title='bbox 258 3045 357 3106; x_wconf 82' lang='lat' dir='ltr'><strong>Georg.</strong></span> <span class='ocrx_word' id='word_1_262' title='bbox 377 3043 405 3103; x_wconf 83' lang='grc'><strong>0,</strong></span> <span class='ocrx_word' id='word_1_263' title='bbox 428 3043 472 3094; x_wconf 79' lang='lat' dir='ltr'><strong>8i:</strong></span> <span class='ocrx_word' id='word_1_264' title='bbox 499 3044 577 3094; x_wconf 81' lang='lat' dir='ltr'><strong>micat</strong></span> <span class='ocrx_word' id='word_1_265' title='bbox 596 3043 701 3094; x_wconf 58' lang='lat' dir='ltr'><strong>auditu</strong></span> <span class='ocrx_word' id='word_1_266' title='bbox 736 3047 840 3092; x_wconf 74' lang='lat' dir='ltr'><strong>contrito</strong></span> <span class='ocrx_word' id='word_1_267' title='bbox 853 3044 963 3105; x_wconf 67' lang='lat' dir='ltr'><strong>purpure·</strong></span> <span class='ocrx_word' id='word_1_268' title='bbox 979 3049 1169 3104; x_wconf 59' lang='lat' dir='ltr'><strong>removerem</strong></span> <span class='ocrx_word' id='word_1_269' title='bbox 1196 3043 1260 3097; x_wconf 90' lang='lat' dir='ltr'><strong>ibid.</strong></span> 
     </span>
     <span class='ocr_line' id='line_1_29' title="bbox 171 3115 1264 3182; baseline 0.004 -17"><span class='ocrx_word' id='word_1_270' title='bbox 171 3115 276 3180; x_wconf 78' lang='lat' dir='ltr'><strong>(pullus)</strong></span> <span class='ocrx_word' id='word_1_271' title='bbox 295 3122 318 3167; x_wconf 86' lang='lat' dir='ltr'><strong>et</strong></span> <span class='ocrx_word' id='word_1_272' title='bbox 335 3118 418 3166; x_wconf 76' lang='lat' dir='ltr'><strong>transt</strong></span> <span class='ocrx_word' id='word_1_273' title='bbox 435 3123 514 3167; x_wconf 80' lang='lat' dir='ltr'><strong>artur.</strong></span> <span class='ocrx_word' id='word_1_274' title='bbox 738 3131 762 3168; x_wconf 88' lang='lat' dir='ltr'><strong>c.</strong></span> <span class='ocrx_word' id='word_1_275' title='bbox 774 3115 816 3167; x_wconf 69' lang='lat' dir='ltr'><strong>ii.</strong></span> <span class='ocrx_word' id='word_1_276' title='bbox 835 3119 946 3167; x_wconf 80' lang='lat' dir='ltr'><strong>ciruioeu</strong></span> <span class='ocrx_word' id='word_1_277' title='bbox 961 3131 1054 3179; x_wconf 80' lang='lat' dir='ltr'><strong>rocca,</strong></span> <span class='ocrx_word' id='word_1_278' title='bbox 1079 3131 1144 3180; x_wconf 74' lang='lat' dir='ltr'><strong>quac</strong></span> <span class='ocrx_word' id='word_1_279' title='bbox 1159 3119 1264 3182; x_wconf 62' lang='lat' dir='ltr'><strong>(ustum</strong></span> 
     </span>
    </p>

    <p class='ocr_par' dir='ltr' id='par_1_8' title="bbox 166 3191 1264 4380">
     <span class='ocr_line' id='line_1_30' title="bbox 200 3191 1264 3257; baseline 0.002 -15"><span class='ocrx_word' id='word_1_280' title='bbox 200 3192 294 3242; x_wconf 65' lang='lat' dir='ltr'><strong>tect.</strong></span> <span class='ocrx_word' id='word_1_281' title='bbox 314 3191 379 3254; x_wconf 79' lang='lat' dir='ltr'><strong>(tuid</strong></span> <span class='ocrx_word' id='word_1_282' title='bbox 395 3192 472 3256; x_wconf 70' lang='lat' dir='ltr'><strong>refert</strong></span> <span class='ocrx_word' id='word_1_283' title='bbox 489 3192 551 3256; x_wconf 77' lang='lat' dir='ltr'><strong>cet]</strong></span> <span class='ocrx_word' id='word_1_284' title='bbox 565 3192 649 3253; x_wconf 65' lang='lat' dir='ltr'><strong>:Quid</strong></span> <span class='ocrx_word' id='word_1_285' title='bbox 662 3194 700 3244; x_wconf 86' lang='lat' dir='ltr'><strong>iu·</strong></span> <span class='ocrx_word' id='word_1_286' title='bbox 735 3195 805 3257; x_wconf 73' lang='lat' dir='ltr'><strong>flant</strong></span> <span class='ocrx_word' id='word_1_287' title='bbox 821 3192 891 3242; x_wconf 80' lang='lat' dir='ltr'><strong>tereti</strong></span> <span class='ocrx_word' id='word_1_288' title='bbox 907 3192 934 3240; x_wconf 79' lang='lat' dir='ltr'><strong>iu</strong></span> <span class='ocrx_word' id='word_1_289' title='bbox 950 3197 1046 3242; x_wconf 83' lang='lat' dir='ltr'><strong>rectum</strong></span> <span class='ocrx_word' id='word_1_290' title='bbox 1062 3199 1205 3256; x_wconf 68' lang='lat' dir='ltr'><strong>apyrenum</strong></span> <span class='ocrx_word' id='word_1_291' title='bbox 1220 3207 1264 3244; x_wconf 88' lang='lat' dir='ltr'><strong>cu·</strong></span> 
     </span>
     <span class='ocr_line' id='line_1_31' title="bbox 170 3266 1264 3332; baseline 0.005 -18"><span class='ocrx_word' id='word_1_292' title='bbox 170 3266 272 3328; x_wconf 85' lang='lat' dir='ltr'><strong>terest,</strong></span> <span class='ocrx_word' id='word_1_293' title='bbox 307 3269 396 3316; x_wconf 89' lang='lat' dir='ltr'><strong>utrum</strong></span> <span class='ocrx_word' id='word_1_294' title='bbox 425 3266 579 3329; x_wconf 78' lang='lat' dir='ltr'><strong>gladiatorio</strong></span> <span class='ocrx_word' id='word_1_295' title='bbox 607 3281 699 3318; x_wconf 86' lang='lat' dir='ltr'><strong>sacru·</strong></span> <span class='ocrx_word' id='word_1_296' title='bbox 735 3267 832 3316; x_wconf 83' lang='lat' dir='ltr'><strong>mutum</strong></span> <span class='ocrx_word' id='word_1_297' title='bbox 848 3267 956 3317; x_wconf 63' lang='lat' dir='ltr'><strong>latoius</strong></span> <span class='ocrx_word' id='word_1_298' title='bbox 974 3268 1145 3317; x_wconf 74' lang='lat' dir='ltr'><strong>circundatos</strong></span> <span class='ocrx_word' id='word_1_299' title='bbox 1166 3271 1264 3332; x_wconf 64' lang='lat' dir='ltr'><strong>matesc</strong></span> 
     </span>
     <span class='ocr_line' id='line_1_32' title="bbox 170 3340 1260 3405; baseline 0.005 -17"><span class='ocrx_word' id='word_1_300' title='bbox 170 3345 260 3392; x_wconf 85' lang='lat' dir='ltr'><strong>mento</strong></span> <span class='ocrx_word' id='word_1_301' title='bbox 280 3341 402 3392; x_wconf 88' lang='lat' dir='ltr'><strong>addictus</strong></span> <span class='ocrx_word' id='word_1_302' title='bbox 419 3342 456 3392; x_wconf 87' lang='lat' dir='ltr'><strong>sis</strong></span> <span class='ocrx_word' id='word_1_303' title='bbox 474 3340 598 3401; x_wconf 79' lang='lat' dir='ltr'><strong>lanistae,</strong></span> <span class='ocrx_word' id='word_1_304' title='bbox 616 3344 659 3392; x_wconf 89' lang='lat' dir='ltr'><strong>cui</strong></span> <span class='ocrx_word' id='word_1_305' title='bbox 673 3345 698 3392; x_wconf 91' lang='lat' dir='ltr'><strong>te</strong></span> <span class='ocrx_word' id='word_1_306' title='bbox 735 3343 842 3392; x_wconf 86' lang='lat' dir='ltr'><strong>candido</strong></span> <span class='ocrx_word' id='word_1_307' title='bbox 862 3342 933 3405; x_wconf 77' lang='lat' dir='ltr'><strong>froco</strong></span> <span class='ocrx_word' id='word_1_308' title='bbox 948 3342 1052 3405; x_wconf 64' lang='lat' dir='ltr'><strong>uatum</strong></span> <span class='ocrx_word' id='word_1_309' title='bbox 1073 3343 1211 3393; x_wconf 81' lang='lat' dir='ltr'><strong>incibabat.</strong></span> <span class='ocrx_word' id='word_1_310' title='bbox 1233 3371 1260 3381; x_wconf 97' lang='lat'>-</span> 
     </span>
     <span class='ocr_line' id='line_1_33' title="bbox 169 3416 1262 3484; baseline -0.001 -14"><span class='ocrx_word' id='word_1_311' title='bbox 169 3417 368 3477; x_wconf 66' lang='lat' dir='ltr'><strong>auctoramus,</strong></span> <span class='ocrx_word' id='word_1_312' title='bbox 388 3429 421 3466; x_wconf 88' lang='lat' dir='ltr'><strong>an</strong></span> <span class='ocrx_word' id='word_1_313' title='bbox 434 3419 520 3467; x_wconf 70' lang='lat' dir='ltr'><strong>oeta»</strong></span> <span class='ocrx_word' id='word_1_314' title='bbox 548 3419 635 3468; x_wconf 76' lang='lat' dir='ltr'><strong>«inter</strong></span> <span class='ocrx_word' id='word_1_315' title='bbox 646 3416 700 3479; x_wconf 84' lang='lat' dir='ltr'><strong>gie·</strong></span> <span class='ocrx_word' id='word_1_316' title='bbox 736 3419 833 3468; x_wconf 77' lang='lat' dir='ltr'><strong>demisit</strong></span> <span class='ocrx_word' id='word_1_317' title='bbox 844 3417 906 3481; x_wconf 80' lang='lat' dir='ltr'><strong>oet]</strong></span> <span class='ocrx_word' id='word_1_318' title='bbox 920 3417 1048 3468; x_wconf 76' lang='lat' dir='ltr'><strong>«detrusit</strong></span> <span class='ocrx_word' id='word_1_319' title='bbox 1065 3420 1116 3480; x_wconf 90' lang='lat' dir='ltr'><strong>ita,</strong></span> <span class='ocrx_word' id='word_1_320' title='bbox 1135 3421 1165 3469; x_wconf 88' lang='lat' dir='ltr'><strong>ut</strong></span> <span class='ocrx_word' id='word_1_321' title='bbox 1176 3419 1262 3484; x_wconf 87' lang='lat' dir='ltr'><strong>capite</strong></span> 
     </span>
     <span class='ocr_line' id='line_1_34' title="bbox 169 3488 1261 3558; baseline 0.005 -18"><span class='ocrx_word' id='word_1_322' title='bbox 169 3488 304 3542; x_wconf 85' lang='lat' dir='ltr'><strong>dictorem</strong></span> <span class='ocrx_word' id='word_1_323' title='bbox 321 3492 520 3555; x_wconf 87' lang='lat' dir='ltr'><strong>moechumque</strong></span> <span class='ocrx_word' id='word_1_324' title='bbox 539 3490 601 3542; x_wconf 86' lang='lat' dir='ltr'><strong>nihii</strong></span> <span class='ocrx_word' id='word_1_325' title='bbox 619 3493 699 3542; x_wconf 87' lang='lat' dir='ltr'><strong>inter·</strong></span> <span class='ocrx_word' id='word_1_326' title='bbox 735 3498 877 3554; x_wconf 78' lang='lat' dir='ltr'><strong>contracto,</strong></span> <span class='ocrx_word' id='word_1_327' title='bbox 897 3497 1020 3555; x_wconf 87' lang='lat' dir='ltr'><strong>curvato,</strong></span> <span class='ocrx_word' id='word_1_328' title='bbox 1039 3507 1125 3557; x_wconf 83' lang='lat' dir='ltr'><strong>genua</strong></span> <span class='ocrx_word' id='word_1_329' title='bbox 1143 3497 1261 3558; x_wconf 72' lang='lat' dir='ltr'><strong>tangasn</strong></span> 
     </span>
     <span class='ocr_line' id='line_1_35' title="bbox 169 3565 1262 3630; baseline 0.007 -18"><span class='ocrx_word' id='word_1_330' title='bbox 169 3566 218 3614; x_wconf 85' lang='lat' dir='ltr'><strong>cst.</strong></span> <span class='ocrx_word' id='word_1_331' title='bbox 259 3565 295 3616; x_wconf 89' lang='lat' dir='ltr'><strong>Et</strong></span> <span class='ocrx_word' id='word_1_332' title='bbox 324 3565 391 3615; x_wconf 86' lang='lat' dir='ltr'><strong>haec</strong></span> <span class='ocrx_word' id='word_1_333' title='bbox 416 3567 499 3617; x_wconf 87' lang='lat' dir='ltr'><strong>verba</strong></span> <span class='ocrx_word' id='word_1_334' title='bbox 527 3571 588 3617; x_wconf 89' lang='lat' dir='ltr'><strong>sunt</strong></span> <span class='ocrx_word' id='word_1_335' title='bbox 614 3567 698 3617; x_wconf 86' lang='lat' dir='ltr'><strong>verba</strong></span> <span class='ocrx_word' id='word_1_336' title='bbox 736 3569 773 3618; x_wconf 86' lang='lat' dir='ltr'><strong>lta</strong></span> <span class='ocrx_word' id='word_1_337' title='bbox 791 3569 813 3618; x_wconf 90' lang='lat' dir='ltr'><strong>si</strong></span> <span class='ocrx_word' id='word_1_338' title='bbox 831 3569 962 3630; x_wconf 89' lang='lat' dir='ltr'><strong>invertas,</strong></span> <span class='ocrx_word' id='word_1_339' title='bbox 982 3567 1078 3620; x_wconf 81' lang='lat' dir='ltr'><strong>clarius</strong></span> <span class='ocrx_word' id='word_1_340' title='bbox 1096 3571 1154 3620; x_wconf 89' lang='lat' dir='ltr'><strong>erit.</strong></span> <span class='ocrx_word' id='word_1_341' title='bbox 1176 3571 1262 3620; x_wconf 82' lang='lat' dir='ltr'><strong>Minus</strong></span> 
     </span>
     <span class='ocr_line' id='line_1_36' title="bbox 168 3639 1264 3708; baseline 0.004 -19"><span class='ocrx_word' id='word_1_342' title='bbox 168 3651 279 3702; x_wconf 84' lang='lat' dir='ltr'><strong>corum,</strong></span> <span class='ocrx_word' id='word_1_343' title='bbox 292 3642 337 3704; x_wconf 90' lang='lat' dir='ltr'><strong>qui</strong></span> <span class='ocrx_word' id='word_1_344' title='bbox 349 3639 508 3704; x_wconf 82' lang='lat' dir='ltr'><strong>gladiatores</strong></span> <span class='ocrx_word' id='word_1_345' title='bbox 520 3645 622 3702; x_wconf 84' lang='lat' dir='ltr'><strong>eruunt,</strong></span> <span class='ocrx_word' id='word_1_346' title='bbox 637 3655 698 3691; x_wconf 89' lang='lat' dir='ltr'><strong>con·</strong></span> <span class='ocrx_word' id='word_1_347' title='bbox 735 3645 810 3692; x_wconf 89' lang='lat' dir='ltr'><strong>recte</strong></span> <span class='ocrx_word' id='word_1_348' title='bbox 836 3641 877 3692; x_wconf 90' lang='lat' dir='ltr'><strong>aiii</strong></span> <span class='ocrx_word' id='word_1_349' title='bbox 898 3645 1072 3708; x_wconf 88' lang='lat' dir='ltr'><strong>construunt:</strong></span> <span class='ocrx_word' id='word_1_350' title='bbox 1102 3657 1137 3693; x_wconf 86' lang='lat' dir='ltr'><strong>un</strong></span> <span class='ocrx_word' id='word_1_351' title='bbox 1161 3643 1264 3707; x_wconf 74' lang='lat' dir='ltr'><strong>portibus</strong></span> 
     </span>
     <span class='ocr_line' id='line_1_37' title="bbox 169 3713 1262 3781; baseline 0.003 -16"><span class='ocrx_word' id='word_1_352' title='bbox 169 3713 291 3766; x_wconf 85' lang='lat' dir='ltr'><strong>dicioues</strong></span> <span class='ocrx_word' id='word_1_353' title='bbox 316 3718 522 3780; x_wconf 88' lang='lat' dir='ltr'><strong>proponentium</strong></span> <span class='ocrx_word' id='word_1_354' title='bbox 546 3717 644 3780; x_wconf 87' lang='lat' dir='ltr'><strong>quibus</strong></span> <span class='ocrx_word' id='word_1_355' title='bbox 668 3729 698 3767; x_wconf 88' lang='lat' dir='ltr'><strong>se</strong></span> <span class='ocrx_word' id='word_1_356' title='bbox 735 3723 826 3781; x_wconf 73' lang='lat' dir='ltr'><strong>tenpus</strong></span> <span class='ocrx_word' id='word_1_357' title='bbox 836 3723 913 3780; x_wconf 80' lang='lat' dir='ltr'><strong>caput</strong></span> <span class='ocrx_word' id='word_1_358' title='bbox 929 3719 955 3766; x_wconf 80' lang='lat' dir='ltr'><strong>tn</strong></span> <span class='ocrx_word' id='word_1_359' title='bbox 972 3731 1049 3780; x_wconf 84' lang='lat' dir='ltr'><strong>orco,</strong></span> <span class='ocrx_word' id='word_1_360' title='bbox 1068 3731 1117 3779; x_wconf 81' lang='lat' dir='ltr'><strong>quo</strong></span> <span class='ocrx_word' id='word_1_361' title='bbox 1134 3718 1262 3768; x_wconf 78' lang='lat' dir='ltr'><strong>trancilie</strong></span> 
     </span>
     <span class='ocr_line' id='line_1_38' title="bbox 169 3789 1262 3850; baseline 0.003 -11"><span class='ocrx_word' id='word_1_362' title='bbox 169 3790 301 3850; x_wconf 88' lang='lat' dir='ltr'><strong>vendant;</strong></span> <span class='ocrx_word' id='word_1_363' title='bbox 315 3793 533 3842; x_wconf 82' lang='lat' dir='ltr'><strong>contionescnim</strong></span> <span class='ocrx_word' id='word_1_364' title='bbox 545 3791 698 3842; x_wconf 88' lang='lat' dir='ltr'><strong>huiusmodi</strong></span> <span class='ocrx_word' id='word_1_365' title='bbox 734 3793 834 3842; x_wconf 78' lang='lat' dir='ltr'><strong>cmsciu</strong></span> <span class='ocrx_word' id='word_1_366' title='bbox 850 3789 971 3842; x_wconf 89' lang='lat' dir='ltr'><strong>adulterii</strong></span> <span class='ocrx_word' id='word_1_367' title='bbox 989 3791 1023 3840; x_wconf 86' lang='lat' dir='ltr'><strong>ab</strong></span> <span class='ocrx_word' id='word_1_368' title='bbox 1041 3792 1106 3841; x_wconf 85' lang='lat' dir='ltr'><strong>bera</strong></span> <span class='ocrx_word' id='word_1_369' title='bbox 1125 3792 1262 3842; x_wconf 86' lang='lat' dir='ltr'><strong>commissi</strong></span> 
     </span>
     <span class='ocr_line' id='line_1_39' title="bbox 169 3864 1259 3931; baseline 0.002 -17"><span class='ocrx_word' id='word_1_370' title='bbox 169 3864 317 3916; x_wconf 77' lang='lat' dir='ltr'><strong>iaciebant:</strong></span> <span class='ocrx_word' id='word_1_371' title='bbox 335 3867 378 3916; x_wconf 85' lang='lat' dir='ltr'><strong>uri</strong></span> <span class='ocrx_word' id='word_1_372' title='bbox 388 3869 506 3931; x_wconf 65' lang='lat' dir='ltr'><strong>nummu,</strong></span> <span class='ocrx_word' id='word_1_373' title='bbox 518 3869 598 3931; x_wconf 80' lang='lat' dir='ltr'><strong>cirpis</strong></span> <span class='ocrx_word' id='word_1_374' title='bbox 608 3869 698 3930; x_wconf 62' lang='lat' dir='ltr'><strong>secan,</strong></span> <span class='ocrx_word' id='word_1_375' title='bbox 736 3867 797 3930; x_wconf 69' lang='lat' dir='ltr'><strong>isat.</strong></span> <span class='ocrx_word' id='word_1_376' title='bbox 812 3867 840 3926; x_wconf 90' lang='grc'><strong>4,</strong></span> <span class='ocrx_word' id='word_1_377' title='bbox 854 3867 883 3927; x_wconf 75' lang='lat'><strong>2,</strong></span> <span class='ocrx_word' id='word_1_378' title='bbox 903 3865 970 3927; x_wconf 83' lang='grc'><strong>430.)</strong></span> <span class='ocrx_word' id='word_1_379' title='bbox 989 3867 1085 3916; x_wconf 82' lang='lat' dir='ltr'><strong>demisit</strong></span> <span class='ocrx_word' id='word_1_380' title='bbox 1096 3869 1259 3916; x_wconf 81' lang='lat' dir='ltr'><strong>contractum.</strong></span> 
     </span>
     <span class='ocr_line' id='line_1_40' title="bbox 167 3939 1263 4006; baseline 0.003 -17"><span class='ocrx_word' id='word_1_381' title='bbox 167 3939 238 4001; x_wconf 80' lang='lat' dir='ltr'><strong>[erro</strong></span> <span class='ocrx_word' id='word_1_382' title='bbox 262 3942 375 3992; x_wconf 71' lang='lat' dir='ltr'><strong>occuri-</strong></span> <span class='ocrx_word' id='word_1_383' title='bbox 406 3946 484 3992; x_wconf 79' lang='lat' dir='ltr'><strong>Aeno.</strong></span> <span class='ocrx_word' id='word_1_384' title='bbox 504 3945 609 3992; x_wconf 88' lang='lat' dir='ltr'><strong>Petron.</strong></span> <span class='ocrx_word' id='word_1_385' title='bbox 631 3943 696 3992; x_wconf 75' lang='lat' dir='ltr'><strong>itt:</strong></span> <span class='ocrx_word' id='word_1_386' title='bbox 770 3940 861 3992; x_wconf 67' lang='grc' dir='ltr'>ιιι-64.</span> <span class='ocrx_word' id='word_1_387' title='bbox 883 3941 1039 4005; x_wconf 76' lang='lat' dir='ltr'><strong>lirinensi]</strong></span> <span class='ocrx_word' id='word_1_388' title='bbox 1058 3942 1165 3991; x_wconf 76' lang='lat' dir='ltr'><strong>«Nonne</strong></span> <span class='ocrx_word' id='word_1_389' title='bbox 1184 3944 1263 4006; x_wconf 88' lang='lat' dir='ltr'><strong>pote-</strong></span> 
     </span>
     <span class='ocr_line' id='line_1_41' title="bbox 167 4015 1261 4079; baseline 0.003 -14"><span class='ocrx_word' id='word_1_390' title='bbox 167 4015 197 4064; x_wconf 83' lang='grc' dir='ltr'>Ιιι</span> <span class='ocrx_word' id='word_1_391' title='bbox 211 4016 293 4066; x_wconf 82' lang='lat' dir='ltr'><strong>verbu</strong></span> <span class='ocrx_word' id='word_1_392' title='bbox 303 4017 420 4079; x_wconf 73' lang='lat' dir='ltr'><strong>Emnotpt</strong></span> <span class='ocrx_word' id='word_1_393' title='bbox 430 4024 617 4067; x_wconf 80' lang='lat' dir='ltr'><strong>sacrornentum</strong></span> <span class='ocrx_word' id='word_1_394' title='bbox 627 4019 699 4067; x_wconf 83' lang='lat' dir='ltr'><strong>iuro·</strong></span> <span class='ocrx_word' id='word_1_395' title='bbox 735 4019 790 4066; x_wconf 81' lang='lat' dir='ltr'><strong>stas</strong></span> <span class='ocrx_word' id='word_1_396' title='bbox 808 4019 850 4066; x_wconf 87' lang='lat' dir='ltr'><strong>est</strong></span> <span class='ocrx_word' id='word_1_397' title='bbox 867 4017 962 4066; x_wconf 88' lang='lat' dir='ltr'><strong>marito</strong></span> <span class='ocrx_word' id='word_1_398' title='bbox 974 4015 1088 4065; x_wconf 89' lang='lat' dir='ltr'><strong>necandi</strong></span> <span class='ocrx_word' id='word_1_399' title='bbox 1106 4019 1133 4066; x_wconf 88' lang='lat' dir='ltr'><strong>et</strong></span> <span class='ocrx_word' id='word_1_400' title='bbox 1149 4029 1261 4068; x_wconf 81' lang='lat' dir='ltr'><strong>uxorem</strong></span> 
     </span>
     <span class='ocr_line' id='line_1_42' title="bbox 166 4088 1262 4156; baseline 0.002 -17"><span class='ocrx_word' id='word_1_401' title='bbox 166 4091 264 4153; x_wconf 68' lang='lat' dir='ltr'><strong>mmm,</strong></span> <span class='ocrx_word' id='word_1_402' title='bbox 281 4092 337 4154; x_wconf 82' lang='lat' dir='ltr'><strong>uri,</strong></span> <span class='ocrx_word' id='word_1_403' title='bbox 355 4093 462 4154; x_wconf 56' lang='lat' dir='ltr'><strong>cinari,</strong></span> <span class='ocrx_word' id='word_1_404' title='bbox 478 4093 699 4156; x_wconf 61' lang='lat' dir='ltr'><strong>cohercitione-</strong></span> <span class='ocrx_word' id='word_1_405' title='bbox 735 4093 762 4140; x_wconf 90' lang='lat' dir='ltr'><strong>et</strong></span> <span class='ocrx_word' id='word_1_406' title='bbox 788 4090 932 4140; x_wconf 87' lang='lat' dir='ltr'><strong>moechum</strong></span> <span class='ocrx_word' id='word_1_407' title='bbox 957 4090 985 4139; x_wconf 90' lang='lat' dir='ltr'><strong>in</strong></span> <span class='ocrx_word' id='word_1_408' title='bbox 1007 4088 1137 4139; x_wconf 79' lang='lat' dir='ltr'><strong>adulterio</strong></span> <span class='ocrx_word' id='word_1_409' title='bbox 1162 4089 1262 4153; x_wconf 88' lang='lat' dir='ltr'><strong>depre-</strong></span> 
     </span>
     <span class='ocr_line' id='line_1_43' title="bbox 168 4165 1261 4229; baseline 0 -13"><span class='ocrx_word' id='word_1_410' title='bbox 168 4177 217 4228; x_wconf 77' lang='lat' dir='ltr'><strong>que</strong></span> <span class='ocrx_word' id='word_1_411' title='bbox 232 4167 330 4216; x_wconf 76' lang='lat' dir='ltr'><strong>moeri.</strong></span> <span class='ocrx_word' id='word_1_412' title='bbox 360 4168 461 4218; x_wconf 86' lang='lat' dir='ltr'><strong>Seneca</strong></span> <span class='ocrx_word' id='word_1_413' title='bbox 473 4167 554 4229; x_wconf 86' lang='lat' dir='ltr'><strong>Epist.</strong></span> <span class='ocrx_word' id='word_1_414' title='bbox 568 4167 613 4216; x_wconf 80' lang='lat'><strong>³7:</strong></span> <span class='ocrx_word' id='word_1_415' title='bbox 632 4166 699 4216; x_wconf 75' lang='lat' dir='ltr'><strong>illisu</strong></span> <span class='ocrx_word' id='word_1_416' title='bbox 735 4165 868 4216; x_wconf 75' lang='lat' dir='ltr'><strong>bensos‘ia</strong></span> <span class='ocrx_word' id='word_1_417' title='bbox 905 4165 942 4214; x_wconf 85' lang='lat' dir='ltr'><strong>Ex</strong></span> <span class='ocrx_word' id='word_1_418' title='bbox 967 4165 1077 4227; x_wconf 81' lang='lat' dir='ltr'><strong>antiquo</strong></span> <span class='ocrx_word' id='word_1_419' title='bbox 1103 4168 1177 4215; x_wconf 88' lang='lat' dir='ltr'><strong>certe</strong></span> <span class='ocrx_word' id='word_1_420' title='bbox 1203 4167 1261 4216; x_wconf 86' lang='lat' dir='ltr'><strong>iure</strong></span> 
     </span>
     <span class='ocr_line' id='line_1_44' title="bbox 167 4238 1261 4303; baseline 0.001 -13"><span class='ocrx_word' id='word_1_421' title='bbox 167 4240 309 4302; x_wconf 66' lang='lat' dir='ltr'><strong>mirsion</strong></span> <span class='ocrx_word' id='word_1_422' title='bbox 330 4243 514 4291; x_wconf 74' lang='lat' dir='ltr'><strong>cucurumenti</strong></span> <span class='ocrx_word' id='word_1_423' title='bbox 531 4241 608 4290; x_wconf 83' lang='lat' dir='ltr'><strong>uerbo</strong></span> <span class='ocrx_word' id='word_1_424' title='bbox 624 4247 696 4290; x_wconf 68' lang='lat' dir='ltr'><strong>mot:</strong></span> <span class='ocrx_word' id='word_1_425' title='bbox 735 4243 853 4291; x_wconf 80' lang='lat' dir='ltr'><strong>Romano</strong></span> <span class='ocrx_word' id='word_1_426' title='bbox 864 4243 925 4290; x_wconf 88' lang='lat' dir='ltr'><strong>ante</strong></span> <span class='ocrx_word' id='word_1_427' title='bbox 937 4238 1025 4303; x_wconf 77' lang='lat' dir='ltr'><strong>legem</strong></span> <span class='ocrx_word' id='word_1_428' title='bbox 1039 4238 1129 4291; x_wconf 90' lang='lat' dir='ltr'><strong>luliam</strong></span> <span class='ocrx_word' id='word_1_429' title='bbox 1142 4241 1175 4291; x_wconf 92' lang='lat' dir='ltr'><strong>de</strong></span> <span class='ocrx_word' id='word_1_430' title='bbox 1187 4240 1261 4291; x_wconf 89' lang='lat' dir='ltr'><strong>edul-</strong></span> 
     </span>
     <span class='ocr_line' id='line_1_45' title="bbox 168 4313 1258 4380; baseline 0.003 -17"><span class='ocrx_word' id='word_1_431' title='bbox 168 4316 225 4376; x_wconf 81' lang='lat' dir='ltr'><strong>uri,</strong></span> <span class='ocrx_word' id='word_1_432' title='bbox 237 4317 342 4377; x_wconf 69' lang='lat' dir='ltr'><strong>uinciri,</strong></span> <span class='ocrx_word' id='word_1_433' title='bbox 357 4318 475 4380; x_wconf 67' lang='lat' dir='ltr'><strong>fenoque</strong></span> <span class='ocrx_word' id='word_1_434' title='bbox 486 4317 580 4367; x_wconf 70' lang='lat' dir='ltr'><strong>amori.</strong></span> <span class='ocrx_word' id='word_1_435' title='bbox 595 4319 694 4378; x_wconf 82' lang='lat' dir='ltr'><strong>(iuven.</strong></span> <span class='ocrx_word' id='word_1_436' title='bbox 733 4316 800 4366; x_wconf 87' lang='lat' dir='ltr'><strong>torio</strong></span> <span class='ocrx_word' id='word_1_437' title='bbox 812 4313 902 4366; x_wconf 86' lang='lat' dir='ltr'><strong>iatam.</strong></span> <span class='ocrx_word' id='word_1_438' title='bbox 935 4317 967 4367; x_wconf 85' lang='lat' dir='ltr'><strong>u.</strong></span> <span class='ocrx_word' id='word_1_439' title='bbox 982 4315 1047 4366; x_wconf 81' lang='lat' dir='ltr'><strong>Ceto</strong></span> <span class='ocrx_word' id='word_1_440' title='bbox 1059 4314 1131 4379; x_wconf 86' lang='lat' dir='ltr'><strong>apud</strong></span> <span class='ocrx_word' id='word_1_441' title='bbox 1143 4314 1206 4366; x_wconf 86' lang='lat' dir='ltr'><strong>Geil.</strong></span> <span class='ocrx_word' id='word_1_442' title='bbox 1218 4317 1258 4376; x_wconf 87' lang='grc'><strong>40,</strong></span> 
     </span>
    </p>
   </div>
   <div class='ocr_carea' id='block_1_5' title="bbox 259 4405 1092 4456">
    <p class='ocr_par' dir='ltr' id='par_1_9' title="bbox 259 4405 1092 4456">
     <span class='ocr_line' id='line_1_46' title="bbox 259 4405 1092 4456; baseline 0.004 -5"><span class='ocrx_word' id='word_1_443' title='bbox 259 4405 461 4456; x_wconf 69' lang='lat' dir='ltr'><strong>nombroca.</strong></span> <span class='ocrx_word' id='word_1_444' title='bbox 493 4420 533 4454; x_wconf 80' lang='lat' dir='ltr'><strong>ro.</strong></span> <span class='ocrx_word' id='word_1_445' title='bbox 550 4419 625 4455; x_wconf 75' lang='lat' dir='ltr'><strong>aaron</strong></span> <span class='ocrx_word' id='word_1_446' title='bbox 639 4408 676 4453; x_wconf 86' lang='lat' dir='ltr'><strong>iii.</strong></span> <span class='ocrx_word' id='word_1_447' title='bbox 1065 4409 1092 4454; x_wconf 68' lang='grc' dir='ltr'>ιι</span> 
     </span>
    </p>
   </div>
   <div class='ocr_carea' id='block_1_6' title="bbox 0 0 1582 4972">
    <p class='ocr_par' dir='ltr' id='par_1_10' title="bbox 0 0 1582 4972">
     <span class='ocr_line' id='line_1_47' title="bbox 0 0 1582 4972; baseline 0 3"><span class='ocrx_word' id='word_1_448' title='bbox 0 0 1582 4972; x_wconf 95' lang='lat' dir='ltr'><strong> </strong></span> 
     </span>
    </p>
   </div>
  </div>
 </body>
</html>
