3090 4974
552 457 610 509 nin.
630 459 660 508 n.
697 457 794 510 ucisr.
814 457 843 508 n.
1056 455 1061 462 ’
1182 455 1244 520 657

200 615 253 682 Vis
275 635 392 682 canere
414 625 446 682 et
467 623 629 681 eontracta
652 614 745 701 sequi
769 613 903 700 vestigia
925 615 1056 679 vetum?
1202 614 1243 675 80

200 738 380 826 ingenium,
404 735 466 802 sibi
490 735 579 824 quod
602 755 721 802 vacuas
743 733 923 821 desumpsit
944 733 1099 808 Athenas,

200 859 238 925 Et
259 857 373 925 studiis
396 877 497 926 annos
519 867 644 944 septem
667 855 756 922 dedit
778 855 982 942 insenuitque

199 980 304 1047 Libris
326 990 358 1046 et
379 979 481 1056 curis,
506 987 608 1044 statue
632 977 820 1044 taciturnius
842 977 907 1044 exit

191 1179 246 1241 guit
256 1173 389 1227 Bentleius
398 1177 423 1226 in
434 1176 511 1226 Curis
528 1175 636 1236 noviss.)
653 1201 678 1210 -
693 1174 733 1224 80.
747 1179 862 1224 contacte
873 1174 940 1236 hed,
953 1176 1068 1226 Pottlerli
1080 1173 1209 1240 plerique,

191 1250 316 1302 Schmidli
333 1253 470 1314 quattuor,
490 1251 509 1300 C
527 1251 555 1300 et
572 1247 768 1312 Dilleuhurger‚
786 1253 905 1300 contecto
922 1263 991 1300 unus
1008 1249 1067 1314 (ll.)
1085 1252 1208 1312 Potlierli

191 1328 301 1376 mnemia
317 1323 348 1390 ξ,
366 1340 416 1376 non
433 1330 502 1376 tacto
517 1323 651 1376 Bentleius
668 1323 736 1374 coni.
765 1325 883 1387 (Utnom
902 1325 940 1374 sl:
964 1327 990 1374 et
1010 1324 1063 1374 duo
1081 1326 1209 1384 Pollioni,

192 1402 254 1452 item
267 1401 364 1452 etrus.
377 1427 404 1438 —-
414 1401 454 1452 82.
465 1399 506 1463 lit]
526 1400 556 1448 lJt
566 1398 631 1450 Cod.
645 1401 872 1462 Frenequeranus.
883 1400 958 1452 -83.
972 1408 995 1450 et
1006 1401 1077 1452 Curii
1084 1405 1171 1452 stetim
1181 1401 1208 1452 b.

159 1581 221 1618 rare
245 1566 363 1628 videbis,
390 1566 458 1617 edeo
483 1568 513 1617 ut
532 1565 681 1631 simplicem
720 1567 815 1630 pslsse.
829 1595 855 1603 —
868 1567 1151 1634 insenretqrucetlcex
1164 1567 1243 1618 libro-

158 1653 251 1692 eorum
269 1641 437 1692 timiditatem
449 1639 541 1704 volgus
558 1641 680 1702 irrideet;
719 1653 779 1690 rum
797 1640 903 1692 assidua
921 1640 1033 1692 lectione
1052 1643 1156 1694 senium
1169 1644 1244 1708 (prei-

157 1717 257 1780 quanto
275 1717 362 1766 minus
378 1727 429 1780 ego
445 1716 471 1766 in
487 1716 528 1766 his
545 1717 682 1780 perpetuis
719 1715 828 1778 eoeleste
853 1715 1046 1780 Grdrnttchltsit)
1080 1720 1218 1768 contraxit.
1231 1737 1243 1761 n

158 1791 286 1842 molestiis
304 1790 442 1856 turbisque
459 1793 553 1855 potero
571 1804 682 1855 compo·
721 1787 880 1854 «impalluit,
894 1790 1051 1840 immortuus
1065 1794 1130 1841 esti
1149 1795 1242 1842 Ponrn.

158 1879 222 1916 nere
235 1867 351 1916 earmina
363 1866 427 1917 mihi
443 1867 492 1930 ipsi
505 1865 569 1916 satie
581 1866 682 1916 lucien—
720 1863 759 1912 Cl.
773 1864 838 1927 Epp.
853 1865 862 1912 l
875 1901 881 1922 ,
894 1865 923 1926 7,
935 1863 976 1914 ss.
995 1866 1043 1915 etsi
1062 1865 1118 1917 aliis
1136 1866 1169 1917 de
1187 1869 1244 1917 stu-

158 1943 229 1992 lial»
256 1941 309 1992 Cir.
327 1940 421 1992 lacohs
439 1943 521 1992 Leett.
534 1943 634 1993 Venus.
654 1956 679 2007 p.
720 1937 949 1987 dlit÷1mmottlur
964 1939 1052 1988 studiis
1068 1945 1092 1990 et
1107 1954 1195 1990 ornere
1210 1955 1246 1990 re·

157 2017 215 2066 200,
230 2041 257 2053 -
276 2016 380 2081 mm]
405 2017 531 2078 «otiosas,
551 2019 681 2080 quietas»
718 2011 795 2060 nescit
810 2011 925 2061 haberet.
948 2037 975 2049 -
996 2014 1073 2078 miris]
1100 2013 1244 2078 :diligente

158 2093 187 2140 ul
203 2091 268 2156 Epp.
283 2090 306 2152 t,
319 2089 345 2153 7,
359 2088 404 2140 ts:
421 2104 530 2141 eoemen
549 2091 631 2141 liber.
653 2119 680 2129 -
720 2085 905 2148 meditatione,
930 2084 1096 2151 petitorem
1115 2089 1244 2154 imprimis

157 2164 303 2228 dempsit]
330 2165 426 2214 «certo
451 2161 560 2216 oonsilio
585 2165 682 2216 ceteris
718 2161 843 2224 poeticis,
880 2161 1037 2222 rhetoricis,
1065 2161 1243 2228 philosophis,

156 2237 272 2290 urbibus
293 2237 449 2303 praeterens
474 2239 524 2290 sihi
549 2238 679 2304 delegit..
718 2235 956 2300 praemeditatione
975 2237 1055 2288 etium
1071 2239 1244 2304 scriptionum

158 2314 211 2362 liv.
225 2314 250 2374 t,
262 2313 308 2362 to:
324 2315 452 2376 florentem
461 2316 581 2377 poputum
592 2318 683 2365 timna.
719 2307 861 2372 aliquando
874 2309 1107 2362 elaborandamm.
1121 2339 1147 2350 -
1161 2319 1247 2363 statuo

156 2399 217 2436 nien
233 2401 265 2436 oc
281 2387 449 2451 idiotismum
469 2389 530 2438 hetto
548 2389 594 2438 rtet
612 2391 682 2440 dese
719 2385 869 2434 toeiterntee
885 2384 949 2449 oet]
974 2385 1164 2438 «meditatione
1181 2401 1245 2452 per-

155 2470 250 2514 mereut
265 2466 365 2514 hostem.
384 2491 413 2502 -
431 2467 463 2515 Et
480 2467 577 2534 studiis]
600 2466 680 2518 hlulto
719 2471 801 2522 saepe
824 2459 967 2524 absorptus
997 2463 1075 2525 poeta
1104 2461 1192 2526 prodit
1219 2464 1244 2512 in

156 2537 252 2588 melius
269 2539 321 2589 hoc
331 2541 364 2589 Ει
374 2541 461 2590 stodiis
476 2568 490 2578 .
502 2569 516 2578 .
528 2545 551 2592 σι
561 2541 681 2593 pirisve!
718 2531 855 2597 publicum
873 2535 900 2583 et
916 2535 983 2584 mlre
1002 2547 1049 2585 sua
1068 2537 1245 2586 taciturnitate

156 2613 214 2678 ipso
240 2625 306 2664 sono
332 2615 455 2677 exprimit
479 2629 623 2680 operosum
649 2629 681 2666 eo
717 2605 845 2671 V0liilq⁰0
865 2611 1002 2660 contracto
1020 2610 1118 2675 popelli
1137 2612 1246 2662 euchiti-

156 2687 257 2739 ientum
275 2685 347 2738 utum
360 2689 508 2740 studiorum
522 2692 629 2742 ninenrs
641 2691 682 2741 ra·
719 2683 853 2732 nationem
862 2685 979 2732 movet.»
994 2685 1243 2749 nucranrmnggi:

157 2764 261 2813 olorum
273 2763 430 2824 decursum,
450 2777 531 2827 quem
544 2764 608 2815 Cod.
622 2767 682 2815 Fra·
718 2750 814 2820 ⁰32th
827 2771 861 2805 σε
873 2757 922 2806 καὶ
931 2754 989 2806 ’ὧν
998 2751 1174 2828 ἀνθρώπων
1185 2755 1246 2808 ἀπί-

157 2835 315 2900 „04100110
338 2849 352 2886 a
376 2839 403 2886 1..
422 2837 500 2887 posto
521 2837 634 2904 probata
655 2841 682 2890 et
718 2823 1038 2902 νητότερονὰποφανεϊ.
1052 2832 1125 2883 Pluto
1134 2833 1243 2884 Thesei.

157 2911 341 2973 cuninghamii
352 2911 469 2974 suspicio
480 2913 510 2962 Ut
520 2913 680 2976 (postquem)
719 2919 745 2970 p-
769 2903 825 2956 ⁴74·
852 2906 886 2954 1³²
921 2904 1086 2976 TOtydewl,
1114 2899 1138 2956 ὦ
1162 2906 1244 2970 φίλε,

155 2985 243 3036 unctus
254 2989 305 3036 oet.
322 3013 348 3022 -
359 2987 548 3052 ennosmptem]
560 2987 681 3038 Nonnulli
721 2979 778 3048 ἰδίᾳ
794 2993 825 3030 tt
841 2975 1094 3047 ξυγγιγνὸμενοςὸ
1111 2978 1245 3047 τοιοῦτος

156 3061 263 3124 proprie
285 3061 336 3111 hoo
359 3061 506 3126 accipiunt,
533 3063 609 3125 quasi
627 3063 681 3113 llo-
719 3051 908 3120 (φιλόσοφος)
921 3052 1034 3123 ἑκάστῳ
1046 3057 1095 3106 καὶ
1104 3055 1242 3126 δημοσίᾳ,

156 3135 239 3186 ratius
256 3135 299 3184 hie
316 3135 477 3198 signiticaret
489 3138 577 3187 semet
593 3138 680 3201 ipsum
720 3123 791 3179 ὅταν
807 3128 838 3179 ἐν
854 3127 1029 3202 δικαστηρίῳ
1042 3126 1129 3195 ἦπου
1140 3125 1244 3182 ἄλλοθι

156 3210 265 3260 Athenis
288 3213 392 3275 septem
415 3223 499 3262 annos
521 3211 614 3262 studiis
632 3212 681 3262 de·
718 3197 890 3275 ἀναγκασθῇ
909 3207 972 3294 περὶ
990 3203 1046 3254 τῶν
1063 3200 1141 3277 παρὰ
1152 3202 1244 3268 πόδας

156 3283 242 3344 disse,
269 3283 296 3334 id
321 3284 393 3348 quod
417 3289 569 3350 temporum
587 3287 680 3338 rationi
718 3279 767 3329 καὶ
793 3274 850 3328 τῶν
876 3278 907 3330 ἐν
933 3277 1102 3346 οφθαλμοῖς
1117 3279 1244 3348 διαλέγε-

156 3369 266 3422 prereus
283 3361 421 3423 repugnat.
451 3361 488 3410 Eo
505 3361 578 3411 enim
594 3361 681 3426 prole·
719 3354 804 3414 σθαι,
830 3352 940 3420 γέλωτα
963 3357 1081 3427 παρέχει
1098 3352 1133 3408 οὗ
1150 3354 1243 3422 μόνον

156 3434 214 3483 ctus
231 3445 292 3483 esse
310 3433 416 3482 videtur
432 3432 589 3486 adolescens
607 3437 680 3486 vice·
719 3425 859 3500 Θρᾴτταις
884 3425 992 3502 (ὥσπερ
1017 3428 1138 3497 Θαλῆς),
1169 3427 1243 3482 ἀλλὰ

156 3505 246 3558 narius
258 3520 282 3556 e.
296 3519 322 3555 u.
337 3521 360 3556 c.
374 3508 431 3558 iou.
445 3511 473 3558 et
483 3523 507 3558 e.
521 3509 578 3560 itt.
598 3510 680 3574 depu-
717 3507 765 3554 καὶ
784 3501 822 3572 τῷ
837 3499 914 3572 ὄλλῳ
926 3501 1017 3575 ὄχλῳ,
1037 3509 1077 3572 εἰς
1089 3504 1200 3581 φρέατά
1213 3523 1243 3558 rc

155 3580 244 3643 guerit
261 3578 394 3646 Philippis.
424 3583 517 3646 Neque
534 3596 599 3634 vero
618 3597 680 3635 cum
718 3580 766 3630 καὶ
779 3578 877 3630 πᾶσαν
888 3577 1014 3652 ἀπορίαν
1025 3583 1173 3648 ἐμπίπτων
1183 3578 1241 3634 ὑπὸ

154 3656 287 3706 Passouio
311 3656 482 3708 statuendum
508 3661 550 3709 est
574 3663 678 3724 septem
717 3649 861 3726 ἀπειρίας,
880 3657 929 3705 καὶ
946 3653 965 3722 ἡ
982 3651 1177 3724 ἀσχημοσύνη
1189 3655 1243 3708 δει-

155 3743 285 3780 annorum
306 3729 411 3781 solitum
433 3731 514 3784 luisse
536 3735 599 3783 luno
621 3737 679 3785 stu·
717 3727 767 3796 νή,
785 3727 874 3795 δόξαν
885 3725 1051 3802 ἀβελτερίας
1062 3735 1239 3804 παρέχουσα,

155 3805 260 3855 diorum
277 3817 401 3864 eursum;
421 3806 503 3856 immo
519 3806 612 3857 lesliua
627 3808 679 3870 hy·
719 3834 746 3842 -
765 3806 826 3870 exit]
843 3819 896 3856 non
913 3807 1023 3857 Athenis
1049 3809 1084 3870 [ut
1102 3807 1176 3858 multi
1195 3821 1243 3856 ex-

155 3877 265 3943 perbole
287 3881 381 3940 utitur,
406 3880 436 3928 ut
452 3879 478 3928 in
499 3877 559 3929 illo:
585 3893 680 3930 nonren
717 3881 886 3943 posuerunt),
913 3881 960 3932 sed
980 3883 1093 3943 Romae,
1112 3895 1165 3945 quo
1182 3885 1243 3945 post

151 3953 438 4016 prematurinonnum.
457 3953 551 4016 Utique
564 3965 677 4013 memor,
716 3955 820 4017 septem
850 3969 934 4006 ennos
960 3957 988 4020 (i.
1009 3970 1033 4005 e.
1057 3957 1118 4020 post
1143 3954 1241 4020 plures)

154 4025 290 4090 qinomodo
314 4028 407 4092 primis
432 4026 598 4090 temporibus
618 4029 679 4091 post
716 4028 824 4078 tondent
843 4043 968 4081 reversus
986 4034 1035 4081 est.
1064 4030 1118 4094 [Alii
1137 4027 1194 4080 coll.
1209 4033 1237 4080 Α.

153 4099 350 4165 Philippensem
368 4101 454 4153 aciem
472 4104 497 4152 in
516 4101 586 4154 tlrhe
603 4103 679 4152 lee-
717 4105 743 4152 P.
765 4103 811 4151 tt:
846 4111 962 4154 mamerto
995 4111 1052 4154 roto
1079 4119 1125 4153 cur
1152 4117 1242 4153 urceus

154 4176 186 4224 rit
204 4175 239 4224 eh
256 4175 381 4226 omnihus
400 4175 567 4242 posthabitus
585 4179 612 4226 et
629 4191 678 4227 ne·
715 4175 801 4226 exit?
818 4176 949 4243 explicant
967 4179 1019 4239 ulit,
1039 4179 1136 4240 eredit,
1156 4177 1240 4229 eldri-

154 4248 255 4313 glectus
272 4263 303 4300 ee
314 4251 358 4300 vix
375 4248 492 4301 ulli'ante
503 4252 610 4302 Verium
622 4251 679 4301 Vir-
716 4253 766 4300 tur.
773 4250 794 4313 n)
813 4277 840 4287 -
861 4253 924 4302 hlira
950 4255 1038 4302 autem
1063 4251 1140 4304 lectio
1158 4253 1239 4302 Com-

154 4322 298 4388 giliumque
311 4327 403 4387 notus,
416 4325 484 4376 haec
493 4325 599 4376 videtur
610 4327 678 4377 sori·
694 4371 699 4387 ,
716 4327 872 4377 mentatoris
883 4327 989 4391 Cruquii
1003 4329 1028 4377 et
1038 4327 1142 4378 Codicis
1155 4325 1181 4388 h,
1196 4329 1240 4377 Lt-

212 4415 303 4462 llonnr.
319 4428 374 4462 ron.
390 4417 418 4462 ll.
448 4428 487 4463 eu.
504 4428 555 4464 uir.
573 4417 611 4464 lll.
1040 4419 1067 4466 ll
