3022 4984
570 456 630 506 777
648 453 794 506 7777777.
1166 448 1228 514 777

75 645 82 656 ·
185 611 309 679 litibus
333 610 533 699 implicitum,
557 609 714 686 mirabor,
737 610 764 676 si
787 609 868 678 sciet
885 610 986 680 inter-

183 735 325 800 Noscere
350 732 539 800 mendacem
561 752 740 819 verumque
762 730 877 798 beatus
898 732 1045 798 amicum.
1164 730 1226 796 425

183 856 229 920 Tu
252 875 311 922 seu
334 854 467 922 donaris
489 873 548 920 seu
570 851 650 941 quid
671 852 794 919 donare
816 851 907 920 voles
929 853 994 929 cui,

183 974 286 1042 Nolito
308 975 350 1042 ad
372 995 487 1042 versus
509 974 565 1042 tibi
588 973 687 1042 iactos
709 974 831 1042 ducere
853 972 984 1062 plenum

183 1097 354 1178 Laetitiae;
377 1095 528 1164 clamabit
549 1096 634 1163 enim
656 1095 809 1164 Pulchre!
832 1095 929 1164 bene!
953 1095 1056 1164 reciet

183 1217 341 1286 Palleseet
362 1237 462 1305 super
483 1217 546 1294 bis,
571 1217 667 1286 edam
689 1216 819 1285 stillabit
840 1216 951 1286 amicis

173 1434 276 1495 BhSTc,
289 1435 372 1484 ncta:
392 1435 460 1484 7777
471 1434 501 1494 (7,
521 1435 585 1484 ertia
596 1434 730 1486 Bentleins
742 1437 811 1485 coni.
826 1433 930 1485 firmata
942 1437 1034 1500 postea
1051 1448 1067 1484 7
1080 1435 1194 1486 Politen-it

174 1509 272 1560 Codice
291 1509 331 1558 77.
350 1511 376 1558 77
393 1509 436 1558 Vr.
450 1510 479 1558 B.
498 1521 512 1558 a
531 1521 586 1560 sec.
605 1522 686 1559 mauu
703 1508 775 1573 apud
793 1510 880 1560 leam.
896 1538 924 1545 -
938 1508 995 1560 tet.
1014 1510 1079 1559 77777
1095 1509 1141 1559 iid.
1165 1536 1192 1544 -

173 1582 230 1635 tet.
245 1583 302 1634 775,
321 1584 427 1634 inverso
445 1583 538 1634 ordine
556 1585 584 1633 Β.
606 1611 633 1620 —-
653 1583 710 1634 776.
729 1583 784 1648 out]
802 1585 844 1646 poi
861 1597 893 1633 ex
912 1583 1009 1634 Horatii
1027 1585 1109 1648 ipsius
1126 1584 1194 1634 scri-

172 1660 249 1723 ptura
267 1659 326 1720 quei
343 1659 370 1707 Β.
392 1686 419 1695 -
439 1657 495 1709 tea.
510 1659 599 1722 patiore
616 1657 641 1708 d.
670 1660 716 1721 (777
743 1659 840 1709 ceteris
863 1671 917 1708 non
939 1659 1067 1720 memini.)
1088 1686 1115 1694 -
1134 1656 1191 1709 779.

171 1733 303 1792 aalma·
320 1745 395 1796 super
412 1733 450 1783 bis
466 1734 542 1784 etiam
559 1733 695 1798 distinguit
706 1731 798 1783 lamb.
813 1736 840 1782 et
855 1730 999 1784 Bentleius.
1014 1759 1041 1768 -
1054 1737 1078 1783 et
1093 1732 1147 1782 inm
1163 1733 1191 1781 T.

141 1943 175 1980 77
201 1929 325 1990 77777777,
350 1927 511 1980 accumbere
535 1927 665 1988 iuberem
703 1930 749 1991 get
763 1929 844 1992 atque
861 1925 1003 1992 pallescet;
1027 1929 1144 1980 77777777
1159 1941 1228 1992 que·

140 2005 318 2070 provocantes
335 2002 369 2052 ed
387 2005 452 2069 Epp.
467 2003 491 2064 t,
507 2004 548 2066 77,
562 2005 605 2054 ta:
624 2017 668 2054 ue·
703 2003 829 2054 umentes
846 2001 958 2054 77777777
974 2002 1002 2052 77
1016 2000 1182 2054 simulatione
1194 2015 1227 2054 eo

140 2081 210 2130 77777
234 2079 313 2129 777777
336 2079 371 2128 ad
386 2085 498 2129 77777777.
523 2079 666 2130 Praeterea
703 2089 789 2140 usque
806 2075 950 2140 procedet,
976 2079 1006 2127 ut
1027 2075 1151 2128 lacrimae
1167 2077 1228 2128 iun-

141 2155 221 2217 iunge
246 2157 312 2203 recte
332 2165 441 2214 ponere,
471 2153 560 2204 ascite
585 2154 665 2216 etque
703 2151 762 2210 dat;
781 2149 838 2202 aliis
855 2151 881 2200 iu
898 2149 963 2204 iocis
975 2164 1039 2215 praa
1051 2151 1227 2202 admiratione

142 2227 279 2292 eleganter
300 2239 436 2292 apponere
456 2225 586 2288 fercuta,-
612 2239 666 2278 non
703 2239 736 2276 ex
753 2224 881 2276 cathedra
898 2223 1013 2284 exsiliet;
1034 2225 1170 2276 interdurn
1186 2225 1227 2276 al-

142 2313 204 2353 cum
217 2300 341 2351 Tarnebo
352 2307 455 2352 unctam
466 2307 546 2363 recte,
559 2301 666 2366 idquod
703 2297 801 2350 7777777
824 2300 907 2362 magis
932 2300 1012 2350 etiam
1030 2301 1173 2350 excitatum
1190 2301 1227 2351 si-

141 2377 346 2428 uetatcaesura.
362 2403 390 2413 -
405 2376 460 2441 teci]
480 2374 666 2440 «quisinetali
704 2372 820 2434 7777777,
839 2386 903 2437 pree
920 2373 1017 2425 laetitia
1035 2373 1172 2434 7777777777
1199 2377 1228 2426 77

141 2463 271 2515 sponsore
293 2449 347 2501 flde
370 2454 475 2502 careret
496 2449 597 2502 neceb
615 2449 666 2502 alio
704 2447 844 2513 explicavit
861 2449 914 2500 iem
927 2448 1081 2500 Lambinus:
1102 2450 1174 2500 «Non
1187 2451 1228 2500 est

141 2526 284 2590 pecuniam
296 2527 417 2577 mutuam
428 2537 536 2576 sumere
548 2527 666 2589 posset.»
702 2527 823 2594 autema
849 2523 935 2588 pergit
960 2523 1119 2585 Lambinus,
1147 2535 1228 2587 «eup-

142 2626 169 2636 -
184 2599 256 2664 77777]
275 2601 418 2664 usurpatur
435 2599 564 2651 derebus
579 2599 667 2650 ierati-
702 2596 787 2662 plosio
807 2598 884 2662 pedis
909 2595 1090 2662 intelligenda,
1115 2610 1177 2648 cum
1194 2598 1228 2648 sit

139 2672 192 2724 bus
217 2675 245 2724 77
270 2672 303 2723 de
333 2672 470 2733 omnibus,
497 2687 565 2736 quea
583 2673 667 2723 tristia
703 2669 1227 2734 gestustndtgnanosetdotentts:»quam

140 2750 203 2799 sunt
226 2749 307 2810 etque
329 2749 440 2810 ingrate.
467 2748 572 2798 Dictum
590 2747 668 2809 igitur
703 2747 788 2809 ipsam
802 2747 896 2797 777777
912 2746 1157 2810 interpretationem
1174 2758 1227 2796 non

141 2825 197 2882 est,
216 2825 245 2872 ut
261 2827 334 2872 77777
349 2833 427 2872 77777
444 2821 491 2871 Od.
505 2821 536 2882 t,
556 2822 599 2880 tt,
613 2821 665 2880 377,
703 2821 761 2870 7777
772 2817 924 2883 aliquaveri
935 2821 1025 2884 specie
1036 2820 1229 2883 7777777777-

140 2897 167 2947 b.
181 2895 197 2946 l.
214 2909 292 2958 aeae,
311 2908 380 2959 quae
398 2909 413 2946 e
431 2894 519 2946 litibus
536 2895 665 2956 oriuntur,
703 2893 898 2955 77777777ίηί77,
917 2896 947 2944 77
963 2893 1005 2945 7777
1019 2893 1100 2958 tingat
1111 2893 1229 2957 indigna·

140 2969 266 3022 sollicitae
284 2971 362 3034 igitur
379 2972 407 3020 77
428 2970 549 3020 tristes.»
571 2994 598 3006 -
616 2969 667 3018 mi·
704 2969 804 3018 tionem
822 2973 849 3018 77
865 2970 932 3018 iram
949 2969 975 3018 in
995 2971 1140 3031 tyraurmm
1156 2982 1182 3017 v.
1202 2982 1226 3018 c.

139 3045 232 3106 robor,
251 3047 273 3094 ai
289 3044 356 3107 77777]
375 3045 440 3108 Epp.
456 3044 479 3102 t,
496 3044 596 3102 imi:
615 3044 667 3094 iti·
703 3045 815 3107 apoeta
833 3043 1011 3107 descriptum,
1039 3041 1081 3092 vel
1107 3042 1227 3094 dolorem

139 3119 252 3178 rebon-
263 3117 459 3169 -si-decebtt.-
471 3117 665 3181 inter-Nosces]
704 3115 737 3166 de
755 3117 897 3168 innocente
914 3117 1008 3180 capitis
1020 3116 1156 3167 damnato.
1174 3117 1228 3167 Ve-

140 3197 171 3244 ut
181 3195 234 3244 Sat.
250 3193 274 3254 t,
286 3193 312 3252 7,
325 3193 369 3242 67ι
386 3193 518 3242 inter-liet.
532 3217 558 3228 -
573 3191 666 3254 777777]
703 3204 763 3242 rum
773 3193 857 3255 magis
864 3191 953 3257 placet
963 3191 1082 3255 gradatio
1091 3187 1226 3256 (κλῖμσξμ

142 3279 268 3332 :prorsus
295 3265 458 3318 tortunatum
485 3280 514 3318 se
539 3268 666 3330 reputans
704 3265 1133 3331 7777771777,777777777777777777.»
1152 3267 1228 3316 Wie-

142 3345 169 3393 et
186 3342 305 3394 exultans
321 3339 459 3402 laudibus,
484 3341 581 3405 quibus
598 3343 667 3392 adu·
702 3339 779 3392 land:
803 3355 831 3392 er
846 3341 913 3391 wtrd
929 3341 967 3391 bei
983 3342 1062 3392 7777777
1078 3340 1152 3391 Stella
1168 3341 1228 3404 uus·

140 3417 208 3469 lator
224 3431 287 3469 eum
305 3415 448 3467 cumulet.»
466 3419 508 3466 Sic
521 3416 554 3468 de
567 3419 667 3468 Demo·
702 3416 821 3479 eprtopeo
837 3417 889 3466 eod
905 3416 952 3466 deta
968 3416 1052 3466 Badeo
1067 3429 1114 3466 eor
1130 3415 1228 3464 Enteii-

142 3491 181 3542 cle
200 3493 254 3543 Cic.
268 3493 346 3542 Tusc.
359 3493 387 3551 5,
401 3492 428 3540 77
440 3529 446 3552 ,
460 3492 506 3541 67;
525 3497 554 3542 ut
570 3493 666 3554 777777-
702 3491 762 3540 7777
772 3491 905 3554 atumpseo.
926 3489 999 3554 (Vide
1011 3503 1072 3541 mou
1085 3489 1118 3540 ad
1132 3503 1156 3538 v.
1169 3488 1226 3540 tea.

141 3569 208 3618 deret
227 3565 344 3631 (gladius)
362 3566 429 3616 777777
446 3565 510 3616 beati
521 3565 665 3616 ceruicibus.
703 3563 839 3628 Eupolidis
856 3563 964 3628 locum.)
990 3563 1057 3615 itale
1075 3563 1117 3614 alii
1134 3562 1229 3614 dsun-

174 3640 311 3692 tae-tao.
338 3639 382 3690 tibi
397 3639 485 3703 sectos]
504 3640 542 3690 Cl.
562 3640 627 3704 Epp.
641 3641 664 3700 t,
703 3643 799 3704 guunt:
812 3640 942 3690 Potteacet:
953 3639 1227 3702 wpeuuettamcat,

142 3716 182 3777 76,
195 3717 236 3766 ee.
254 3743 281 3752 -
293 3714 668 3776 clamabit--Pottesceteeper
703 3714 800 3766 trustra
824 3717 1000 3778 provocantes
1018 3713 1052 3764 ad
1071 3714 1135 3777 Epp.
1153 3713 1183 3774 7,
1201 3713 1226 3774 7,

140 3791 178 3840 bia
194 3789 256 3852 cet]
276 3787 359 3838 «Aliis
377 3788 529 3850 tragoediae
547 3792 609 3840 tuae
627 3787 666 3840 lo-
702 3789 747 3840 et:
776 3789 892 3850 (77777777
912 3802 987 3850 erepet·
1011 3788 1056 3838 777
1078 3789 1154 3838 eumn
1174 3789 1226 3836 cet.

141 3865 179 3914 cis
196 3861 343 3928 splendidis
361 3863 388 3912 et
405 3861 592 3925 eloquentibus
605 3865 666 3924 put-
703 3865 757 3915 Cic.
771 3863 804 3914 ad
817 3865 869 3914 ott.
884 3864 929 3924 to,
946 3864 976 3924 6,
995 3864 1022 3912 t:
1041 3863 1095 3912 7777
1111 3875 1185 3924 super
1201 3873 1228 3912 re

139 3939 212 3988 citrei
230 3938 303 3988 benet
315 3939 396 3988 recte!
409 3935 526 4000 (77777777.
540 3937 565 3996 7,
579 3938 619 3997 77,
633 3938 664 3986 3:
701 3939 809 3990 77777777
825 3940 860 3990 nd
876 3944 907 3990 77.
927 3937 1015 4002 virgil.
1030 3940 1053 3998 7,
1068 3938 1129 3988 neo:
1148 3937 1229 3988 777777

140 4014 247 4076 87777777
264 4012 391 4076 pronde!
403 4011 466 4060 cito!
478 4012 609 4072 7777777777
621 4025 666 4061 77-
702 4026 776 4074 super
786 4014 888 4063 Priamo
899 4013 1025 4076 repitent,
1041 4026 1116 4074 asper
1126 4012 1229 4062 Hectore

139 4090 186 4152 pe!
204 4085 305 4151 677777)
322 4084 474 4154 acclamans
491 4086 666 4136 vehementer
702 4087 790 4137 7777777.
823 4087 975 4148 (Praeterea
1001 4089 1090 4138 nostra
1117 4099 1227 4138 caesura

141 4161 264 4226 plaudet;
282 4175 357 4224 super
372 4161 424 4222 bis,
443 4160 469 4210 id
488 4163 541 4220 est,
562 4160 596 4211 de
609 4160 665 4212 aliis
702 4163 742 4211 vis
765 4159 910 4223 particulae
928 4163 1004 4212 ettam
1024 4161 1107 4224 megia
1125 4159 1228 4210 extolli-

141 4237 262 4288 elusdem
280 4235 345 4286 locis
359 4233 512 4306 φοβεροῖς,
534 4237 664 4288 terrorem
702 4237 764 4296 tur.)
779 4263 805 4270 -
824 4235 926 4286 atittobtt
938 4237 1003 4301 cet]
1015 4237 1045 4286 V.
1058 4237 1228 4288 cananeum

140 4311 311 4375 spirantibus,
325 4323 458 4364 summam
471 4301 607 4376 ἔκπληξιν
618 4310 666 4362 fin·
702 4311 853 4362 accusativo
871 4311 1001 4374 iungitur,
1021 4313 1050 4362 ut
1066 4325 1170 4373 7777777,
1188 4324 1229 4360 77-
