3116 4968
311 427 374 494 446
691 425 1017 503 444444444444444444

354 588 399 652 Ao
421 591 572 651 venerata
596 581 710 657 Ceres,
734 579 905 647 4444441444
927 591 1075 668 surgeret
1095 579 1173 658 alto,

354 704 512 794 Explicuit
533 705 607 770 vino
631 711 814 769 contractae
837 703 922 770 seria
943 703 1064 770 frontis.
1334 702 1391 769 ist

354 829 483 896 Saeviet
503 837 602 915 atque
625 847 727 892 novos
749 835 878 892 moveat
899 827 1038 891 Fortuna
1061 822 1234 903 tumultuS,

353 951 516 1030 Quantum
526 949 601 1016 hino
613 947 802 1014 imminuet?
824 947 952 1026 Quanto
966 955 1022 1012 aut
1039 965 1100 1034 ego
1114 945 1246 1033 parolus
1261 957 1314 1012 aut
1330 967 1391 1022 vos,

354 1072 383 1166 4)
405 1071 512 1159 pueri,
536 1070 688 1148 nituistis,
712 1079 747 1136 ut
768 1068 832 1136 huo
854 1088 957 1134 novus
979 1066 1085 1136 incola
1105 1068 1216 1134 venit?

353 1195 432 1260 Num
453 1193 606 1280 propriae
628 1190 751 1258 telluris
773 1190 888 1256 herum
910 1198 1024 1258 natura
1046 1210 1153 1277 neque
1175 1189 1264 1256 illum

324 1443 328 1450 '
377 1445 433 1496 tit.
461 1444 587 1496 Ceresoti
612 1444 653 1494 LC
671 1446 698 1493 et
715 1455 755 1508 pr.
775 1444 792 1492 S
811 1436 973 1512 (ἀμέτρως),
1001 1444 1155 1504 04444444,
1184 1446 1222 1496 ito
1241 1445 1365 1496 4444444444

343 1522 462 1574 Aldinae.
498 1523 537 1585 (tlt
554 1533 614 1580 nos,
632 1520 686 1585 bop
699 1523 727 1570 et
737 1533 806 1570 corr.
820 1521 837 1570 S
849 1533 912 1570 oum
929 1517 1088 1570 Bentleiunis
1105 1520 1249 1583 omnibus.)
1264 1547 1293 1560 -
1308 1523 1362 1574 tit.

345 1598 453 1661 Quanto]
471 1603 593 1658 4444444444
609 1594 637 1645 4).
658 1623 685 1630 -
705 1596 762 1644 448.
779 1594 878 1642 sinistis
889 1597 1014 1656 quattuor
1026 1595 1141 1646 Pottlerii
1152 1609 1275 1660 unusque
1287 1597 1364 1656 lese,

343 1675 446 1723 novistis
454 1685 481 1737 p.
494 1699 522 1709 -
533 1671 589 1722 iss.
597 1669 719 1732 proprius
727 1667 844 1728 osrici
853 1669 880 1717 44
888 1667 1030 1720 Bentleius:
1040 1671 1144 1732 proprie
1153 1671 1206 1720 iii.
1219 1698 1246 1708 -
1257 1673 1363 1722 44444448.

310 1900 364 1951 hus
381 1898 489 1963 quidem
508 1899 535 1947 et
551 1894 669 1958 Scaliger
686 1893 769 1944 Plauti
791 1905 835 1942 vv.
874 1892 906 1942 t:
924 1891 964 1940 ltu
979 1895 1003 1940 te
1017 1892 1136 1942 victorem
1152 1868 1317 1957 obnubitur,
1328 1900 1396 1946 --ut

307 1972 569 2039 santonensium,
589 1968 700 2034 «poculo
711 1980 765 2018 uuo
777 1965 837 2030 plus
872 1977 994 2028 4449444444
1014 1970 1116 2027 parum
1137 1969 1197 2018 444444
1221 1969 1334 2020 laubias
1354 1976 1397 2022 tue

312 2062 393 2113 quum
412 2047 494 2098 444444
510 2044 622 2105 bibet»,
641 2045 835 2107 exposuerunt,
873 2040 983 2103 4449444444
1004 2042 1087 2104 offert.
1122 2043 1208 2104 Atque
1232 2045 1341 2096 omnino
1361 2045 1397 2094 444

312 2125 403 2174 contro
450 2118 673 2170 consuetudinem
716 2118 836 2166 Latinam
873 2115 899 2164 h.
922 2112 939 2163 l.
961 2113 1034 2164 idem
1059 2117 1100 2166 est
1125 2119 1204 2178 atque
1233 2117 1397 2181 frequentius

310 2197 387 2248 verbi
404 2193 533 2255 4444444444.)
558 2193 732 2244 Coniecturae
746 2193 836 2240 nutem
873 2187 936 2239 illud
954 2190 980 2240 in
997 2189 1196 2253 precationibus
1208 2192 1251 2241 444.
1271 2193 1321 2243 0d.
1335 2197 1358 2254 4,
1371 2194 1395 2254 3,

311 2284 407 2334 eoppa,
419 2283 498 2332 nipe,
515 2268 598 2330 4444444,
615 2267 707 2330 puna,
726 2267 781 2316 Post
792 2265 837 2314 444
874 2264 901 2313 t:
920 2263 962 2314 Sic
979 2269 1001 2314 44
1018 2266 1086 2316 Diuo
1098 2271 1186 2327 potens
1197 2265 1275 2328 Cupit
1286 2270 1340 2318 oet.
1358 2269 1397 2318 ln-

311 2348 387 2398 lodus
411 2350 467 2395 erut
492 2339 569 2393 κάπ’
595 2340 639 2408 βῳ
665 2346 757 2403 potore
778 2354 837 2390 mo-
873 2339 974 2403 soriptt.
999 2341 1055 2390 Lat.
1078 2341 1108 2390 N.
1130 2338 1212 2392 titt:
1241 2342 1279 2391 ito
1304 2342 1395 2392 4444444.

311 2423 391 2486 944444
420 2417 594 2483 (Praedioow)
624 2429 710 2480 oeque
736 2414 837 2466 scilieet
873 2411 956 2464 Pleut.
969 2412 1026 2465 Aul.
1040 2415 1070 2473 4,
1090 2415 1118 2472 4,
1137 2415 1183 2466 27:
1208 2415 1246 2465 ito
1261 2416 1287 2466 di
1303 2417 1395 2480 4444444.

311 2508 423 2560 sagaces
439 2496 509 2546 sunt.
873 2487 949 2538 llund
966 2489 1040 2538 Turs.
1054 2490 1097 2544 lll.
1112 2502 1139 2552 p.
1153 2488 1210 2540 494.
1231 2518 1259 2526 -
1276 2490 1397 2556 uoueret]

346 2569 403 2621 tsi.
424 2571 481 2620 iso.
505 2568 541 2619 Ao
561 2565 690 2629 4444444444]
714 2565 834 2628 uttlirg.
872 2562 913 2613 Ad
938 2563 989 2612 hoc
1013 2562 1129 2614 verbum
1154 2565 1238 2626 Ceres,
1268 2579 1340 2629 quae
1365 2565 1397 2617 ed

311 2648 378 2698 Aen.
392 2645 421 2706 3,
440 2643 505 2695 tio:
524 2655 660 2702 cornuque
676 2639 746 2690 dabit
761 2652 837 2690 oene-
872 2639 1041 2702 participium
1065 2644 1185 2688 4444444444
1214 2643 1323 2704 proprie
1353 2655 1398 2692 eo·

310 2725 372 2770 rato
387 2719 519 2779 secundm,
543 2718 662 2781 passive,
686 2714 782 2766 eodeni
799 2716 837 2766 si·
873 2714 1242 2778 cipieuduest.metonymioe
1254 2717 1399 2784 intelliges·

312 2793 479 2858 gnifiootione
491 2796 571 2856 etque
584 2791 668 2843 Plaut.
682 2791 749 2842 llud.
762 2793 791 2850 5,
809 2791 834 2853 4,
872 2789 920 2851 dn,
941 2802 1060 2852 «segeni
1090 2790 1165 2842 Coni.
1185 2793 1238 2842 Sut.
1259 2794 1288 2854 4,
1307 2795 1339 2854 5,
1357 2792 1396 2844 tt.

312 2869 361 2919 ot:
390 2868 484 2928 Vnius,
509 2881 615 2918 44444444
639 2872 677 2928 te,
703 2871 732 2916 ot
753 2876 837 2914 omnes
875 2893 903 2902 -
921 2865 1059 2929 Explicuit]
1077 2865 1168 2926 0d.3,
1187 2867 1235 2926 29,
1253 2865 1303 2918 tt:
1322 2869 1398 2918 444444-

311 2943 585 2994 mtsoiisuooessient.
616 2938 836 2992 Curmseolbz
872 2940 1121 3002 dum-pauonum
1139 2939 1399 2992 044444--8444444-

313 3020 432 3080 0444444
446 3029 491 3066 vos
512 3015 586 3064 bobio
604 3021 740 3066 emeretur
760 3014 834 3076 44444,
871 3019 925 3065 tom
941 3015 1083 3077 multtum
1103 3015 1219 3079 frontem.
1241 3041 1269 3052 -
1294 3023 1397 3068 contro·

312 3092 486 3153 --Impotrst
498 3088 582 3152 -ito]
596 3089 670 3147 Quod
684 3088 748 3140 dicit
758 3091 836 3140 Bent-
871 3090 934 3151 ctae]
954 3103 1082 3153 «rugosae
1106 3093 1218 3154 propter
1242 3089 1399 3144 sollieitudi-

311 3165 380 3218 isius
397 3167 425 3218 et
441 3161 623 3222 Heindorllus,
641 3163 679 3211 ita
697 3175 770 3222 esse,
793 3165 837 3213 rut
872 3178 948 3214 nes.»
976 3163 1059 3214 Pluut.
1072 3166 1168 3228 Amph.
1186 3165 1255 3216 Prol,
1269 3167 1315 3216 52:
1335 3166 1399 3230 Qitirl

312 3241 367 3292 44444
383 3253 455 3292 nuno
475 3239 559 3301 surgit
579 3234 654 3287 coelo
675 3235 782 3300 pluvio»
801 3237 834 3298 44.
872 3237 1175 3302 omniumomniuni
1191 3240 1266 3304 Epid.
1280 3243 1310 3302 o,
1324 3243 1335 3292 4
1348 3280 1354 3303 ,
1367 3241 1396 3290 3:

312 3315 394 3377 tte),
426 3315 515 3364 minus
543 3313 695 3376 oppositum
722 3309 835 3360 videtur.
874 3314 939 3373 (4444
954 3315 1014 3364 ttius
1024 3319 1071 3376 444,
1090 3315 1399 3381 quodibeupmtlross

311 3391 407 3442 Mirum
445 3389 526 3438 4444444
565 3385 617 3436 hoo
654 3387 837 3435 commentum
873 3389 1043 3440 mutuatio.
1073 3389 1188 3440 Naevius
1204 3391 1231 3440 444
1247 3390 1329 3442 Dolo:
1356 3405 1399 3441 oo·

312 3463 447 3514 Schoelerl
456 3460 644 3512 Ansbocensis:
655 3461 772 3510 «Tenent
782 3472 839 3510 4444-
870 3465 963 3521 444444
977 3463 1067 3524 nonu.

312 3538 391 3590 nibus
403 3538 459 3588 sive
477 3537 583 3601 pateres
595 3535 651 3585 sive
668 3533 764 3599 poculo
782 3533 838 3585 his-
907 3533 1028 3584 ist-ise.
1046 3537 1110 3601 4444]
1129 3552 1179 3590 «ex
1190 3539 1222 3590 iis
1237 3539 1397 3600 commodis,

312 3625 365 3677 que
382 3611 461 3662 ultius
477 3608 588 3661 sublatis
601 3609 653 3672 (hio
664 3610 735 3660 enim
747 3611 837 3673 gestus
873 3607 972 3672 quibus
990 3621 1061 3660 nuno
1076 3616 1106 3660 ut
1122 3617 1200 3663 untes
1216 3614 1357 3666 fruimur.»
1368 3641 1396 3652 .-

311 3690 403 3740 mente
419 3686 497 3737 nobis
522 3683 662 3748 fingendus
688 3685 737 3748 est)
761 3687 838 3736 orant
873 3683 893 3732 0
907 3683 991 3747 poen]
1008 3685 1097 3734 «Pueri
1112 3689 1159 3736 4444
1175 3687 1220 3738 filii
1236 3691 1282 3739 eut
1298 3689 1397 3742 servi·

312 3763 406 3823 deum,
424 3764 455 3812 444
470 3763 519 3820 itu,
539 3760 567 3811 id
583 3763 639 3818 est,
657 3760 685 3810 in
702 3762 771 3810 huno
782 3758 839 3810 ulti-
873 3760 935 3809 Aen.
949 3759 1171 3824 Tuinterpreture
1182 3760 1217 3812 de
1229 3761 1297 3814 tiliis.
1313 3791 1342 3802 -
1356 3763 1399 3814 444-

311 3836 432 3888 tudinem
460 3835 584 3887 erescere
611 3833 703 3886 iubent
734 3833 837 3886 culmos
873 3833 965 3896 inistis]
993 3835 1121 3899 upingues
1138 3849 1170 3887 44
1187 3836 1266 3888 validi
1286 3838 1397 3890 fuistis.»

311 3913 339 3962 in
356 3912 452 3974 egris.»
485 3913 570 3961 lmmo
594 3911 688 3960 44444444
711 3910 838 3960 conviva·
873 3909 1020 3974 opponitur
1027 3910 1079 3960 hoe
1091 3909 1220 3974 squalori;
1230 3911 1322 3976 pundo
1334 3926 1400 3964 nou·

311 3997 373 4036 rum
385 3987 442 4036 erut
454 3998 515 4036 oum
526 3983 697 4036 libationibus
709 3985 836 4035 Cererem
872 3983 936 4036 nulli
948 3984 1144 4036 substituerunt
1158 3987 1266 4048 44444444,
1279 3989 1309 4036 ut
1317 3985 1400 4052 expli-

311 4060 494 4111 adorantr'um:
508 4059 835 4123 uitamaotottoouimo.»
873 4061 917 4110 444
934 4060 1039 4111 comm,
1055 4060 1137 4123 Cruq.
1162 4060 1248 4112 «bene
1270 4061 1397 4112 vulsos.»

311 4133 424 4186 Plancus
441 4135 476 4184 ud
488 4135 542 4186 Clo.
556 4135 628 4184 Fam.
642 4133 686 4194 40,
704 4133 733 4194 9,
752 4134 781 4185 2:
799 4134 838 4184 ito
873 4133 1052 4200 opuntis:
1064 4135 1399 4199 Meninatmuotnititlont

311 4209 344 4260 ob
360 4209 677 4261 iomttmntibusmeiism
689 4208 836 4271 publicati·
872 4207 1181 4262 tmouuatucuooiso.
1206 4207 1318 4261 etnim.
1329 4208 1396 4273 Epo.

311 4283 423 4337 44444444
441 4283 521 4336 Plene
533 4283 717 4336 (1444444444.
731 4283 776 4345 to,
790 4283 834 4344 44,
871 4283 896 4344 4,
906 4282 977 4342 tm.
988 4281 1398 4348 (Diogenesnomufluuuieum
