3178 4972
599 451 658 502 iic.
677 453 697 501 l.
733 451 831 506 Eeisr.
849 453 913 503 iiiii.

260 604 294 670 Si
318 603 456 682 validus,
481 605 508 671 si
532 604 636 673 laetus
657 608 735 686 erit,
759 609 787 674 si
810 607 952 697 denique
974 620 1102 696 poscet;

256 727 303 792 Ne
325 725 432 792 studio
457 727 558 794 nostri
581 748 700 815 pecces
721 729 899 818 odiumque
921 729 1037 798 libellis

258 845 398 914 Sedulus
419 849 575 936 importes
597 869 698 937 opera
721 849 912 918 vehemente
934 852 1087 920 minister.
1284 856 1303 920 5

257 967 290 1034 Si
313 979 344 1035 te
367 968 448 1036 lorte
469 989 564 1037 meae
586 971 693 1058 gravis
715 981 789 1039 uret
810 971 937 1040 sarcina
959 972 1104 1050 chartac,
1179 1035 1190 1071 ,
1226 1056 1238 1087 ρ

255 1087 390 1156 46444444
412 1092 532 1178 potius,
556 1113 654 1180 quam
677 1113 743 1181 quo
765 1093 910 1180 perferre
933 1095 1056 1162 iuberis
1135 1087 1301 1292 4ὓῇ

256 1208 395 1278 Clitellas
417 1211 505 1278 ierus
528 1213 686 1302 impingas
709 1215 892 1302 Asinaeque
915 1226 1085 1303 paternum

278 1391 302 1440 o.
327 1395 389 1441 urat
409 1390 474 1442 Cod.
495 1391 558 1443 Coll.
577 1393 658 1454 Trio..
677 1395 827 1446 Priscianus
845 1397 885 1456 48,
903 1395 929 1457 4,
947 1397 1002 1456 50..
1027 1402 1100 1460 urpet
1117 1395 1183 1448 alter
1200 1397 1264 1450 Coll.

244 1465 333 1514 Trinit.
345 1478 394 1530 pro
411 1467 484 1516 varia
501 1465 625 1518 lectione.
653 1467 766 1530 (Habent
782 1475 839 1520 uret
854 1469 947 1535 bSEcp
965 1471 1003 1532 et,
1023 1474 1052 1522 ut
1068 1471 1186 1534 videtur,
1205 1476 1267 1525 Pot-

244 1539 312 1589 tierii
329 1541 442 1602 omnes.)
462 1567 489 1576 -
508 1541 533 1592 i.
551 1542 646 1592 4444444
663 1541 689 1593 d.

210 1697 335 1762 insportca]
360 1696 519 1763 plerumque
544 1701 578 1751 dc
595 1700 678 1752 rebus
697 1703 737 1753 in·
774 1705 951 1769 pretationem
962 1707 1101 1769 proposuit
1112 1707 1175 1758 l'oss
1188 1707 1221 1758 de
1234 1708 1302 1758 Tbe-

210 1771 373 1833 commodia,
401 1775 431 1822 ut
448 1775 613 1838 «importare
631 1775 738 1828 calami-
774 1777 851 1841 ophr.
865 1779 884 1828 1.
898 1792 924 1842 p.
938 1778 983 1827 30:
1004 1779 1234 1844 «nbiicitopotius
1245 1795 1302 1832 444-

209 1844 422 1907 tatem‚luoturn¹
435 1847 735 1913 periculumpestem.»
774 1852 876 1912 cinam¹
908 1864 990 1914 quum
1015 1851 1062 1903 ubi
1088 1854 1154 1917 (qua
1179 1856 1300 1919 corporis

242 1920 298 1970 6-9.
325 1921 388 1985 uret]
407 1920 441 1971 de
459 1935 540 1974 onere
559 1922 688 1986 molesto,
708 1928 737 1976 ut
773 1926 856 1990 parte)
875 1923 985 1978 clitellas
1002 1927 1121 1992 perterre
1133 1927 1247 1991 iuberis,
1266 1943 1299 1980 eo

209 1993 284 2044 Ovid.
308 1995 383 2046 Rem.
402 1998 461 2046 Am.
480 1996 545 2047 235:
571 1997 682 2060 Aspicis,
708 2005 737 2050 ut
772 1997 844 2050 illam
861 2001 1008 2064 impingas,
1036 2003 1063 2052 b.
1082 2016 1106 2053 e.
1126 2016 1208 2067 quam
1226 2005 1300 2067 tergo

205 2081 305 2130 pressos
328 2075 406 2119 444444
428 2071 491 2134 aaa
504 2073 593 2133 primu
610 2073 733 2125 44444444.
773 2087 834 2125 eam
851 2077 944 2139 portes
962 2077 989 2127 et
1005 2076 1057 2126 bac
1070 2077 1172 2128 ratione
1190 2091 1240 2142 par
1256 2091 1300 2128 ur-

208 2141 248 2193 Ci.
266 2143 332 2207 Epp.
351 2144 382 2204 4,
403 2145 447 2204 40,
466 2145 507 2196 43.
542 2145 596 2198 Sed
618 2148 670 2198 hoc
687 2161 737 2213 per
772 2148 837 2198 bem
861 2150 989 2213 vicosque
1014 2150 1189 2214 proficiscens
1211 2150 1299 2202 tabula

207 2217 314 2276 iocum;
342 2231 393 2269 non
420 2220 491 2270 enim
514 2233 543 2270 re
567 2235 630 2272 vara
648 2224 736 2286 gravis
773 2223 847 2273 iias.»
878 2223 977 2274 Verum
1004 2224 1116 2276 clitellae
1139 2226 1165 2275 h.
1193 2224 1210 2276 Ι.
1233 2239 1299 2290 pro-

209 2305 269 2344 esse
302 2295 408 2358 poterat
441 2293 591 2347 libellorum
618 2299 733 2360 4444444,
772 2298 842 2361 pris,
869 2311 922 2349 non
948 2299 1059 2362 figurate
1085 2301 1188 2361 4444444,
1217 2301 1299 2352 asiais

207 2379 261 2430 quo
292 2367 351 2431 ipso
381 2381 439 2418 voc.
467 2373 643 2434 praeparatur
668 2371 736 2424 aiter
772 2374 799 2420 et
816 2371 908 2433 mulis,
928 2372 1146 2425 nonhominibus
1159 2375 1299 2438 imponun-

207 2441 282 2492 iocus
298 2455 324 2492 v.
341 2442 366 2494 8.
395 2441 448 2506 (De
465 2444 532 2493 Vinii
554 2447 628 2496 metu
643 2447 735 2510 Augu·
771 2447 827 2507 tur,
852 2460 940 2510 neque
963 2447 1121 2511 corporibus
1137 2461 1233 2498 eorum
1250 2449 1298 2500 im·

206 2517 278 2566 stum
295 2517 405 2581 propius
425 2517 573 2568 accedendi
590 2521 643 2572 noli
661 2521 734 2584 cogi·
770 2521 923 2585 pinguntur.
958 2519 1034 2571 Aliud
1058 2523 1129 2572 enim
1148 2523 1189 2572 est
1206 2535 1298 2573 «com-

205 2592 262 2640 4444
288 2603 351 2642 cum
376 2593 528 2656 Diintzero.)
557 2621 584 2630 -
620 2595 733 2659 Atticito]
769 2593 863 2659 pedes,
876 2607 1004 2658 pugnum,
1019 2594 1108 2646 dicam
1120 2595 1295 2659 impingere»,

205 2665 308 2718 Festive
333 2667 476 2730 significat,
502 2681 532 2718 44
559 2667 659 2720 nullum
677 2670 732 2721 lere
770 2681 839 2731 quae
857 2666 899 2717 ille
917 2671 1031 2731 utroque
1043 2682 1076 2718 ex
1087 2670 1197 2720 Comico
1209 2669 1294 2720 46444.

205 2741 313 2805 scriptis
324 2742 380 2794 suis
391 2743 507 2806 pretium
520 2745 647 2794 statuere.
666 2744 734 2794 444)-
771 2742 819 2791 vv.
837 2743 928 2792 autem
953 2754 1002 2802 quo
1015 2743 1130 2806 perferre
1147 2742 1296 2804 significare

205 2816 276 2866 iicito
293 2818 381 2881 potius
398 2818 424 2867 in
442 2818 500 2882 ipso
518 2819 628 2868 itinere»
651 2817 734 2882 (fingit
770 2829 824 2865 non
841 2818 954 2879 possunt
969 2815 1013 2864 4444
1026 2817 1106 2878 ferre,
1132 2815 1181 2866 sed
1199 2817 1293 2866 unice:

206 2891 278 2942 enim
303 2890 338 2941 ob
365 2893 472 2956 propria
496 2905 603 2956 quoque
627 2895 732 2956 negotia
770 2883 821 2939 aot
836 2891 1037 2960 προσφέρειν.»
1063 2889 1213 2954 (4444449444
1231 2891 1297 2955 figu-

204 2965 310 3017 Vinium
336 2967 446 3017 Romam
472 2967 606 3031 proticisci
628 2969 656 3016 et
672 2970 731 3018 tan-
768 2966 826 3014 rate
844 2963 915 3027 apud
932 2965 1063 3014 Senecam
1075 2963 1109 3014 de
1127 2963 1217 3015 Benel.
1232 2968 1256 3026 4,
1270 2967 1293 3028 4,

205 3041 261 3091 taum
283 3040 362 3092 446444
384 3053 467 3091 causa
490 3042 608 3092 carmina
627 3040 731 3093 441444-
768 3039 800 3089 o:
819 3039 863 3100 qui
879 3037 1022 3102 4444444444
1037 3040 1119 3089 iratus
1129 3040 1253 3104 imponit.)
1266 3067 1292 3076 -

204 3127 266 3164 cum
282 3115 414 3179 portare),
440 3128 538 3179 «quam
562 3117 591 3166 ut
607 3128 640 3166 eo
657 3115 729 3178 loco,
766 3111 865 3176 444444]
883 3113 926 3163 Sic
943 3112 1048 3162 videtur
1059 3112 1156 3164 dixisse
1169 3127 1218 3178 pro
1229 3113 1296 3164 4444-

203 3201 289 3252 usque
314 3189 349 3238 ad
377 3202 458 3252 quem
484 3189 604 3254 perferre
630 3190 730 3242 iuberis
767 3187 824 3247 444;
845 3201 899 3238 non
917 3188 989 3238 enim
1006 3185 1134 3240 credibile
1152 3189 1194 3238 est
1209 3189 1292 3252 patris

203 3265 348 3324 4444444444,
366 3263 447 3326 44444,
466 3266 556 3316 oneris
573 3265 625 3314 iam
642 3266 730 3330 impa-
767 3274 916 3324 cognomen
932 3262 1036 3324 444444,
1063 3263 1093 3314 ut
1109 3261 1215 3323 volunt,
1242 3263 1294 3313 ioci

203 3338 286 3400 tiens,
305 3338 444 3400 4444444444,
464 3342 494 3389 ut
511 3341 616 3403 iniquae
633 3341 729 3390 mentis
768 3351 849 3390 causa
861 3353 876 3388 a
888 3337 1294 3390 vicaniseiusinitsellaedelle-

202 3409 313 3473 44444444,
333 3425 395 3463 cum
410 3414 435 3462 vi
454 3417 481 3463 44
497 3412 581 3464 multo
599 3428 661 3466 cum
678 3414 729 3466 444-
765 3426 907 3464 ramesse.
921 3413 1293 3477 Quodputerncmestcogno-

201 3499 265 3550 gore
292 3486 400 3538 deiicics
425 3488 499 3538 humi
522 3487 619 3540 alicubi
642 3489 684 3540 vel
701 3491 729 3541 in
765 3501 843 3550 444444,
873 3491 1003 3539 monstrat
1022 3489 1075 3540 iam
1093 3491 1197 3554 patrem
1217 3490 1293 3552 inge-

201 3561 299 3612 ntrium
310 3560 401 3613 Palatii
412 3561 516 3612 clitellas
526 3561 591 3613 muli
603 3561 645 3613 vel
661 3565 727 3615 asini
765 3575 847 3613 nuum
857 3564 986 3614 rusticum
992 3564 1141 3615 Romanum
1151 3563 1231 3615 luisse
1240 3575 1291 3612 nec

200 3636 238 3686 tui
254 3635 489 3701 (Souperatioi),
509 3637 606 3701 quibus
623 3640 727 3690 sarcina
764 3651 829 3688 vero
858 3652 1008 3703 cognomen
1036 3637 1089 3689 tilio
1115 3635 1290 3689 contumeliae

200 3707 296 3774 illigata
328 3713 371 3762 ast
394 3713 475 3774 atque
500 3711 562 3762 inde
588 3711 725 3763 solvenda.
764 3725 844 3764 causa
858 3713 979 3765 inditum.
1007 3711 1291 3775 ilementocognomi-

200 3785 300 3846 Quodsi
321 3787 376 3836 tam
397 3787 512 3836 rusticus
530 3798 617 3848 44444,
645 3800 726 3851 wem
763 3800 828 3838 uum
840 3789 944 3850 44444444,
963 3789 1090 3848 oviculae,
1106 3787 1218 3849 8444444,
1234 3787 1292 3836 Ver-

199 3860 334 3924 signiflco‚
353 3862 450 3912 merito
467 3859 583 3914 Asellam
600 3863 627 3911 te
644 3875 726 3912 voca-
761 3861 799 3910 444
811 3875 844 3912 ao
861 3861 995 3913 similium.
1015 3863 1141 3913 Ceterum
1154 3863 1231 3911 vetus
1249 3863 1290 3910 est

199 3935 237 3994 ri,
255 3939 301 3998 qui
318 3935 370 3986 boc
387 3935 521 3997 viderent,
548 3933 666 3986 ridentes
683 3935 726 3986 di·
762 3935 837 3985 iocus
854 3937 906 3987 iam
925 3936 996 4001 apud
1014 3937 1068 3988 Cic.
1088 3934 1122 3985 de
1140 3935 1183 3984 04.
1196 3934 1228 3995 i,
1246 3933 1287 3994 444,

199 4010 317 4060 carent.»
336 4007 393 4060 Noli
411 4009 590 4073 distinguere:
610 4022 726 4072 quoper-
761 4009 827 4060 4484
853 4011 916 4062 illud
940 4009 1078 4074 8444444444,
1111 4023 1169 4060 cmo
1192 4009 1287 4060 4444444

196 4083 265 4145 scr-re
280 4083 373 4134 44444444
384 4085 503 4146 0444444444,
519 4085 588 4148 [erac
598 4084 725 4150 implnpos
761 4097 844 4135 444444
857 4086 1004 4147 procinctae
1019 4085 1142 4148 stipendio
1153 4089 1287 4135 4444444444

198 4157 287 4221 (tetalz
314 4171 367 4209 non
394 4159 463 4210 enim
486 4157 589 4209 4444444444
605 4159 723 4222 44444444
760 4157 1286 4224 444444444444444444444π44444444-

196 4231 317 4296 perterre
337 4234 426 4286 iussus
444 4237 515 4297 4444,
543 4231 592 4284 sed
609 4232 723 4286 volumi·
760 4233 815 4284 lum
832 4239 854 4284 44
871 4239 961 4284 cetera.
993 4233 1031 4284 Cl.
1051 4235 1131 4285 etiam
1149 4234 1239 4286 Marini
1254 4235 1283 4286 4.

196 4319 261 4358 num
278 4308 420 4360 sarcinam.
448 4311 549 4360 Novam
567 4305 623 4358 h.l.
643 4309 723 4360 inter·
759 4309 788 4359 4.
808 4321 834 4373 p.
853 4309 917 4360 505:
946 4308 972 4360 C.
999 4306 1150 4362 4444444448.
1173 4307 1293 4361 444444·-
