3130 4966
602 431 662 483 tta.
682 435 700 484 l.
736 435 804 484 SAT.
824 435 865 485 lll.
1235 433 1276 497 57

190 588 232 655 Ut
254 608 407 676 quaeque
430 599 495 666 est,
521 589 563 656 ita
585 589 751 678 suppliciis
774 589 890 656 delicte
912 592 1064 658 coercet?

81 766 85 772 .
190 709 222 775 Si
246 711 420 798 quiscum
443 731 591 788 servum,
615 713 756 800 patinam
778 713 834 800 qui
858 712 969 778 tollere
992 713 1100 780 iussus
1235 715 1277 778 80

189 832 343 918 Semesos
364 833 473 920 pisces
497 833 711 923 tepidumque
734 833 891 922 ligurierit
912 834 979 912 ine,

190 956 225 1019 ln
248 976 346 1022 cruce
369 953 510 1044 suffigat,
534 955 686 1023 Labeone
709 956 852 1023 insanior
873 957 956 1023 inter

192 1078 295 1144 Sanos
317 1076 452 1144 dicatur.
497 1079 624 1158 Quanto
648 1077 709 1145 hoe
731 1077 883 1144 luriosius
906 1090 1002 1166 atque

192 1199 294 1265 llaius
315 1210 486 1288 peccatum
508 1209 575 1267 est:
599 1198 734 1266 Paulum
756 1198 892 1287 deliquit
913 1201 1049 1279 amicum

194 1319 290 1400 Quod
312 1321 374 1388 nisi
396 1320 576 1398 concedas,
599 1319 742 1389 habeare
764 1321 924 1400 insuaue,
948 1323 1101 1391 acerbus:
1237 1330 1278 1392 85

193 1440 298 1508 Odisti
321 1452 354 1510 et
375 1441 477 1530 tugis,
501 1453 536 1509 ut
557 1445 720 1510 Rusonem
742 1442 870 1510 debitor
891 1445 992 1522 aeris,

258 1613 299 1664 84.
318 1613 476 1674 tepidumque
495 1613 652 1672 BbScd,LCt
670 1616 697 1664 et
712 1614 858 1667 Bentleius:
885 1617 1058 1696 trepidognque
1074 1633 1089 1669 e
1108 1621 1191 1672 Codd.
1212 1622 1245 1686 (pl

227 1685 279 1737 l'll.
300 1715 328 1723 -
346 1689 388 1739 82.
407 1689 515 1738 Labieno
531 1687 648 1739 malebat
669 1689 812 1742 Bentleius.
833 1717 861 1726 -
880 1693 949 1741 Post
964 1692 1036 1742 huno
1052 1705 1161 1745 versum
1179 1697 1244 1746 Cod.

225 1760 242 1810 d
261 1760 351 1812 delicit
367 1763 502 1827 usquead
520 1764 573 1813 Sat.
587 1763 615 1824 l,
634 1764 675 1814 29.
696 1793 724 1801 -—
742 1765 783 1816 83.
798 1771 892 1827 quanto
907 1766 1028 1828 (amorius
1045 1767 1136 1831 bluon
1154 1770 1244 1835 BScp).

229 1863 253 1873 -
275 1838 316 1888 85.
341 1839 406 1900 Quot
427 1839 476 1888 oiri
498 1837 615 1890 molebat
637 1838 781 1891 Bentleius.
807 1869 834 1876 -
859 1840 967 1891 toomre
988 1843 1117 1892 tneque:
1143 1844 1248 1894 acerbus

227 1912 305 1962 Odisti
322 1925 384 1964 cum
401 1911 520 1964 Bentleio
537 1913 604 1964 Fut.
626 1942 653 1950 -
672 1915 714 1966 86.
733 1917 874 1966 unomen
892 1931 969 1980 μνω,
989 1919 1027 1968 Lt.

195 2064 316 2125 tempore
341 2063 453 2126 propter
475 2061 645 2113 dicacitatem
666 2064 719 2112 flo-
757 2075 822 2114 vero
850 2030 965 2128 usquam
993 2064 1074 2115 dixit:
1106 2064 1184 2114 bouus
1209 2066 1280 2127 otoo,

195 2135 279 2185 Meum
293 2135 450 2186 vocabatur.
472 2138 574 2188 Seneca
593 2138 716 2188 Controv.
755 2139 838 2188 mulus
849 2139 922 2189 dieo?
940 2139 1006 2200 Quid
1022 2141 1102 2202 ergo?
1117 2139 1284 2204 Distinguen-

194 2210 219 2259 tt.
238 2210 323 2261 Praei.
345 2239 372 2246 -
391 2211 457 2260 iuter
472 2211 554 2276 sonos]
575 2211 661 2276 «apud
678 2225 720 2263 sa·
757 2211 822 2264 dum
845 2217 886 2264 est
909 2217 936 2264 et
960 2213 1118 2274 videndum,
1145 2215 1282 2279 quomodo

195 2297 257 2345 nos,
287 2298 303 2334 o
331 2285 428 2335 sonis·
472 2285 529 2336 Noli
557 2285 719 2349 distinguere
757 2288 875 2351 quidque
893 2288 1004 2339 dicatur.
1038 2290 1140 2339 lividus
1160 2291 1201 2339 odi
1219 2303 1282 2340 eum

195 2363 276 2423 atque
305 2359 487 2423 interpretari:
522 2361 640 2424 auspicem
668 2362 720 2410 Lc-
758 2363 831 2423 dico,
865 2375 918 2413 non
951 2364 1097 2414 intenditur
1123 2363 1200 2414 verbi
1228 2365 1281 2424 vis,

195 2433 269 2483 tecue
288 2435 404 2482 ireooior
423 2435 488 2485 inter
504 2437 586 2485 Sonos
604 2435 721 2486 dicotur?
759 2451 837 2488 censa
867 2439 951 2502 magis
981 2438 1112 2489 indicetur
1141 2439 1206 2489 odii:
1237 2441 1283 2503 qui

197 2521 276 2558 unum
295 2509 328 2570 is,
348 2508 472 2559 Labeone
484 2510 576 2574 utique
594 2511 719 2572 insanior,
757 2525 822 2563 uero
840 2512 914 2562 dicit:
933 2514 1053 2563 iollam
1063 2514 1194 2577 primicie,
1209 2527 1284 2564 ecer-

196 2585 264 2634 inter
280 2597 361 2635 senos
378 2583 544 2636 reseraturi»
758 2587 824 2637 bum
850 2599 910 2638 esse
933 2589 1022 2651 ipsum
1042 2588 1132 2638 odium
1155 2586 1281 2638 declaret.

760 2663 847 2722 Quare
858 2661 904 2711 ubi
916 2662 950 2711 ecl
962 2661 1046 2713 solnm
1059 2663 1201 2724 notionem,
1214 2675 1283 2726 quae

229 2732 318 2784 83-89,
335 2733 465 2793 «Quodsi
492 2735 582 2786 insane
607 2737 721 2786 nectare
759 2735 844 2786 verbo
855 2735 1028 2800 significatur,
1039 2736 1205 2787 ‘adverbium
1220 2750 1285 2801 per-

198 2819 342 2871 possumns
370 2807 414 2858 vel
442 2821 546 2869 servos,
582 2811 608 2859 in
637 2823 720 2873 quos,
761 2811 837 2872 tinet,
857 2824 909 2861 uon
927 2813 1016 2874 potest
1026 2813 1122 2862 mutari
1135 2825 1198 2861 eum
1209 2811 1285 2861 edie-

197 2895 258 2932 eum
280 2883 363 2933 nostri
390 2882 454 2942 sint,
482 2882 613 2947 quidlibet
637 2897 722 2949 prope
760 2886 837 2936 clivo.
862 2913 876 2923 ·
893 2887 974 2935 -Pro
999 2885 1088 2935 acerbe
1112 2884 1164 2936 dici
1192 2884 1286 2936 liceret

197 2953 269 3018 lieet,
289 2957 389 3019 quanto
405 2957 490 3006 maior
507 2961 549 3008 est
564 2958 681 3020 insania,
700 2959 723 3010 si
760 2959 875 3020 medua,
900 2960 922 3010 si
946 2962 1020 3011 esset
1041 2960 1114 3011 idem
1131 2959 1204 3024 quod
1228 2973 1286 3010 see-

197 3032 307 3095 propter
324 3043 369 3081 res
386 3028 482 3082 nullius
499 3035 627 3083 momenti
649 3034 723 3098 oapi·
759 3049 818 3096 our,
844 3036 937 3096 iratum
964 3047 1016 3098 qua
1039 3037 1130 3085 tamen
1151 3035 1286 3097 signifiea-

197 3104 243 3155 luli
259 3105 320 3155 odio
337 3107 527 3170 persequimur
543 3108 678 3157 amicost»
694 3134 720 3144 -
761 3111 831 3160 tione
858 3121 911 3158 non
935 3110 1105 3171 usurpatur.»
1137 3109 1176 3158 De
1203 3121 1287 3171 asyn-

197 3180 250 3245 hoe]
281 3179 374 3244 «quod
402 3181 492 3231 stetim
517 3181 634 3232 dicam.»
678 3182 725 3232 Est
762 3181 1182 3244 ‹totomniute—aoeonemJ
1197 3182 1287 3231 noete·

198 3255 393 3316 nominativus,
429 3267 482 3305 non
516 3254 655 3306 ablativus.
693 3283 721 3291 -
761 3255 820 3305 vius
837 3257 907 3305 ltuso
923 3253 1037 3304 acerbus
1055 3253 1189 3304 lenerator
1205 3253 1286 3305 luisse

198 3329 279 3392 Seqq.
299 3329 338 3379 sic
359 3328 518 3392 ordinanda,
543 3333 573 3380 ut
594 3343 638 3379 vv.
656 3331 725 3380 Pou-
763 3329 887 3388 traditum
922 3328 993 3379 idem
1021 3329 1136 3392 scriptor
1162 3329 1287 3379 historia-

198 3404 250 3452 lum
266 3403 369 3466 deliquit
385 3405 482 3454 motem
496 3418 546 3469 pro
563 3403 724 3468 protnsiha-
761 3418 849 3455 rum.»
873 3406 997 3454 Poaanro.
1026 3403 1288 3468 (Spohntuscuoeum

198 3478 327 3528 beantur:
355 3478 416 3528 «ubl
434 3491 461 3542 p.
480 3479 507 3529 d.
520 3493 572 3539 am,
592 3493 634 3528 vv.
655 3478 726 3541 Quod
763 3477 890 3542 appellat,
915 3479 1004 3542 ltaque
1022 3478 1139 3529 cundem
1157 3489 1216 3528 esse
1234 3489 1288 3542 pu-

198 3580 214 3589 ·
224 3579 239 3589 -
250 3552 354 3602 acerbos
371 3551 452 3617 (quod
470 3555 519 3604 nisi
544 3553 681 3604 condones
699 3556 725 3604 et
762 3554 841 3613 tavit,
855 3551 889 3602 de
901 3565 955 3615 quo
966 3550 1016 3601 Sal.
1030 3553 1085 3614 lug.
1100 3550 1156 3602 llll.
1170 3552 1195 3602 in
1208 3551 1301 3602 Edd.:.

200 3629 336 3690 ignosces,
359 3627 454 3678 merito
476 3629 502 3678 te
525 3639 620 3679 omnes
638 3629 725 3678 nomi·
762 3641 820 3677 cam
844 3627 1011 3676 emortuom
1036 3626 1114 3689 liufo,
1142 3627 1185 3688 qui
1210 3641 1289 3688 quae-

199 3701 303 3752 nahunt
321 3700 516 3752 intractabilem
534 3704 562 3752 et
578 3703 723 3766 morosum)
762 3706 815 3750 sior
847 3701 996 3763 stipendium
1029 3702 1055 3749 io
1081 3701 1194 3764 Apicum
1225 3714 1290 3763 por-

200 3789 249 3840 pro
261 3776 428 3840 parenthesi,
442 3777 521 3826 Odisti
532 3777 584 3826 cet.
598 3789 646 3839 pro
659 3789 726 3840 upo-
763 3780 878 3835 leverat,
912 3775 958 3824 ubi
987 3773 1072 3824 Codd.
1103 3771 1210 3838 plurimi
1238 3777 1290 3826 llu-

200 3849 267 3900 dosi.
304 3850 401 3900 Contra
419 3850 615 3900 distinctionem
634 3851 725 3900 indeo
762 3851 831 3914 sorte,
854 3849 926 3913 quod
948 3862 1013 3900 eane
1031 3847 1231 3899 emendandum
1248 3853 1291 3900 est

199 3923 317 3974 Bentleio
329 3923 462 3987 volgatam
480 3924 550 3974 bene
568 3923 724 3976 llerbstius:
765 3925 872 3984 limone,
904 3925 934 3973 ut
963 3925 1036 3973 reete
1063 3921 1238 3987 Glandorpins
1263 3925 1290 3973 in

202 3998 530 4050 «oemtteodiLetlnenon
541 3999 727 4049 dicitnr.·-At
764 3999 900 4050 onomast.
913 4011 939 4062 p.
954 3997 1010 4048 637.
1046 3997 1100 4047 Sed
1117 3999 1162 4061 qui
1180 3998 1222 4047 hic
1235 4011 1291 4048 me-

201 4074 259 4138 ipso
278 4075 368 4123 tamen
386 4075 466 4138 poeta
483 4072 560 4123 dicit:
579 4074 675 4123 odimur
687 4074 727 4122 io·
766 4075 899 4132 moratur,
924 4070 1152 4137 aequatumque
1170 4071 1220 4122 lull
1235 4073 1291 4122 llo-

201 4148 252 4197 oidi
260 4185 265 4207 ,
284 4149 375 4197 lividos
385 4149 435 4198 ortt.
457 4147 496 4198 Nil
509 4148 615 4198 mirum.
634 4144 727 4199 Nonne
764 4149 839 4210 ratii,
870 4161 924 4197 non
954 4148 983 4196 C.
1011 4148 1094 4199 ilarii.
1136 4148 1290 4210 cognomen

202 4222 274 4272 idem
292 4221 369 4272 dicit:
388 4223 474 4272 beotte
484 4223 556 4284 otoo,
574 4223 726 4284 miseroioo,
766 4224 836 4272 ltuso
849 4221 897 4271 tult
907 4221 1086 4282 Octaviorum,
1105 4219 1290 4282 Caluisiornm,

203 4297 280 4346 boum
305 4309 380 4358 emto,
408 4297 493 4347 malua
517 4296 631 4360 rtriopo?
659 4299 728 4348 Num
767 4295 907 4346 Oculorum
925 4297 1051 4360 recteque
1069 4296 1198 4361 seriptum
1215 4309 1292 4360 repe-
