3082 4968
550 485 609 536 nin.
628 487 647 536 1.
682 486 750 536 sur.
769 451 821 534 vr.¹
1163 483 1224 549 429
1285 531 1288 540 ,

133 643 531 710 mmimpoeqriciworitim
547 643 664 706 irascit,
687 645 740 694 Sat.
754 645 783 704 9,
803 645 830 694 i:
850 643 922 694 Sclre
940 642 1032 704 uelim,
1051 656 1134 707 quare
1146 645 1224 695 toties

133 729 212 790 mihi,
240 727 370 790 Neevole,
398 729 479 780 tristis
501 729 632 780 Occurras
657 728 743 778 fronte
767 726 897 788 obducta,
924 739 975 778 ceu
997 728 1103 790 liersya
1127 729 1222 780 dctus.

134 812 343 878 seruauerint
364 813 393 874 2,
412 812 459 874 at,
478 815 507 863 7:
538 813 564 863 Sl
585 811 676 864 schole
698 812 853 871 damnatur,
880 811 937 862 lora
958 811 1048 863 litibus
1065 813 1154 863 omnia
1171 812 1226 863 ler-

133 898 210 958 vent,
229 897 290 960 ipse
307 899 386 961 potes
403 897 474 958 fieri,
493 898 611 960 Marsya,
630 895 789 947 causidicus.
824 897 895 946 Nocit
910 895 1051 946 buiteuier
1060 898 1149 947 werde
1160 897 1226 946 diere

133 979 261 1030 liitdsdcic
277 981 357 1030 diem
373 981 413 1032 die
427 981 661 1044 Ambuetfmqen
677 981 721 1030 der
736 980 816 1040 lutto,
834 980 951 1044 Auquets
962 980 1071 1030 Tocbter.
1101 980 1140 1042 (V.
1154 981 1224 1044 lips.

134 1065 223 1126 antiq.
237 1065 321 1114 Lecti.
334 1064 359 1114 3.
372 1065 438 1128 Opp.
450 1063 538 1114 Vesal.
552 1065 571 1114 l.
585 1077 612 1128 p.
626 1063 683 1114 388.
712 1065 815 1115 Seneca
833 1063 867 1114 de
884 1063 974 1114 Benel.
988 1063 1018 1125 o,
1037 1063 1084 1114 32:
1102 1064 1228 1128 Auqectus

135 1147 1226 1212 --rtcpitispiincipciisdomusinpubticmuemirit:--somutpeumccdo-

135 1237 202 1292 stru,
221 1231 353 1294 aucun
365 1237 441 1294 pater
457 1232 535 1296 iopen
551 1233 581 1282 de
599 1231 730 1282 medianis
745 1232 847 1292 isderci,
864 1233 934 1295 ilites
949 1233 976 1282 in
992 1236 1082 1294 stupro
1094 1231 1227 1294 plausisse,

136 1316 311 1377 quotidianus
331 1317 366 1365 aci
384 1317 518 1378 Marsuam
537 1329 686 1367 meren
703 1317 754 1367 cet.
789 1315 855 1367 Plln.
875 1316 905 1367 ll.
924 1317 955 1366 li.
973 1317 1021 1378 hi,
1039 1315 1068 1366 3:
1094 1315 1168 1379 Apud
1183 1327 1229 1364 uos

136 1399 735 1462 mntphmticeuticsliuieoeeouestutiud
760 1399 1129 1464 qrtamlttiolliuiiuptuti,
1157 1400 1229 1448 cuius

135 1484 240 1534 tueris
256 1483 370 1532 nocdbus
385 1488 534 1533 sermotiem
550 1485 682 1546 limeum
698 1483 796 1534 litterae
812 1485 879 1534 itiieu
894 1484 1016 1548 quiesci.)

447 1875 816 1936 EXCURSUS
856 1877 919 1934 iii.

607 1988 763 2040 hnutltl.

199 2089 294 2155 «Apud
311 2089 448 2140 Horatium
466 2091 492 2141 ln
504 2091 557 2140 Sat.
571 2091 595 2150 t,
609 2091 638 2151 6,
658 2090 714 2140 iiii.
728 2089 755 2140 in
767 2088 901 2155 plerisque
914 2087 988 2141 libris
1001 2091 1130 2155 scriptum
1144 2089 1230 2140 luerat

135 2175 279 2235 immoti,
296 2174 368 2238 (topic
387 2213 393 2224 .
414 2211 420 2223 .
441 2211 463 2234 .,
482 2186 545 2224 cum
561 2177 699 2237 postrema
711 2185 805 2224 versus
818 2185 880 2237 pers
893 2173 1043 2225 excidisset.
1079 2174 1148 2235 Quid
1170 2175 1227 2225 lla-

135 2259 250 2318 vortius,
269 2258 346 2308 cuius
364 2257 486 2308 recensio
503 2257 602 2308 lloratii
619 2257 653 2307 ed
671 2270 720 2308 nos
738 2259 882 2321 propagata
900 2259 961 2308 esti
979 2259 1093 2309 Versum
1111 2257 1228 2310 absurde

138 2339 307 2405 interpolavit
322 2341 497 2405 scripsitque,
520 2341 558 2390 uti
573 2343 614 2391 est
625 2339 651 2391 ln
662 2339 797 2404 plerisque
817 2340 912 2402 codd,
929 2341 1074 2401 Admonuit,
1096 2343 1167 2406 ulpio
1183 2355 1231 2392 ru-

136 2425 195 2475 biosi
212 2430 329 2486 tenpore
338 2423 412 2488 etqui.
446 2422 531 2474 Aliam
548 2436 614 2473 vero
626 2424 813 2474 recensionem
824 2425 905 2488 atque
921 2425 1008 2489 ipsam
1019 2423 1104 2476 Flacci
1116 2437 1227 2476 manum

136 2509 227 2560 Codex
252 2507 405 2558 Blendinius
427 2507 500 2572 epud
525 2507 673 2572 Cruqnium
699 2507 898 2572 enuqnseimus
920 2509 1048 2561 servavit:
1076 2509 1228 2571 Admonuit,

133 2593 203 2657 prato
220 2593 346 2654 cneque
361 2591 496 2654 ludusque
512 2593 642 2656 tiiqooern.
678 2591 738 2642 Sine
756 2591 809 2642 hoc
821 2591 920 2642 Codice
937 2591 1145 2657 interpolationis
1162 2593 1226 2642 vitiu

134 2677 226 2740 utique
243 2674 421 2725 demonstrari
444 2678 567 2740 possent,
595 2677 708 2740 genuina
731 2677 821 2726 sutem
843 2674 922 2740 lectio
938 2677 1042 2728 restitui
1066 2680 1140 2727 certe
1159 2675 1228 2726 nulle

134 2760 296 2810 divinatione
321 2761 440 2823 posset.»
478 2761 503 2810 F.
516 2761 547 2810 V.
561 2761 695 2810 Fmrzscas
719 2761 745 2810 in
768 2761 902 2824 aristoph.
926 2761 1087 2825 Thesmoph.
1112 2773 1138 2824 p.
1158 2760 1223 2810 lilii.

134 2843 247 2907 Propter
264 2839 405 2892 nonnullos
422 2842 536 2894 lectores
554 2842 741 2908 excerpendae
757 2843 802 2894 hic
819 2845 862 2894 est
877 2841 953 2894 locus
970 2857 1003 2894 ex
1020 2842 1130 2894 Bentleii
1146 2845 1230 2893 Prae·

136 2927 232 2978 latione
250 2939 278 2990 p.
297 2924 321 2976 l.
335 2924 382 2976 Ed.
396 2927 491 2977 Amet:
512 2927 560 2978 «ili
576 2925 729 2978 Terentium
741 2939 774 2976 ex
791 2925 922 2991 Calliopil,
942 2925 1122 2990 Virgiliumex
1133 2927 1228 2976 Asterli

135 3012 196 3062 Cos.
216 3023 288 3060 anno
305 3011 367 3075 post
383 3009 518 3061 Christum
535 3009 722 3072 ccccxcw,
740 3007 875 3060 Valerium
900 3010 1044 3062 tiaximum
1063 3023 1095 3059 ex
1116 3008 1228 3074 lielpidii

135 3091 273 3154 bomnnli,
300 3095 336 3143 ita
363 3092 487 3145 Flaccum
513 3105 545 3142 ex
571 3093 690 3144 liavortii
716 3093 874 3143 recensione
898 3092 979 3142 hodie
1005 3092 1145 3143 hebemus.
1186 3095 1229 3144 sic

135 3179 207 3228 enim
230 3178 257 3227 in
282 3175 476 3240 antiquioribus
499 3175 656 3237 (lodicibus,
684 3175 821 3236 leidensi,
848 3175 989 3238 Reginensi
1015 3173 1140 3239 aliisque,
1168 3180 1230 3240 posi

135 3259 242 3324 Epodos
259 3257 353 3310 litteris
370 3257 523 3310 maiusculis
540 3260 670 3324 scriptum
686 3259 788 3309 lertur:
805 3258 913 3307 Varrrvs
925 3259 1033 3308 Asonlvs
1051 3259 1164 3308 Blsuxvs
1177 3261 1231 3311 iix-

135 3355 240 3394 vonrrvs
259 3343 289 3392 V.
303 3343 332 3392 C.
346 3355 376 3392 sr
394 3355 443 3392 xm.
456 3354 547 3391 nxcou.
563 3354 625 3391 nou.
644 3353 888 3393 excors.onn.nso1
904 3355 935 3391 ετ
954 3355 984 3390 vr
1002 3354 1073 3392 eoru
1091 3355 1226 3392 eunrnxvr.

136 3427 301 3476 Comensem
322 3439 378 3476 rrnx
401 3438 522 3475 uaexsrno
545 3425 636 3476 anxcn
653 3438 765 3475 onerose
787 3438 857 3475 uxnrs
880 3426 978 3477 Romae.
998 3453 1012 3463 -
1029 3426 1125 3487 -Quis
1150 3426 1229 3477 tuerit

134 3507 176 3560 dle
193 3509 320 3572 liegister
336 3507 420 3570 Felix,
447 3509 493 3573 qui
510 3509 608 3560 eodem
629 3509 672 3560 hic
689 3521 742 3572 quo
760 3511 878 3576 bonatus
897 3508 970 3559 titulo
986 3508 1145 3561 honestatur
1162 3511 1229 3560 Orc-

135 3595 196 3644 ton's
210 3593 274 3643 urbe
289 3595 394 3654 donce,
414 3594 539 3657 equidem
558 3594 662 3644 nescio:
690 3595 717 3642 at
734 3593 878 3644 Mavortius
895 3593 918 3644 is
935 3593 993 3656 ipse
1011 3596 1065 3654 est,
1092 3593 1137 3657 qui
1156 3593 1227 3643 Con-

135 3675 175 3728 sul
191 3680 253 3729 erat
270 3678 327 3728 sine
345 3675 446 3741 collega
462 3689 532 3728 anno
554 3679 616 3740 post
637 3677 772 3726 christum
789 3675 922 3736 uxxvrl.;
946 3675 1018 3726 unde
1036 3676 1104 3726 Fasti
1122 3677 1228 3738 egregie

135 3760 259 3812 illustrari
275 3763 402 3825 possunt,
425 3773 487 3810 cum
505 3758 610 3811 aliunde
629 3761 679 3810 iste
697 3760 840 3810 Mavortius
858 3757 928 3809 nulla
945 3757 995 3809 alia
1012 3771 1041 3809 re
1059 3760 1109 3808 nisi
1127 3771 1228 3822 cogno-

134 3845 206 3895 mine
224 3843 282 3895 sclo
307 3845 481 3893 innotescat.»
516 3844 599 3905 (coni.
627 3845 655 3892 h.
683 3843 784 3892 Lersoh
808 3843 877 3892 iidem
901 3843 1051 3892 Diortiiosen
1072 3843 1099 3892 in
1116 3841 1181 3892 litu.
1201 3841 1226 3892 d.

135 3928 342 3990 diesin-Westpb.
357 3925 589 3978 scissim-Vereins
604 3927 646 3977 lll.
657 3939 684 3989 p.
695 3925 744 3975 256
759 3925 828 3988 sqq.)
855 3925 950 3976 lnlurla
964 3925 1055 3974 autem
1069 3925 1228 3976 Fritzschius

134 4010 277 4062 lectionem
294 4009 427 4074 volgatam
445 4010 507 4060 huic
523 4009 650 4060 Mavortio
672 4007 778 4069 tribuit,
807 4008 883 4057 cuius
906 4007 1028 4058 recensio
1054 4008 1123 4058 Odes
1147 4007 1230 4058 dum-

136 4097 208 4144 taxat
225 4097 252 4144 et
275 4093 396 4157 Epodos,
416 4107 470 4144 non
488 4095 632 4144 Sermones
650 4105 738 4154 neque
754 4090 885 4154 Epistolus
905 4089 1142 4155 complectebatur.
1169 4091 1228 4142 Vid.

136 4176 322 4228 Schneidewin
341 4177 427 4226 Ptitoi.
447 4179 465 4226 l.
484 4191 511 4242 p.
531 4175 578 4227 t68
596 4189 637 4238 sq.
656 4175 785 4224 liirchner
801 4175 832 4224 N.
852 4175 881 4236 0.
901 4175 930 4223 ll.
950 4186 976 4238 p.
995 4174 1037 4227 ii.

201 4261 312 4310 Fatuam
328 4263 419 4312 eutem
443 4258 676 4324 interpolationem
699 4257 807 4308 ductam
832 4258 908 4321 putat
932 4257 1065 4309 Bentleius
1089 4273 1120 4308 ex
1148 4260 1230 4309 Persii

138 4344 165 4404 3,
183 4346 213 4394 h:
239 4343 320 4394 sicem
335 4344 427 4394 turena
445 4343 566 4394 caniaco
581 4355 669 4394 meses
690 4341 839 4394 iocundum
855 4342 950 4403 coquit3
977 4343 1184 4405 Cuuinghamius
1203 4344 1229 4392 in

224 4435 316 4482 ileum.
334 4435 432 4481 vonit.
464 4445 503 4480 sn.
521 4433 626 4480 uix-lli.
1011 4433 1025 4478 i
