3082 4968
561 398 620 448 titt.
642 399 659 446 l.
696 399 765 449 SAT.
784 398 848 448 viii.

534 805 745 867 uma
774 805 893 868 Vm·

211 917 295 984 Olim
318 923 451 984 truncus
473 937 564 983 eram
585 916 739 996 ficulnus,
766 917 876 986 inutile
898 917 1034 1006 lignum,

209 1039 291 1106 Cum
312 1037 419 1116 faber,
443 1037 584 1106 incertus
606 1059 772 1106 scamnum
793 1040 956 1107 faceretne
979 1040 1148 1128 Priapum,

210 1159 320 1226 Maluit
342 1179 417 1227 esse
440 1157 547 1226 deum.
592 1161 680 1227 Deus
708 1160 781 1228 iude
803 1182 881 1250 ego,
905 1161 1010 1228 furum
1033 1163 1207 1252 aviumque

198 1358 264 1408 vui.
295 1355 376 1408 Multa
397 1370 459 1408 cam
481 1353 613 1408 evidentia
631 1370 694 1408 uar-
731 1371 794 1410 nam
816 1361 928 1412 materia
945 1362 1004 1412 eius
1021 1361 1124 1413 arboris
1146 1365 1257 1428 propter

166 1435 222 1492 rat,
250 1445 305 1496 qao
323 1431 435 1482 ridiculo
452 1431 533 1483 modo
554 1435 695 1484 Maecena·
732 1432 898 1497 fragilitatem
920 1434 997 1487 nullis
1015 1435 1122 1496 fabricis
1140 1439 1182 1488 est
1198 1438 1257 1489 ido-

166 1507 199 1557 lis
221 1507 333 1570 Priapus
354 1505 505 1570 Esquilinus
530 1507 694 1572 perterrefe-
731 1521 808 1558 nea.»
837 1509 922 1561 Corra.
942 1511 1021 1569 Cauo.
1051 1513 1109 1563 Est:
1129 1525 1198 1576 uqrro
1211 1526 1257 1564 ne·

164 1581 394 1641 ceritveneficas,
413 1579 550 1632 Canidiam
563 1581 618 1632 sive
631 1583 695 1631 Gra·
731 1594 776 1633 mo
797 1584 862 1648 quid
886 1584 987 1636 faceret
1008 1585 1111 1637 sciebat
1133 1591 1194 1636 ante
1217 1587 1257 1638 fa-

166 1655 273 1716 tidiam‚
293 1669 389 1719 quem,
407 1655 518 1707 forfasse
535 1657 610 1720 prius
625 1657 693 1706 ami·
730 1657 823 1720 hrum,
843 1661 899 1720 cui,
917 1661 947 1710 at
963 1661 1075 1725 Priapus
1087 1661 1196 1711 tandem
1208 1661 1257 1712 fie-

164 1743 240 1792 oam,
267 1733 379 1795 propter
399 1730 541 1794 perfidiam
558 1743 589 1780 ac
607 1729 692 1782 malas
730 1745 801 1793 rem,
826 1735 905 1797 aptus
926 1745 985 1784 sum
1003 1736 1103 1784 visus.»
1138 1737 1205 1786 Nam
1222 1749 1256 1786 ne

163 1808 253 1867 artes,
281 1803 379 1868 quibus
401 1804 542 1867 utebatur,
569 1804 693 1870 singulari
730 1806 765 1857 ad
782 1805 997 1858 comburendum
1013 1808 1123 1872 quidem
1144 1809 1170 1860 444
1191 1809 1257 1860 focis

163 1879 226 1930 odio
239 1879 455 1944 persequebatur
465 1882 558 1944 poeta,
578 1883 605 1931 et
616 1883 695 1944 Saga·
730 1882 758 1930 et
774 1881 885 1932 caminis
902 1879 1000 1931 ficulno
1017 1881 1087 1945 ligno
1105 1884 1257 1935 etiamnunc

163 1967 242 2015 nam,
261 1956 320 2006 eius
336 1956 452 2014 sociam3
472 1955 538 2006 scite
556 1953 633 2006 simul
647 1957 695 2006 im-
730 1957 841 2006 utuntur
863 1955 934 2017 Itali,
963 1958 1054 2020 utpote
1081 1958 1152 2021 quod
1178 1960 1257 2011 nimis

163 2029 314 2080 miscentur
330 2030 409 2080 amici
426 2031 586 2082 Maecenatis
600 2029 693 2080 laudes
731 2027 810 2080 molle
827 2032 907 2094 atque
925 2033 1097 2094 spongiosum
1114 2029 1156 2082 sit.
1191 2033 1258 2084 iiiuc

163 2103 200 2156 oh
210 2105 362 2155 restitutam
370 2104 494 2170 Esquiliis
500 2104 692 2156 salubritatem.
732 2105 824 2154 Graeci
836 2100 956 2166 σύκινος
967 2098 1052 2176 ἀνήρ,
1072 2107 1176 2172 oasim
1188 2103 1258 2174 γνώ-

164 2181 307 2246 (scriptam
327 2181 423 2244 putant
444 2181 514 2230 hanc
534 2181 644 2231 satiram
667 2193 691 2231 44.
730 2193 788 2243 μη,
815 2180 919 2244 συκίνη
945 2177 1104 2250 ἐπικουρία.
1125 2209 1152 2218 -
1176 2182 1256 2248 soter]

163 2267 190 2304 n.
202 2253 295 2304 citi.
309 2253 461 2315 Grotefend,
475 2267 499 2305 a.
512 2257 691 2315 7l8.Franlre,
730 2252 870 2316 lignarium
899 2255 953 2304 der
976 2255 1100 2305 Meister
1124 2257 1201 2307 Voss.
1227 2285 1254 2294 —

163 2327 206 2378 alii
236 2327 294 2378 aliis
318 2329 405 2378 annis.
443 2330 559 2393 Tempus
585 2331 693 2379 omnino
730 2327 845 2392 Priapos]
869 2327 936 2379 deus
957 2331 1070 2392 agrestis
1094 2332 1258 2396 Lampsace-

164 2403 298 2454 incertum
321 2406 371 2454 est.
407 2405 563 2468 Composuit
585 2405 691 2468 aeque,
731 2414 841 2464 norum,
869 2403 930 2452 inde
956 2403 1001 2453 diu
1026 2407 1086 2468 post
1111 2405 1257 2456 Homerum

165 2473 309 2542 posfquam
328 2479 355 2528 in
376 2479 536 2530 Maecenatis
557 2478 694 2530 familiari·
731 2477 812 2539 atque
831 2477 977 2528 Hesiodum
998 2479 1025 2528 in
1043 2480 1180 2530 Graeciam
1201 2480 1258 2544 pri-

165 2555 249 2604 tatem
270 2553 407 2617 pervenit,
435 2555 465 2602 ut
489 2551 572 2616 liquet
595 2565 628 2603 ex
645 2567 694 2603 oe·
731 2561 821 2610 mum,
845 2554 939 2615 postea
956 2553 983 2602 in
1001 2554 1105 2603 Latium
1122 2555 1256 2614 invectus,

166 2627 235 2678 culta
261 2626 304 2677 iila
328 2630 368 2688 et,
395 2629 426 2677 ut
449 2628 485 2677 ita
510 2627 610 2689 dicam,
640 2626 693 2678 leni
732 2625 870 2688 tamquam
882 2628 975 2676 auctor
992 2626 1145 2690 fertilitatis,
1164 2629 1258 2693 impri-

165 2702 243 2753 amiei
260 2700 339 2752 hade
357 2715 383 2752 v.
403 2700 454 2765 44.)
480 2705 557 2752 Artes
575 2703 693 2766 magicas
731 2699 783 2749 mis
804 2699 951 2751 hortorum.
987 2702 1122 2752 Poematia
1147 2701 1257 2752 ridicula

166 2776 324 2828 describunt
339 2777 452 2827 Theocr.
471 2777 496 2827 2.
515 2777 586 2840 virg.
599 2775 653 2828 Eel.
666 2778 692 2828 8.
732 2776 759 2823 et
775 2773 910 2824 obscoena
928 2775 954 2824 in
971 2775 1029 2825 eius
1046 2774 1169 2838 laudem,
1188 2788 1258 2840 quae

165 2849 259 2902 'libuli
277 2852 307 2912 4,
325 2851 351 2900 2.
378 2853 498 2915 Propert.
517 2848 545 2911 l,
570 2851 595 2900 6.
617 2850 691 2901 ovid.
731 2847 766 2898 ad
788 2859 837 2898 nos
863 2851 1057 2912 peruenerunt,
1084 2863 1117 2900 ex
1134 2852 1259 2913 antiquo-

166 2927 228 2976 iier.
252 2925 282 2986 6,
307 2925 339 2976 63
361 2937 438 2990 seqq.
466 2927 563 2976 Lucan.
587 2926 618 2988 6,
645 2924 693 2977 iao
731 2933 791 2972 rum
821 2933 916 2984 sensu,
943 2935 996 2972 non
1020 2936 1052 2972 ex
1074 2925 1165 2974 nostro
1188 2923 1259 2973 iudi·

166 3013 225 3064 sqq.
243 2997 302 3050 Vei.
321 2998 406 3050 Plaec.
425 2999 455 3061 6,
478 2998 526 3051 439
544 3013 604 3064 sqq.
640 3001 694 3050 Lu·
732 2994 817 3046 canda
838 2998 907 3046 sunt.
938 2997 999 3059 (Cir.
1019 2997 1135 3061 scioppii
1155 2998 1259 3061 opinio-

166 3077 234 3126 cian.
254 3071 320 3124 Dial.
336 3087 403 3124 mer.
422 3073 447 3125 f.
478 3075 552 3126 Conf.
569 3072 653 3138 Epod.
667 3075 691 3124 ti.
731 3083 796 3120 nem
808 3069 841 3120 de
852 3071 1015 3122 carminibus
1027 3073 1144 3136 Priapeia
1156 3073 1183 3122 ln
1195 3073 1259 3122 44444-

167 3151 206 3199 47.
235 3149 399 3213 Praecipuus
417 3149 508 3199 autem
524 3147 601 3214 lepor
615 3161 646 3199 ae
658 3147 695 3200 fe·
731 3145 823 3194 manni
839 3143 943 3196 Anthol.
962 3147 1017 3196 Lat.
1034 3147 1066 3196 11.
1083 3161 1109 3210 p.
1123 3144 1190 3209 iat.)
1219 3149 1260 3197 in-

166 3224 267 3274 etiaim
278 3223 358 3273 huius
371 3223 471 3273 satirae
489 3223 515 3272 in
527 3237 561 3274 eo
573 3224 695 3273 eontine—
732 3219 841 3282 scriptio
867 3218 938 3283 apud
964 3220 1028 3270 lahn
1054 3221 1204 3284 (specimen
1231 3233 1256 3284 p.

166 3302 221 3359 tur,
246 3297 330 3362 quod,
349 3311 413 3348 oum
427 3296 504 3361 plebs
520 3299 618 3348 artium
635 3311 694 3348 ma·
731 3293 796 3356 ²7l²
817 3293 903 3343 04444444
919 3295 1043 3357 aaronis
1056 3309 1120 3358 perse
1142 3295 1258 3346 destricto

167 3375 286 3437 gicarum
297 3372 381 3435 vigori
399 3373 544 3422 etiamtunc
556 3371 639 3423 fidem
650 3373 695 3422 tri·
731 3369 791 3418 64444
805 3369 915 3432 Priapos
931 3382 976 3434 opo
991 3383 1060 3432 tom,
1077 3371 1166 3420 44444444
1181 3375 1204 3420 et
1217 3371 1259 3419 oi-

166 3445 276 3507 bneret,
303 3446 427 3497 homines
445 3445 508 3497 oulti
526 3460 571 3498 eas
589 3446 695 3498 iamdu·
730 3445 767 3494 toi
783 3445 859 3495 locus¹
888 3444 966 3509 Apud
977 3445 1103 3496 Archiam
1114 3445 1140 3496 in
1152 3443 1256 3495 Anthol.

167 3521 231 3573 dum
249 3521 361 3571 irridere
373 3521 505 3574 solebant.
535 3523 636 3574 Morum
650 3524 696 3586 igi·
730 3517 784 3570 Pal.
803 3520 834 3570 11.
857 3533 884 3583 p.
908 3519 966 3570 484,
989 3521 1113 3585 Priapus,
1140 3520 1259 3584 44486440-

168 3601 209 3647 tur
234 3599 326 3661 partes
352 3609 448 3660 magna
474 3609 536 3646 oum
562 3595 693 3648 hilaritate
729 3605 790 3644 rum
812 3595 896 3656 tutor,
920 3594 954 3644 de
977 3598 1065 3645 semet
1090 3596 1164 3658 ipso:
1199 3593 1258 3643 Φο-

167 3671 288 3735 suscipit,
316 3669 396 3720 simui
418 3671 476 3720 sine
499 3668 550 3720 ulla
571 3673 694 3721 asseata-
730 3664 795 3732 ξός,
814 3661 924 3730 οἴκους,
943 3661 1007 3718 οἷόν
1024 3667 1259 3740 κενέρημσλῃσιν

167 3745 237 3796 tione
255 3745 402 3796 Maecenati
420 3757 470 3795 suo
487 3743 691 3808 gratificaturus.
732 3743 774 3794 id
809 3737 913 3806 ἀκταῖς
950 3743 1095 3795 Ξέσσειαν
1126 3739 1259 3813 μογερῶν

198 3821 255 3870 4-4.
283 3818 542 3884 imaue-florantii]
568 3814 694 3870 Σύκινον
731 3818 807 3881 υἱέες
836 3815 1011 3878 ἰχθυβόλων.
1054 3813 1122 3869 Ἀλλ’
1151 3811 1188 3884 ἢν
1216 3831 1259 3882 τις

167 3890 273 3958 ξόανον
291 3895 377 3959 Priapi
400 3893 483 3946 habet
505 3895 585 3945 etiam
606 3894 694 3945 Theo·
731 3889 847 3964 ypraarig
862 3909 900 3958 με
923 3889 1058 3959 βοηθόον
1075 3886 1096 3959 ἢ
1112 3890 1259 3957 salopsc-

168 3971 249 4020 crilus
266 3969 314 4034 Ep.
326 3969 385 4031 4,6.
399 3995 426 4007 ·-
444 3969 650 4031 uSicutaccrpfo
663 3969 693 4032 (s.
731 3965 784 4035 τῆς
801 3965 940 4039 Φωνήσῃ,
967 3965 1071 4033 πνοιῆς
1089 3967 1168 4034 ἵεμαι
1190 3962 1259 4032 ὀξύ-

167 4044 262 4108 comio)
279 4045 410 4106 4444444444,
438 4045 473 4094 444
492 4058 506 4094 a
522 4045 573 4108 44444
588 4045 695 4108 4444444444
731 4059 821 4116 τερος.
844 4069 870 4080 -
890 4044 982 4094 Maluit
1004 4057 1054 4094 ome
1070 4043 1152 4108 deum]
1178 4044 1257 4104 «Cur,

168 4120 328 4172 derivatur.»
348 4122 525 4179 Conuenae.
541 4121 695 4172 4644444404-
732 4121 789 4185 ipse
814 4118 978 4170 nesciebat.»
1007 4119 1147 4182 Egregium
1169 4119 1195 4167 in
1217 4117 1259 4166 his

168 4195 277 4260 phyrio:
298 4207 366 4246 «non
378 4199 408 4246 ut
419 4194 651 4260 voigofloatoeur.»
664 4223 690 4233 -
732 4196 816 4260 ipsius
832 4193 876 4244 dei
893 4193 984 4245 verbis
1006 4196 1095 4245 inesse
1114 4193 1259 4264 εἰρωνείαν

170 4269 255 4320 inutile
278 4270 389 4336 liparen]
417 4270 472 4320 «ad
498 4269 561 4321 nihil
586 4271 692 4335 aptum;
733 4270 819 4334 quivis
832 4269 920 4322 sentit.
945 4269 1033 4334 Priap.
1047 4269 1077 4319 9:
1095 4267 1260 4320 ferocissimo
