3082 4968
257 419 318 486 474
635 415 765 474 nonani
782 421 963 474 sarnanum

299 581 392 660 Quae
413 599 522 667 neque
545 579 577 644 in
598 579 681 646 aede
704 589 819 647 sonent
841 578 998 647 certantia
1017 577 1126 646 iudice
1148 580 1267 666 Tarpa,

301 703 368 769 Neo
390 700 526 768 redeant
548 701 665 768 iterum
687 711 785 790 atque
807 701 923 768 iterum
947 699 1123 788 spectanda
1147 700 1291 768 theatris.

300 826 419 910 Arguta
441 823 612 890 meretrice
636 833 729 910 potes
751 824 909 910 Davoque
933 822 1104 891 Chremeta
1309 825 1350 889 40

300 943 457 1011 Eludante
479 964 593 1011 senem
615 944 717 1011 comis
739 945 863 1032 garrire
884 945 1011 1014 libellos

301 1066 388 1134 Unus
410 1065 572 1144 vivorum,
597 1064 759 1146 Fundani3
783 1066 884 1135 Pollio
906 1088 1021 1156 regum

323 1274 364 1326 38.
383 1287 428 1325 aar
445 1275 506 1325 Lct.
526 1273 661 1341 (nepum
674 1277 717 1324 ret
736 1272 812 1325 multi
828 1273 909 1338 aliia)
930 1301 958 1312 -
976 1275 1101 1325 certantia
1117 1287 1312 1339 superserere

288 1355 382 1474 ecegtppt
398 1351 487 1488 aSliq-
511 1349 551 1400 39.
579 1354 692 1412 spectatu
718 1349 803 1400 Codd.
827 1348 926 1413 aliquot
947 1349 1072 1399 Pottierii.
1106 1377 1133 1386 -
1165 1349 1205 1401 44.
1235 1363 1317 1401 eorum

257 1601 344 1664 figura
360 1601 387 1651 in
404 1600 538 1664 triumpho
559 1601 676 1664 portata,
702 1597 785 1665 eupil-
823 1615 870 1664 que
898 1601 1039 1665 Chremeta]
1072 1614 1204 1666 personae
1234 1603 1352 1654 Andriae

256 1674 312 1727 litio
329 1675 414 1736 ssavo,
441 1675 527 1738 gentis
544 1687 609 1726 suae
627 1673 729 1737 eolore,
756 1677 786 1726 ut
823 1675 1005 1727 Terentianae.
1038 1703 1066 1714 -
1101 1677 1222 1726 illudente
1252 1679 1351 1742 eman]

258 1752 301 1801 est
311 1749 386 1801 Ovid.
398 1763 431 1800 ex
443 1751 526 1800 Ponto
536 1750 565 1812 3,
578 1750 607 1810 4,
622 1751 684 1800 toi:
703 1751 786 1813 Squa-
823 1749 943 1802 Manilius
959 1753 988 1812 a,
1010 1749 1071 1801 tir:
1100 1750 1201 1801 Comiea
1222 1757 1353 1815 consputat

257 1825 323 1874 tidrra
342 1825 466 1874 immissor
489 1825 575 1888 [rocta
597 1825 641 1874 suh
661 1827 786 1876 arrtodine
823 1825 894 1874 tortia
905 1825 1049 1887 spectarota
1059 1825 1139 1876 ludis:
1154 1824 1274 1876 Ardentes
1284 1827 1355 1876 tuoe-

257 1900 339 1950 moes
363 1900 460 1950 Rhenus
484 1905 508 1950 et
532 1899 638 1964 insertos
662 1901 786 1964 sanquine
823 1905 1013 1962 nesroptorqoe
1027 1901 1153 1950 irrumare
1165 1900 1264 1962 puritas
1280 1901 1355 1950 Eto-

254 1979 338 2037 portet
363 1989 453 2038 aqam.
487 1973 620 2025 Attributo
645 1977 718 2026 certe
745 1975 787 2026 trt-
821 1987 933 2035 rosque
954 1987 1042 2024 rerer
1058 1975 1186 2039 opiterque
1198 1987 1247 2037 per
1266 1977 1354 2027 omniu

257 2055 325 2100 uren
345 2049 403 2112 ipse
425 2049 517 2098 Furius
534 2061 600 2100 usus
617 2051 689 2110 erat,
716 2061 785 2112 qua-
823 2062 914 2099 serum.
936 2075 964 2084 -
982 2049 1066 2113 amah]
1087 2051 1193 2114 «utpote
1211 2050 1292 2100 homo
1308 2063 1354 2100 ur-

257 2127 369 2188 propter
386 2125 412 2174 h.
431 2121 448 2172 4.
467 2121 578 2173 ridetur.
823 2123 910 2174 hauns
938 2125 978 2173 et·
990 2122 1128 2184 facetus,n
1147 2126 1202 2188 ,qui
1227 2123 1354 2175 adieetivi

292 2197 397 2248 34-39.
427 2196 499 2260 tudo]
527 2197 659 2247 amissum
685 2196 786 2248 iaciens
823 2209 888 2249 usus
905 2209 990 2261 paene
1002 2199 1126 2261 congruit
1136 2211 1199 2248 oum
1209 2197 1352 2258 adverbio,

258 2276 356 2338 poema
382 2270 522 2321 heroicum
549 2273 577 2321 et
605 2271 784 2335 tragoediam,
825 2272 963 2332 ucomiter,
983 2271 1095 2322 tacete.»
1123 2271 1352 2335 Aliiiungunteo-

260 2359 414 2407 sermones,
433 2343 567 2396 ludicrum
583 2345 674 2409 po'esis
691 2359 784 2410 genus,
823 2347 870 2395 mir
886 2343 990 2406 tihetlor,
1015 2349 1045 2396 ut
1060 2347 1137 2396 contr
1153 2349 1187 2398 sit
1206 2348 1353 2398 accusativi

260 2435 310 2486 ego
328 2419 449 2471 excolo.»
476 2419 552 2471 Coni.
571 2419 620 2470 0d.
636 2421 665 2480 4,
689 2419 735 2483 34,
759 2421 784 2471 4.
824 2419 859 2484 pt.
873 2419 959 2472 torma
976 2421 1123 2484 antiquior,
1143 2419 1291 2482 «urbanos,
1313 2421 1352 2473 ia·

262 2497 330 2544 -irr
346 2495 414 2559 arde]
435 2494 556 2546 «inuade
569 2495 721 2556 Musarum,
740 2493 786 2544 uhi
825 2497 925 2546 cetos.»
954 2523 982 2532 -
1008 2496 1112 2559 pereira
1136 2493 1242 2559 tihrttm]
1270 2509 1353 2548 «ser-

259 2572 355 2636 poetae
384 2569 502 2620 earmina
530 2581 578 2620 sua
611 2567 785 2619 recitabant.»
823 2583 903 2622 mone
916 2570 1084 2634 quotidiano,
1103 2567 1353 2634 eleganTiquidem,

260 2649 353 2696 Poma.
367 2672 393 2680 —
405 2645 529 2694 retentio
542 2644 623 2693 iudice
636 2644 727 2708 Tarpa]
741 2645 785 2707 Sp.
825 2644 874 2696 sad
889 2643 966 2705 taciti,
984 2645 1022 2694 uti
1043 2645 1069 2694 in
1089 2644 1291 2698 conseribendis
1312 2647 1356 2697 ia·

260 2719 376 2770 hiaeeius
387 2719 471 2782 Tarpa
485 2717 532 2769 tuit
547 2730 670 2769 summus
681 2717 786 2768 ittomm
824 2718 920 2770 bulis.»
939 2717 1156 2770 «animadvertas
1168 2717 1248 2770 veiim
1261 2723 1355 2784 aptam

260 2795 413 2857 temporum
431 2793 538 2844 criticus
556 2795 593 2856 (h.
608 2795 635 2843 P.
648 2792 725 2856 esi),
744 2792 787 2842 eui
826 2792 972 2844 verborum
993 2793 1164 2844 uarietatem:
1188 2795 1292 2858 porrire
1311 2808 1357 2845 eo-

260 2869 314 2918 iam
332 2880 348 2917 a
366 2868 414 2918 Cn.
427 2869 554 2932 Pompeio
571 2869 666 2932 Magno
682 2881 707 2918 a.
720 2881 747 2918 u.
762 2881 786 2918 o.
825 2867 973 2928 moediam,
992 2881 1083 2918 carere
1102 2867 1280 2932 tragoediam,
1303 2871 1356 2920 du-

260 2943 318 2994 699.
346 2943 410 3006 (Cio.
424 2943 458 2993 ad
476 2945 547 2994 Fam.
566 2946 595 3005 7,
615 2947 644 3005 4,
664 2947 692 2994 t:
718 2944 789 2994 nohis
826 2956 881 2994 rere
899 2943 974 3006 epioa
993 2942 1138 2992 earmina.»
1167 2942 1286 2993 Duram.

260 3024 344 3069 erdem
357 3017 392 3080 (in
404 3017 514 3081 theatro]
527 3024 600 3068 oraru
611 3016 789 3082 superportat·
858 3015 963 3068 44-44.
991 3016 1120 3081 Fundani]
1143 3016 1172 3067 C.
1192 3015 1354 3078 Fundanius,

261 3095 309 3154 dn,
330 3105 395 3155 quoe
414 3093 457 3156 Sp.
474 3093 585 3144 Morare
601 3094 787 3160 praenotaret),
825 3091 1069 3158 praestantissimus
1111 3092 1191 3154 poeta
1233 3092 1356 3142 comicus

262 3167 360 3218 Horatii
385 3169 507 3231 tempore
528 3182 544 3219 a
567 3168 682 3220 Caesare
709 3169 789 3220 Oeta·
826 3168 910 3228 (ouius
927 3169 1018 3216 tamen
1035 3178 1069 3215 ne
1088 3177 1157 3215 unus
1169 3163 1277 3228 quidem
1291 3178 1356 3216 ver-

262 3244 341 3293 viano
370 3255 432 3293 eum
460 3241 517 3293 aliis
540 3247 665 3306 quattuor
694 3244 789 3294 iudici·
826 3241 925 3292 siculus
949 3241 1074 3305 superest
1101 3253 1153 3290 neo
1178 3239 1354 3300 Quintilianus

261 3316 326 3376 hus,
345 3318 413 3367 teste
428 3317 644 3369 commentatore
661 3320 787 3382 Cruquia-
826 3316 883 3365 eius
908 3313 949 3365 vei
976 3327 1030 3364 uno
1056 3313 1140 3364 verho
1163 3315 1298 3378 meminit)
1327 3319 1356 3366 et

262 3404 309 3451 no,
337 3402 400 3438 cura
419 3388 620 3439 iudicandarum
637 3390 788 3441 fabularum
826 3390 986 3441 Maecenatis
998 3389 1101 3440 amicus
1114 3389 1176 3453 (Sat.
1189 3389 1218 3450 4,
1238 3390 1268 3452 8,
1290 3389 1353 3453 ta),

262 3477 294 3514 ao
312 3463 457 3512 mimorum
474 3464 618 3512 commissa
633 3467 699 3524 erat,
718 3477 787 3527 quae
826 3461 1045 3514 tuneexeeiiehat
1058 3464 1084 3514 in
1096 3463 1244 3515 oomoediis
1255 3464 1290 3514 ad
1300 3465 1356 3517 hie·

262 3537 312 3590 nisi
334 3535 368 3588 ah
395 3536 426 3585 iis
451 3534 642 3598 probarentur,
676 3537 702 3587 in
727 3550 789 3588 see·
826 3538 935 3599 nandri,
954 3536 1129 3600 Phdemonis,
1148 3537 1244 3605 Diphili
1260 3551 1355 3590 exem·

262 3625 324 3664 nam
351 3625 404 3662 non
427 3608 625 3660 deferebantur.
664 3610 700 3660 Ea
724 3624 789 3661 cura
825 3611 867 3678 pia
886 3613 1094 3677 componendis,
1113 3614 1141 3664 in
1159 3613 1256 3678 quihus
1273 3627 1355 3678 prae·

261 3692 340 3740 antea
358 3683 595 3743 iuerataedilium;
622 3684 670 3736 sed
688 3686 789 3736 intere·
826 3687 920 3752 cipuae
937 3687 1283 3751 parteserantoaltidarum
1296 3701 1355 3740 me·

262 3767 303 3816 rat
328 3761 476 3823 Octaviani,
507 3773 541 3811 ne
567 3759 713 3824 quidquam
740 3773 789 3824 per
826 3759 1011 3811 retricularum
1032 3763 1237 3825 astutorumqua
1259 3775 1355 3813 serro-

263 3839 360 3890 mimos
379 3835 537 3902 praesertim
555 3835 698 3886 incivitate
711 3849 790 3886 reun-
826 3848 886 3886 rum
903 3847 983 3886 senes
1001 3837 1212 3899 emungentium.
1241 3837 1279 3899 (C.
1293 3837 1356 3887 rvr-

261 3917 304 3962 rta
327 3913 521 3974 interpretante»
549 3909 644 3974 (Tacit.
670 3909 735 3960 Hist.
757 3910 787 3972 4,
826 3922 915 3960 narnus
931 3910 958 3960 in
975 3911 1093 3960 nummis
1110 3909 1177 3962 atius
1195 3913 1250 3972 est,
1273 3923 1356 3974 quae-

263 3986 314 4048 94.)
332 3983 439 4051 publice
459 3984 638 4050 proferretur,
665 3984 737 4048 quod
762 3985 789 4034 in
827 3985 883 4035 stor
907 3997 932 4034 a.
956 3998 983 4035 u.
1002 3999 1026 4035 c.
1050 3985 1120 4046 644,
1144 3997 1223 4035 socer
1247 3986 1282 4035 hi.
1302 3985 1355 4034 Te-

262 4059 347 4126 ipsius
363 4059 573 4110 dominationem
583 4073 616 4110 ao
628 4072 718 4112 mores
730 4072 790 4110 ma-
827 4059 903 4110 rentii
920 4059 1066 4122 Varronis.)
1087 4085 1113 4098 -
1134 4059 1219 4123 Potio]
1242 4061 1273 4109 C.
1294 4061 1356 4110 Asi-

263 4134 332 4199 ligne
351 4133 505 4197 detorqueri
523 4136 624 4198 posset.
827 4133 886 4184 nius
898 4131 1354 4198 Polii0,orator,historicus,pohta

295 4209 336 4261 to.
356 4209 397 4261 44.
415 4207 521 4273 Arprtto]
535 4209 664 4270 «astutam
677 4209 707 4258 ut
722 4209 787 4272 Epp.
827 4207 953 4271 tragicus.
988 4207 1047 4258 vid.
1067 4207 1101 4258 ad
1118 4206 1166 4257 Od.
1186 4207 1216 4268 4,
1235 4208 1264 4268 4,
1283 4207 1308 4259 44.
1325 4235 1353 4245 -

265 4286 295 4346 4,
315 4282 360 4344 44,
379 4281 425 4335 44;
452 4283 508 4334 eata
524 4289 639 4346 merear.
657 4311 683 4320 —
703 4283 790 4334 Dauo·
827 4295 916 4344 repom
932 4283 1012 4332 Facto
1029 4281 1105 4347 eoru]
1130 4283 1194 4345 quia
1217 4279 1354 4345 tragoedia
