<?xml version="1.0" encoding="UTF-8"?>
<!DOCTYPE html PUBLIC "-//W3C//DTD XHTML 1.0 Transitional//EN"
    "http://www.w3.org/TR/xhtml1/DTD/xhtml1-transitional.dtd">
<html xmlns="http://www.w3.org/1999/xhtml" xml:lang="en" lang="en">
 <head>
  <title>
</title>
<meta http-equiv="Content-Type" content="text/html;charset=utf-8" />
  <meta name='ocr-system' content='tesseract 3.04.00' />
  <meta name='ocr-capabilities' content='ocr_page ocr_carea ocr_par ocr_line ocrx_word'/>
</head>
<body>
  <div class='ocr_page' id='page_1' title='image "./qhoratiusflaccu01baitgoog_0671.png"; bbox 0 0 3090 4974; ppageno 0'>
   <div class='ocr_carea' id='block_1_1' title="bbox 349 420 1077 488">
    <p class='ocr_par' dir='ltr' id='par_1_1' title="bbox 349 420 1077 488">
     <span class='ocr_line' id='line_1_1' title="bbox 349 420 1077 488; baseline -0.022 0"><span class='ocrx_word' id='word_1_1' title='bbox 349 423 411 488; x_wconf 78' lang='lat'>658</span> <span class='ocrx_word' id='word_1_2' title='bbox 713 422 841 473; x_wconf 79' lang='lat' dir='ltr'>uoasru</span> <span class='ocrx_word' id='word_1_3' title='bbox 858 420 1077 475; x_wconf 81' lang='lat' dir='ltr'>srrsromaun</span> 
     </span>
    </p>
   </div>
   <div class='ocr_carea' id='block_1_2' title="bbox 390 576 1422 1142">
    <p class='ocr_par' dir='ltr' id='par_1_2' title="bbox 391 576 1422 910">
     <span class='ocr_line' id='line_1_2' title="bbox 391 576 1334 667; baseline 0 -21"><span class='ocrx_word' id='word_1_4' title='bbox 391 579 586 666; x_wconf 82' lang='lat' dir='ltr'>Plerumque</span> <span class='ocrx_word' id='word_1_5' title='bbox 609 588 642 644; x_wconf 92' lang='lat' dir='ltr'>et</span> <span class='ocrx_word' id='word_1_6' title='bbox 663 577 730 644; x_wconf 91' lang='lat' dir='ltr'>risu</span> <span class='ocrx_word' id='word_1_7' title='bbox 752 576 908 664; x_wconf 91' lang='lat' dir='ltr'>populum</span> <span class='ocrx_word' id='word_1_8' title='bbox 929 579 1046 665; x_wconf 86' lang='lat' dir='ltr'>quatit;</span> <span class='ocrx_word' id='word_1_9' title='bbox 1068 578 1121 647; x_wconf 91' lang='lat' dir='ltr'>hic</span> <span class='ocrx_word' id='word_1_10' title='bbox 1142 599 1204 667; x_wconf 83' lang='lat' dir='ltr'>ego</span> <span class='ocrx_word' id='word_1_11' title='bbox 1227 599 1334 648; x_wconf 91' lang='lat' dir='ltr'>rerum</span> 
     </span>
     <span class='ocr_line' id='line_1_3' title="bbox 391 697 1422 787; baseline -0.001 -21"><span class='ocrx_word' id='word_1_12' title='bbox 391 699 555 767; x_wconf 81' lang='lat' dir='ltr'><strong>Fluctibus</strong></span> <span class='ocrx_word' id='word_1_13' title='bbox 577 699 609 764; x_wconf 90' lang='lat' dir='ltr'>io</span> <span class='ocrx_word' id='word_1_14' title='bbox 630 697 746 766; x_wconf 92' lang='lat' dir='ltr'>mediis</span> <span class='ocrx_word' id='word_1_15' title='bbox 769 708 801 764; x_wconf 90' lang='lat' dir='ltr'>et</span> <span class='ocrx_word' id='word_1_16' title='bbox 822 697 1067 787; x_wconf 77' lang='lat' dir='ltr'>tempestatibus</span> <span class='ocrx_word' id='word_1_17' title='bbox 1092 699 1183 766; x_wconf 90' lang='lat' dir='ltr'>urbis</span> <span class='ocrx_word' id='word_1_18' title='bbox 1388 703 1422 766; x_wconf 87' lang='lat'>85</span> 
     </span>
     <span class='ocr_line' id='line_1_4' title="bbox 392 820 1267 910; baseline -0.002 -22"><span class='ocrx_word' id='word_1_19' title='bbox 392 820 496 888; x_wconf 89' lang='lat' dir='ltr'>Verba</span> <span class='ocrx_word' id='word_1_20' title='bbox 518 820 608 909; x_wconf 85' lang='lat' dir='ltr'>lyrae</span> <span class='ocrx_word' id='word_1_21' title='bbox 631 827 757 887; x_wconf 86' lang='lat' dir='ltr'>motura</span> <span class='ocrx_word' id='word_1_22' title='bbox 778 839 895 886; x_wconf 89' lang='lat' dir='ltr'>sonum</span> <span class='ocrx_word' id='word_1_23' title='bbox 913 829 1107 888; x_wconf 81' lang='lat' dir='ltr'>connectere</span> <span class='ocrx_word' id='word_1_24' title='bbox 1129 821 1267 910; x_wconf 78' lang='lat' dir='ltr'>digner?</span> 
     </span>
    </p>

    <p class='ocr_par' dir='ltr' id='par_1_3' title="bbox 392 939 1203 1019">
     <span class='ocr_line' id='line_1_5' title="bbox 392 939 1203 1019; baseline 0 -11"><span class='ocrx_word' id='word_1_25' title='bbox 392 945 503 1009; x_wconf 86' lang='lat' dir='ltr'>Frater</span> <span class='ocrx_word' id='word_1_26' title='bbox 523 950 594 1008; x_wconf 89' lang='lat' dir='ltr'>erat</span> <span class='ocrx_word' id='word_1_27' title='bbox 614 944 735 1008; x_wconf 87' lang='lat' dir='ltr'>Romae</span> <span class='ocrx_word' id='word_1_28' title='bbox 756 939 893 1007; x_wconf 91' lang='lat' dir='ltr'>consulti</span> <span class='ocrx_word' id='word_1_29' title='bbox 916 941 1040 1019; x_wconf 88' lang='lat' dir='ltr'>rhetor,</span> <span class='ocrx_word' id='word_1_30' title='bbox 1065 953 1101 1009; x_wconf 89' lang='lat' dir='ltr'>ut</span> <span class='ocrx_word' id='word_1_31' title='bbox 1122 941 1203 1010; x_wconf 91' lang='lat' dir='ltr'>alter</span> 
     </span>
    </p>

    <p class='ocr_par' dir='ltr' id='par_1_4' title="bbox 390 1060 1159 1142">
     <span class='ocr_line' id='line_1_6' title="bbox 390 1060 1159 1142; baseline 0 -12"><span class='ocrx_word' id='word_1_32' title='bbox 390 1063 529 1130; x_wconf 78' lang='lat' dir='ltr'>Alterius</span> <span class='ocrx_word' id='word_1_33' title='bbox 551 1082 702 1130; x_wconf 88' lang='lat' dir='ltr'>sermone</span> <span class='ocrx_word' id='word_1_34' title='bbox 724 1081 832 1128; x_wconf 89' lang='lat' dir='ltr'>meros</span> <span class='ocrx_word' id='word_1_35' title='bbox 854 1060 981 1129; x_wconf 87' lang='lat' dir='ltr'>audiret</span> <span class='ocrx_word' id='word_1_36' title='bbox 1002 1062 1159 1142; x_wconf 59' lang='lat' dir='ltr'>honores</span> 
     </span>
    </p>
   </div>
   <div class='ocr_carea' id='block_1_3' title="bbox 380 1230 1398 1444">
    <p class='ocr_par' dir='ltr' id='par_1_5' title="bbox 380 1230 1398 1444">
     <span class='ocr_line' id='line_1_7' title="bbox 413 1230 1398 1294; baseline 0.001 -10"><span class='ocrx_word' id='word_1_37' title='bbox 413 1233 454 1284; x_wconf 81' lang='grc'>81.</span> <span class='ocrx_word' id='word_1_38' title='bbox 473 1233 582 1284; x_wconf 76' lang='lat' dir='ltr'>Moncus</span> <span class='ocrx_word' id='word_1_39' title='bbox 595 1234 637 1282; x_wconf 87' lang='lat' dir='ltr'>est</span> <span class='ocrx_word' id='word_1_40' title='bbox 648 1231 743 1282; x_wconf 82' lang='lat' dir='ltr'>codo</span> <span class='ocrx_word' id='word_1_41' title='bbox 759 1244 775 1280; x_wconf 92' lang='lat' dir='ltr'>a</span> <span class='ocrx_word' id='word_1_42' title='bbox 791 1243 818 1281; x_wconf 88' lang='lat' dir='ltr'>v.</span> <span class='ocrx_word' id='word_1_43' title='bbox 831 1230 872 1282; x_wconf 83' lang='lat' dir='ltr'>st.</span> <span class='ocrx_word' id='word_1_44' title='bbox 892 1243 978 1294; x_wconf 90' lang='lat' dir='ltr'>usque</span> <span class='ocrx_word' id='word_1_45' title='bbox 995 1231 1029 1282; x_wconf 87' lang='lat' dir='ltr'>od</span> <span class='ocrx_word' id='word_1_46' title='bbox 1045 1232 1186 1284; x_wconf 54' lang='grc'><strong>11132.-</strong></span> <span class='ocrx_word' id='word_1_47' title='bbox 1202 1235 1244 1286; x_wconf 83' lang='grc'>86.</span> <span class='ocrx_word' id='word_1_48' title='bbox 1256 1247 1333 1287; x_wconf 77' lang='lat' dir='ltr'>certer</span> <span class='ocrx_word' id='word_1_49' title='bbox 1347 1235 1398 1286; x_wconf 89' lang='lat' dir='ltr'>det</span> 
     </span>
     <span class='ocr_line' id='line_1_8' title="bbox 382 1306 1397 1370; baseline 0.004 -13"><span class='ocrx_word' id='word_1_50' title='bbox 382 1307 449 1358; x_wconf 81' lang='lat' dir='ltr'>Feae</span> <span class='ocrx_word' id='word_1_51' title='bbox 466 1307 514 1356; x_wconf 88' lang='lat' dir='ltr'>Va.</span> <span class='ocrx_word' id='word_1_52' title='bbox 526 1308 557 1356; x_wconf 86' lang='grc' dir='ltr'>Α.</span> <span class='ocrx_word' id='word_1_53' title='bbox 584 1306 620 1370; x_wconf 77' lang='lat' dir='ltr'>(ln</span> <span class='ocrx_word' id='word_1_54' title='bbox 639 1306 656 1355; x_wconf 91' lang='lat' dir='ltr'>d</span> <span class='ocrx_word' id='word_1_55' title='bbox 674 1307 764 1356; x_wconf 87' lang='lat' dir='ltr'>tamen</span> <span class='ocrx_word' id='word_1_56' title='bbox 780 1307 992 1370; x_wconf 87' lang='lat' dir='ltr'>superscriptum</span> <span class='ocrx_word' id='word_1_57' title='bbox 1010 1307 1116 1370; x_wconf 64' lang='lat' dir='ltr'>diffluat.)</span> <span class='ocrx_word' id='word_1_58' title='bbox 1136 1335 1164 1344; x_wconf 96' lang='lat'>-</span> <span class='ocrx_word' id='word_1_59' title='bbox 1183 1308 1223 1359; x_wconf 78' lang='lat' dir='ltr'>st.</span> <span class='ocrx_word' id='word_1_60' title='bbox 1242 1311 1332 1360; x_wconf 73' lang='lat' dir='ltr'>Poetae</span> <span class='ocrx_word' id='word_1_61' title='bbox 1346 1317 1397 1361; x_wconf 80' lang='lat' dir='ltr'>arat</span> 
     </span>
     <span class='ocr_line' id='line_1_9' title="bbox 380 1379 1395 1444; baseline 0.002 -12"><span class='ocrx_word' id='word_1_62' title='bbox 380 1383 473 1432; x_wconf 84' lang='lat' dir='ltr'>Bomos</span> <span class='ocrx_word' id='word_1_63' title='bbox 488 1379 598 1430; x_wconf 79' lang='lat' dir='ltr'>consulto</span> <span class='ocrx_word' id='word_1_64' title='bbox 615 1379 724 1430; x_wconf 79' lang='lat' dir='ltr'>Bentleii</span> <span class='ocrx_word' id='word_1_65' title='bbox 742 1381 866 1444; x_wconf 88' lang='lat' dir='ltr'>suspicio.</span> <span class='ocrx_word' id='word_1_66' title='bbox 888 1407 914 1418; x_wconf 93' lang='grc'>-</span> <span class='ocrx_word' id='word_1_67' title='bbox 940 1381 980 1431; x_wconf 85' lang='grc'>89.</span> <span class='ocrx_word' id='word_1_68' title='bbox 1001 1381 1145 1444; x_wconf 72' lang='lat' dir='ltr'>Gracchus]</span> <span class='ocrx_word' id='word_1_69' title='bbox 1170 1383 1276 1434; x_wconf 65' lang='lat' dir='ltr'>&amp;usae</span> <span class='ocrx_word' id='word_1_70' title='bbox 1291 1384 1395 1436; x_wconf 82' lang='lat' dir='ltr'>Bentleii</span> 
     </span>
    </p>
   </div>
   <div class='ocr_carea' id='block_1_4' title="bbox 347 1527 1432 4346">
    <p class='ocr_par' dir='ltr' id='par_1_6' title="bbox 347 1527 1430 3456">
     <span class='ocr_line' id='line_1_10' title="bbox 349 1527 1425 1590; baseline 0.006 -11"><span class='ocrx_word' id='word_1_71' title='bbox 349 1531 400 1581; x_wconf 84' lang='lat' dir='ltr'>bris</span> <span class='ocrx_word' id='word_1_72' title='bbox 416 1535 440 1580; x_wconf 83' lang='lat' dir='ltr'>ct</span> <span class='ocrx_word' id='word_1_73' title='bbox 456 1529 539 1590; x_wconf 72' lang='lat' dir='ltr'>Certi,</span> <span class='ocrx_word' id='word_1_74' title='bbox 559 1541 634 1578; x_wconf 87' lang='lat' dir='ltr'>mero</span> <span class='ocrx_word' id='word_1_75' title='bbox 646 1529 731 1579; x_wconf 90' lang='lat' dir='ltr'>errori</span> <span class='ocrx_word' id='word_1_76' title='bbox 749 1527 871 1590; x_wconf 84' lang='lat' dir='ltr'>debetur,</span> <span class='ocrx_word' id='word_1_77' title='bbox 912 1527 1027 1580; x_wconf 87' lang='lat' dir='ltr'>tionibus</span> <span class='ocrx_word' id='word_1_78' title='bbox 1047 1529 1143 1580; x_wconf 89' lang='lat' dir='ltr'>adesse</span> <span class='ocrx_word' id='word_1_79' title='bbox 1166 1530 1264 1584; x_wconf 84' lang='lat' dir='ltr'>debeo.</span> <span class='ocrx_word' id='word_1_80' title='bbox 1293 1535 1350 1584; x_wconf 87' lang='lat' dir='ltr'>lam</span> <span class='ocrx_word' id='word_1_81' title='bbox 1369 1547 1425 1585; x_wconf 80' lang='lat' dir='ltr'>vero</span> 
     </span>
     <span class='ocr_line' id='line_1_11' title="bbox 349 1602 1426 1670; baseline 0 -12"><span class='ocrx_word' id='word_1_82' title='bbox 349 1620 411 1658; x_wconf 90' lang='lat' dir='ltr'>cum</span> <span class='ocrx_word' id='word_1_83' title='bbox 428 1607 544 1670; x_wconf 89' lang='lat' dir='ltr'>primum</span> <span class='ocrx_word' id='word_1_84' title='bbox 561 1605 619 1654; x_wconf 83' lang='lat' dir='ltr'>curi</span> <span class='ocrx_word' id='word_1_85' title='bbox 643 1603 807 1656; x_wconf 84' lang='lat' dir='ltr'>scriberetur</span> <span class='ocrx_word' id='word_1_86' title='bbox 823 1602 874 1654; x_wconf 87' lang='lat' dir='ltr'>ab-</span> <span class='ocrx_word' id='word_1_87' title='bbox 911 1614 970 1653; x_wconf 92' lang='lat' dir='ltr'>mos</span> <span class='ocrx_word' id='word_1_88' title='bbox 986 1604 1051 1664; x_wconf 87' lang='lat' dir='ltr'>iste,</span> <span class='ocrx_word' id='word_1_89' title='bbox 1074 1615 1127 1668; x_wconf 85' lang='lat' dir='ltr'>quo</span> <span class='ocrx_word' id='word_1_90' title='bbox 1150 1604 1258 1658; x_wconf 85' lang='lat' dir='ltr'>nostrae</span> <span class='ocrx_word' id='word_1_91' title='bbox 1275 1609 1369 1660; x_wconf 83' lang='lat' dir='ltr'>aetatis</span> <span class='ocrx_word' id='word_1_92' title='bbox 1384 1608 1426 1658; x_wconf 86' lang='lat' dir='ltr'>ho·</span> 
     </span>
     <span class='ocr_line' id='line_1_12' title="bbox 349 1675 1427 1745; baseline 0 -12"><span class='ocrx_word' id='word_1_93' title='bbox 349 1683 440 1745; x_wconf 89' lang='lat' dir='ltr'>sorpta</span> <span class='ocrx_word' id='word_1_94' title='bbox 464 1679 549 1730; x_wconf 87' lang='lat' dir='ltr'>littera</span> <span class='ocrx_word' id='word_1_95' title='bbox 575 1693 588 1728; x_wconf 83' lang='lat' dir='ltr'>s</span> <span class='ocrx_word' id='word_1_96' title='bbox 608 1678 642 1730; x_wconf 84' lang='lat' dir='ltr'>nb</span> <span class='ocrx_word' id='word_1_97' title='bbox 666 1679 763 1730; x_wconf 88' lang='lat' dir='ltr'>cadem</span> <span class='ocrx_word' id='word_1_98' title='bbox 784 1680 811 1729; x_wconf 91' lang='lat' dir='ltr'>in</span> <span class='ocrx_word' id='word_1_99' title='bbox 828 1691 873 1730; x_wconf 90' lang='lat' dir='ltr'>se·</span> <span class='ocrx_word' id='word_1_100' title='bbox 910 1677 998 1728; x_wconf 90' lang='lat' dir='ltr'>mines</span> <span class='ocrx_word' id='word_1_101' title='bbox 1014 1675 1120 1728; x_wconf 86' lang='lat' dir='ltr'>litterati</span> <span class='ocrx_word' id='word_1_102' title='bbox 1137 1679 1218 1730; x_wconf 89' lang='lat' dir='ltr'>modo</span> <span class='ocrx_word' id='word_1_103' title='bbox 1236 1694 1269 1731; x_wconf 83' lang='lat' dir='ltr'>ex</span> <span class='ocrx_word' id='word_1_104' title='bbox 1280 1683 1361 1732; x_wconf 89' lang='lat' dir='ltr'>animi</span> <span class='ocrx_word' id='word_1_105' title='bbox 1372 1695 1427 1732; x_wconf 86' lang='lat' dir='ltr'>sen·</span> 
     </span>
     <span class='ocr_line' id='line_1_13' title="bbox 349 1752 1425 1821; baseline 0 -15"><span class='ocrx_word' id='word_1_106' title='bbox 349 1756 449 1821; x_wconf 87' lang='lat' dir='ltr'>qneote</span> <span class='ocrx_word' id='word_1_107' title='bbox 472 1767 497 1804; x_wconf 90' lang='lat' dir='ltr'>v.</span> <span class='ocrx_word' id='word_1_108' title='bbox 514 1758 612 1814; x_wconf 68' lang='lat' dir='ltr'>statum</span> <span class='ocrx_word' id='word_1_109' title='bbox 640 1767 672 1804; x_wconf 87' lang='lat' dir='ltr'>ex</span> <span class='ocrx_word' id='word_1_110' title='bbox 690 1753 760 1805; x_wconf 79' lang='lat' dir='ltr'>Carti</span> <span class='ocrx_word' id='word_1_111' title='bbox 780 1765 873 1804; x_wconf 88' lang='lat' dir='ltr'>rursus</span> <span class='ocrx_word' id='word_1_112' title='bbox 911 1752 1007 1813; x_wconf 65' lang='lat' dir='ltr'>wude,</span> <span class='ocrx_word' id='word_1_113' title='bbox 1035 1752 1117 1804; x_wconf 89' lang='lat' dir='ltr'>modo</span> <span class='ocrx_word' id='word_1_114' title='bbox 1138 1753 1200 1806; x_wconf 88' lang='lat' dir='ltr'>ilcte</span> <span class='ocrx_word' id='word_1_115' title='bbox 1223 1759 1251 1806; x_wconf 88' lang='lat' dir='ltr'>ct</span> <span class='ocrx_word' id='word_1_116' title='bbox 1267 1756 1387 1808; x_wconf 80' lang='lat' dir='ltr'>simoiste</span> <span class='ocrx_word' id='word_1_117' title='bbox 1401 1769 1425 1806; x_wconf 85' lang='lat' dir='ltr'>sc</span> 
     </span>
     <span class='ocr_line' id='line_1_14' title="bbox 349 1825 1427 1896; baseline 0.002 -15"><span class='ocrx_word' id='word_1_118' title='bbox 349 1833 410 1882; x_wconf 89' lang='lat' dir='ltr'>nata</span> <span class='ocrx_word' id='word_1_119' title='bbox 436 1830 478 1880; x_wconf 86' lang='lat' dir='ltr'>est</span> <span class='ocrx_word' id='word_1_120' title='bbox 502 1826 585 1878; x_wconf 86' lang='lat' dir='ltr'>altera</span> <span class='ocrx_word' id='word_1_121' title='bbox 609 1830 692 1891; x_wconf 80' lang='lat' dir='ltr'>magis</span> <span class='ocrx_word' id='word_1_122' title='bbox 710 1829 789 1879; x_wconf 89' lang='lat' dir='ltr'>etiam</span> <span class='ocrx_word' id='word_1_123' title='bbox 807 1827 873 1878; x_wconf 84' lang='lat' dir='ltr'>mim</span> <span class='ocrx_word' id='word_1_124' title='bbox 911 1825 1026 1877; x_wconf 85' lang='lat' dir='ltr'>invicem</span> <span class='ocrx_word' id='word_1_125' title='bbox 1036 1825 1159 1888; x_wconf 81' lang='lat' dir='ltr'>laudent,</span> <span class='ocrx_word' id='word_1_126' title='bbox 1177 1829 1306 1881; x_wconf 89' lang='lat' dir='ltr'>admonet</span> <span class='ocrx_word' id='word_1_127' title='bbox 1316 1845 1360 1882; x_wconf 88' lang='lat' dir='ltr'>me</span> <span class='ocrx_word' id='word_1_128' title='bbox 1372 1843 1427 1896; x_wconf 87' lang='lat' dir='ltr'>pro-</span> 
     </span>
     <span class='ocr_line' id='line_1_15' title="bbox 349 1899 1427 1968; baseline 0.001 -14"><span class='ocrx_word' id='word_1_129' title='bbox 349 1903 443 1964; x_wconf 71' lang='lat' dir='ltr'>bibate,</span> <span class='ocrx_word' id='word_1_130' title='bbox 467 1902 589 1952; x_wconf 70' lang='lat' dir='ltr'>necuit</span> <span class='ocrx_word' id='word_1_131' title='bbox 611 1915 644 1953; x_wconf 86' lang='lat' dir='ltr'>ex</span> <span class='ocrx_word' id='word_1_132' title='bbox 666 1901 731 1952; x_wconf 91' lang='lat' dir='ltr'>Cod.</span> <span class='ocrx_word' id='word_1_133' title='bbox 752 1899 874 1952; x_wconf 83' lang='lat' dir='ltr'>Ballora-</span> <span class='ocrx_word' id='word_1_134' title='bbox 910 1899 979 1951; x_wconf 87' lang='lat' dir='ltr'>iccto</span> <span class='ocrx_word' id='word_1_135' title='bbox 996 1903 1057 1952; x_wconf 94' lang='lat' dir='ltr'>miri</span> <span class='ocrx_word' id='word_1_136' title='bbox 1073 1900 1155 1964; x_wconf 91' lang='lat' dir='ltr'>illius,</span> <span class='ocrx_word' id='word_1_137' title='bbox 1183 1905 1256 1966; x_wconf 81' lang='lat' dir='ltr'>quod</span> <span class='ocrx_word' id='word_1_138' title='bbox 1273 1907 1358 1968; x_wconf 83' lang='lat' dir='ltr'>nosti,</span> <span class='ocrx_word' id='word_1_139' title='bbox 1381 1905 1427 1955; x_wconf 88' lang='lat' dir='ltr'>lra-</span> 
     </span>
     <span class='ocr_line' id='line_1_16' title="bbox 350 1975 1426 2042; baseline 0 -12"><span class='ocrx_word' id='word_1_140' title='bbox 350 1979 424 2030; x_wconf 89' lang='lat' dir='ltr'>censi</span> <span class='ocrx_word' id='word_1_141' title='bbox 442 1977 562 2041; x_wconf 74' lang='lat' dir='ltr'>(tortasse</span> <span class='ocrx_word' id='word_1_142' title='bbox 580 1976 650 2038; x_wconf 83' lang='lat' dir='ltr'>ficto)</span> <span class='ocrx_word' id='word_1_143' title='bbox 668 1978 777 2040; x_wconf 81' lang='lat' dir='ltr'>recepta</span> <span class='ocrx_word' id='word_1_144' title='bbox 794 1975 875 2026; x_wconf 81' lang='lat' dir='ltr'>ava·</span> <span class='ocrx_word' id='word_1_145' title='bbox 910 1975 982 2024; x_wconf 86' lang='lat' dir='ltr'>trum</span> <span class='ocrx_word' id='word_1_146' title='bbox 993 1976 1090 2040; x_wconf 74' lang='lat' dir='ltr'>paris.»</span> <span class='ocrx_word' id='word_1_147' title='bbox 1103 1978 1240 2042; x_wconf 81' lang='lat' dir='ltr'>-ltomcaJ</span> <span class='ocrx_word' id='word_1_148' title='bbox 1254 1980 1426 2039; x_wconf 78' lang='lat' dir='ltr'>«nonenim,-</span> 
     </span>
     <span class='ocr_line' id='line_1_17' title="bbox 348 2047 1427 2115; baseline -0.003 -10"><span class='ocrx_word' id='word_1_149' title='bbox 348 2053 440 2112; x_wconf 87' lang='lat' dir='ltr'>lurtio;</span> <span class='ocrx_word' id='word_1_150' title='bbox 466 2052 514 2102; x_wconf 87' lang='lat' dir='ltr'>sed</span> <span class='ocrx_word' id='word_1_151' title='bbox 539 2053 566 2102; x_wconf 88' lang='lat' dir='ltr'>et</span> <span class='ocrx_word' id='word_1_152' title='bbox 583 2053 695 2115; x_wconf 87' lang='lat' dir='ltr'>utraque</span> <span class='ocrx_word' id='word_1_153' title='bbox 712 2049 829 2100; x_wconf 86' lang='lat' dir='ltr'>absurda</span> <span class='ocrx_word' id='word_1_154' title='bbox 847 2051 875 2101; x_wconf 91' lang='lat' dir='ltr'>et</span> <span class='ocrx_word' id='word_1_155' title='bbox 911 2047 1008 2111; x_wconf 86' lang='lat' dir='ltr'>iuquit,</span> <span class='ocrx_word' id='word_1_156' title='bbox 1027 2051 1230 2102; x_wconf 75' lang='lat' dir='ltr'>«eraniliomne</span> <span class='ocrx_word' id='word_1_157' title='bbox 1243 2052 1353 2114; x_wconf 84' lang='lat' dir='ltr'>iratres,</span> <span class='ocrx_word' id='word_1_158' title='bbox 1368 2055 1427 2102; x_wconf 80' lang='lat' dir='ltr'>iure·</span> 
     </span>
     <span class='ocr_line' id='line_1_18' title="bbox 349 2121 1428 2191; baseline 0 -15"><span class='ocrx_word' id='word_1_159' title='bbox 349 2126 391 2178; x_wconf 86' lang='lat' dir='ltr'>vel</span> <span class='ocrx_word' id='word_1_160' title='bbox 410 2129 519 2191; x_wconf 89' lang='lat' dir='ltr'>propter</span> <span class='ocrx_word' id='word_1_161' title='bbox 535 2127 664 2190; x_wconf 82' lang='lat' dir='ltr'>genitivos</span> <span class='ocrx_word' id='word_1_162' title='bbox 681 2126 709 2176; x_wconf 93' lang='lat' dir='ltr'>in</span> <span class='ocrx_word' id='word_1_163' title='bbox 724 2126 744 2174; x_wconf 84' lang='grc'>11</span> <span class='ocrx_word' id='word_1_164' title='bbox 764 2137 874 2189; x_wconf 90' lang='lat' dir='ltr'>prorsus</span> <span class='ocrx_word' id='word_1_165' title='bbox 911 2121 1048 2174; x_wconf 87' lang='lat' dir='ltr'>consultus</span> <span class='ocrx_word' id='word_1_166' title='bbox 1070 2137 1154 2184; x_wconf 90' lang='lat' dir='ltr'>unus,</span> <span class='ocrx_word' id='word_1_167' title='bbox 1184 2125 1252 2176; x_wconf 82' lang='lat' dir='ltr'>citor</span> <span class='ocrx_word' id='word_1_168' title='bbox 1277 2131 1380 2188; x_wconf 88' lang='lat' dir='ltr'>orator,</span> <span class='ocrx_word' id='word_1_169' title='bbox 1405 2129 1428 2176; x_wconf 89' lang='lat' dir='ltr'>et</span> 
     </span>
     <span class='ocr_line' id='line_1_19' title="bbox 348 2196 1428 2264; baseline -0.004 -10"><span class='ocrx_word' id='word_1_170' title='bbox 348 2201 492 2254; x_wconf 88' lang='lat' dir='ltr'>reiicieuda</span> <span class='ocrx_word' id='word_1_171' title='bbox 505 2203 554 2252; x_wconf 87' lang='lat' dir='ltr'>est.</span> <span class='ocrx_word' id='word_1_172' title='bbox 570 2228 597 2238; x_wconf 92' lang='lat'><em>-</em></span> <span class='ocrx_word' id='word_1_173' title='bbox 616 2201 815 2262; x_wconf 79' lang='lat' dir='ltr'>Fluctibuscet.]</span> <span class='ocrx_word' id='word_1_174' title='bbox 833 2199 872 2250; x_wconf 87' lang='lat' dir='ltr'>Ci.</span> <span class='ocrx_word' id='word_1_175' title='bbox 911 2196 1021 2260; x_wconf 85' lang='lat' dir='ltr'>quidem</span> <span class='ocrx_word' id='word_1_176' title='bbox 1045 2200 1158 2261; x_wconf 88' lang='lat' dir='ltr'>uterque</span> <span class='ocrx_word' id='word_1_177' title='bbox 1179 2199 1215 2248; x_wconf 90' lang='lat' dir='ltr'>ita</span> <span class='ocrx_word' id='word_1_178' title='bbox 1233 2201 1381 2264; x_wconf 87' lang='lat' dir='ltr'>animatus,</span> <span class='ocrx_word' id='word_1_179' title='bbox 1404 2203 1428 2252; x_wconf 90' lang='lat' dir='ltr'>ut</span> 
     </span>
     <span class='ocr_line' id='line_1_20' title="bbox 350 2273 1428 2340; baseline 0 -14"><span class='ocrx_word' id='word_1_180' title='bbox 350 2277 383 2327; x_wconf 88' lang='lat' dir='ltr'>ad</span> <span class='ocrx_word' id='word_1_181' title='bbox 401 2278 467 2340; x_wconf 88' lang='lat' dir='ltr'>Bpp.</span> <span class='ocrx_word' id='word_1_182' title='bbox 487 2277 515 2336; x_wconf 86' lang='lat' dir='ltr'>t,</span> <span class='ocrx_word' id='word_1_183' title='bbox 535 2276 563 2334; x_wconf 87' lang='grc'>1,</span> <span class='ocrx_word' id='word_1_184' title='bbox 582 2275 626 2325; x_wconf 85' lang='lat' dir='ltr'>lli:</span> <span class='ocrx_word' id='word_1_185' title='bbox 652 2289 749 2326; x_wconf 78' lang='lat' dir='ltr'>mersor</span> <span class='ocrx_word' id='word_1_186' title='bbox 763 2275 875 2325; x_wconf 70' lang='lat' dir='ltr'>cioiiibm</span> <span class='ocrx_word' id='word_1_187' title='bbox 910 2273 1020 2336; x_wconf 88' lang='lat' dir='ltr'>propter</span> <span class='ocrx_word' id='word_1_188' title='bbox 1036 2276 1157 2324; x_wconf 89' lang='lat' dir='ltr'>mutuam</span> <span class='ocrx_word' id='word_1_189' title='bbox 1169 2275 1308 2326; x_wconf 86' lang='lat' dir='ltr'>caritatem</span> <span class='ocrx_word' id='word_1_190' title='bbox 1320 2275 1385 2328; x_wconf 85' lang='lat' dir='ltr'>altar</span> <span class='ocrx_word' id='word_1_191' title='bbox 1394 2275 1428 2326; x_wconf 83' lang='lat' dir='ltr'>al·</span> 
     </span>
     <span class='ocr_line' id='line_1_21' title="bbox 348 2346 1428 2412; baseline 0 -12"><span class='ocrx_word' id='word_1_192' title='bbox 348 2351 431 2400; x_wconf 77' lang='lat' dir='ltr'>endis</span> <span class='ocrx_word' id='word_1_193' title='bbox 447 2375 474 2385; x_wconf 93' lang='lat'>-</span> <span class='ocrx_word' id='word_1_194' title='bbox 496 2347 782 2412; x_wconf 80' lang='lat' dir='ltr'>Verbu--coooactersJ</span> <span class='ocrx_word' id='word_1_195' title='bbox 801 2361 875 2399; x_wconf 71' lang='lat' dir='ltr'>«cao</span> <span class='ocrx_word' id='word_1_196' title='bbox 911 2350 999 2397; x_wconf 87' lang='lat' dir='ltr'>terum</span> <span class='ocrx_word' id='word_1_197' title='bbox 1016 2348 1141 2398; x_wconf 91' lang='lat' dir='ltr'>continuo</span> <span class='ocrx_word' id='word_1_198' title='bbox 1153 2346 1319 2410; x_wconf 87' lang='lat' dir='ltr'>dilaudaret;</span> <span class='ocrx_word' id='word_1_199' title='bbox 1338 2350 1428 2402; x_wconf 89' lang='lat' dir='ltr'>idcirco</span> 
     </span>
     <span class='ocr_line' id='line_1_22' title="bbox 349 2420 1429 2489; baseline -0.001 -14"><span class='ocrx_word' id='word_1_200' title='bbox 349 2427 421 2475; x_wconf 90' lang='lat' dir='ltr'>mina</span> <span class='ocrx_word' id='word_1_201' title='bbox 439 2435 601 2487; x_wconf 90' lang='lat' dir='ltr'>componere</span> <span class='ocrx_word' id='word_1_202' title='bbox 615 2421 832 2484; x_wconf 85' lang='lat' dir='ltr'>tamlaudabilia,</span> <span class='ocrx_word' id='word_1_203' title='bbox 845 2425 874 2473; x_wconf 90' lang='lat' dir='ltr'>ut</span> <span class='ocrx_word' id='word_1_204' title='bbox 910 2420 1024 2472; x_wconf 87' lang='lat' dir='ltr'>alterurn</span> <span class='ocrx_word' id='word_1_205' title='bbox 1050 2422 1080 2472; x_wconf 89' lang='lat' dir='ltr'>C.</span> <span class='ocrx_word' id='word_1_206' title='bbox 1108 2423 1257 2474; x_wconf 80' lang='lat' dir='ltr'>Gracchum</span> <span class='ocrx_word' id='word_1_207' title='bbox 1285 2423 1429 2489; x_wconf 74' lang='lat' dir='ltr'>appellabat</span> 
     </span>
     <span class='ocr_line' id='line_1_23' title="bbox 349 2496 1429 2562; baseline 0.001 -13"><span class='ocrx_word' id='word_1_208' title='bbox 349 2498 427 2562; x_wconf 78' lang='lat' dir='ltr'>digna</span> <span class='ocrx_word' id='word_1_209' title='bbox 453 2497 505 2548; x_wconf 88' lang='lat' dir='ltr'>sint</span> <span class='ocrx_word' id='word_1_210' title='bbox 526 2509 596 2560; x_wconf 90' lang='lat' dir='ltr'>quae</span> <span class='ocrx_word' id='word_1_211' title='bbox 613 2496 648 2548; x_wconf 86' lang='lat' dir='ltr'>ad</span> <span class='ocrx_word' id='word_1_212' title='bbox 669 2496 755 2559; x_wconf 81' lang='lat' dir='ltr'>lyram</span> <span class='ocrx_word' id='word_1_213' title='bbox 773 2509 874 2548; x_wconf 89' lang='lat' dir='ltr'>canon·</span> <span class='ocrx_word' id='word_1_214' title='bbox 910 2497 1045 2546; x_wconf 88' lang='lat' dir='ltr'>oratorem</span> <span class='ocrx_word' id='word_1_215' title='bbox 1056 2497 1120 2548; x_wconf 90' lang='lat' dir='ltr'>iuris</span> <span class='ocrx_word' id='word_1_216' title='bbox 1131 2499 1246 2561; x_wconf 82' lang='lat' dir='ltr'>peritus,</span> <span class='ocrx_word' id='word_1_217' title='bbox 1264 2500 1338 2550; x_wconf 88' lang='lat' dir='ltr'>bunc</span> <span class='ocrx_word' id='word_1_218' title='bbox 1349 2502 1429 2550; x_wconf 84' lang='lat' dir='ltr'>orator</span> 
     </span>
     <span class='ocr_line' id='line_1_24' title="bbox 349 2568 1427 2635; baseline 0.006 -12"><span class='ocrx_word' id='word_1_219' title='bbox 349 2576 402 2634; x_wconf 87' lang='lat' dir='ltr'>tur,</span> <span class='ocrx_word' id='word_1_220' title='bbox 415 2570 729 2622; x_wconf 87' lang='lat' dir='ltr'>dumnemomediocria</span> <span class='ocrx_word' id='word_1_221' title='bbox 743 2573 875 2635; x_wconf 85' lang='lat' dir='ltr'>autprcr-</span> <span class='ocrx_word' id='word_1_222' title='bbox 911 2568 1025 2620; x_wconf 85' lang='lat' dir='ltr'>alterum</span> <span class='ocrx_word' id='word_1_223' title='bbox 1057 2571 1089 2630; x_wconf 85' lang='lat' dir='ltr'>Q.</span> <span class='ocrx_word' id='word_1_224' title='bbox 1118 2571 1235 2622; x_wconf 84' lang='lat' dir='ltr'>Mucium</span> <span class='ocrx_word' id='word_1_225' title='bbox 1263 2574 1427 2630; x_wconf 82' lang='lat' dir='ltr'>Scaevolam.</span> 
     </span>
     <span class='ocr_line' id='line_1_25' title="bbox 349 2644 1429 2714; baseline -0.003 -15"><span class='ocrx_word' id='word_1_226' title='bbox 349 2659 395 2699; x_wconf 88' lang='lat' dir='ltr'>sus</span> <span class='ocrx_word' id='word_1_227' title='bbox 413 2645 481 2697; x_wconf 88' lang='lat' dir='ltr'>mala</span> <span class='ocrx_word' id='word_1_228' title='bbox 499 2644 678 2697; x_wconf 74' lang='lat' dir='ltr'>modulatur.»</span> <span class='ocrx_word' id='word_1_229' title='bbox 698 2673 725 2683; x_wconf 93' lang='lat'>-</span> <span class='ocrx_word' id='word_1_230' title='bbox 750 2645 872 2710; x_wconf 75' lang='lat' dir='ltr'>dipaeri]</span> <span class='ocrx_word' id='word_1_231' title='bbox 909 2645 983 2708; x_wconf 89' lang='lat' dir='ltr'>pont.</span> <span class='ocrx_word' id='word_1_232' title='bbox 996 2657 1067 2695; x_wconf 81' lang='lat' dir='ltr'>max.</span> <span class='ocrx_word' id='word_1_233' title='bbox 1085 2646 1178 2696; x_wconf 83' lang='lat' dir='ltr'>Nonne</span> <span class='ocrx_word' id='word_1_234' title='bbox 1190 2647 1288 2698; x_wconf 90' lang='lat' dir='ltr'>eodem</span> <span class='ocrx_word' id='word_1_235' title='bbox 1303 2647 1429 2714; x_wconf 80' lang='lat' dir='ltr'>propalo</span> 
     </span>
     <span class='ocr_line' id='line_1_26' title="bbox 349 2719 1429 2789; baseline 0.005 -20"><span class='ocrx_word' id='word_1_236' title='bbox 349 2723 469 2787; x_wconf 69' lang='lat' dir='ltr'>«Optime</span> <span class='ocrx_word' id='word_1_237' title='bbox 479 2733 541 2772; x_wconf 91' lang='lat' dir='ltr'>cum</span> <span class='ocrx_word' id='word_1_238' title='bbox 551 2721 711 2785; x_wconf 86' lang='lat' dir='ltr'>perspiciam</span> <span class='ocrx_word' id='word_1_239' title='bbox 717 2722 816 2772; x_wconf 80' lang='lat' dir='ltr'>Romae</span> <span class='ocrx_word' id='word_1_240' title='bbox 824 2721 874 2771; x_wconf 87' lang='lat' dir='ltr'>arti</span> <span class='ocrx_word' id='word_1_241' title='bbox 910 2731 971 2768; x_wconf 89' lang='lat' dir='ltr'>rore</span> <span class='ocrx_word' id='word_1_242' title='bbox 982 2731 1012 2769; x_wconf 89' lang='lat' dir='ltr'>se</span> <span class='ocrx_word' id='word_1_243' title='bbox 1023 2719 1139 2770; x_wconf 88' lang='lat' dir='ltr'>invicem</span> <span class='ocrx_word' id='word_1_244' title='bbox 1150 2722 1228 2773; x_wconf 89' lang='lat' dir='ltr'>nimis</span> <span class='ocrx_word' id='word_1_245' title='bbox 1240 2721 1366 2776; x_wconf 85' lang='lat' dir='ltr'>laudandi</span> <span class='ocrx_word' id='word_1_246' title='bbox 1376 2737 1429 2789; x_wconf 74' lang='lat' dir='ltr'>per</span> 
     </span>
     <span class='ocr_line' id='line_1_27' title="bbox 348 2793 1428 2864; baseline 0.002 -18"><span class='ocrx_word' id='word_1_247' title='bbox 348 2797 468 2860; x_wconf 74' lang='lat' dir='ltr'>poeticae</span> <span class='ocrx_word' id='word_1_248' title='bbox 491 2794 657 2846; x_wconf 83' lang='lat' dir='ltr'>exercendae</span> <span class='ocrx_word' id='word_1_249' title='bbox 680 2809 732 2846; x_wconf 90' lang='lat' dir='ltr'>non</span> <span class='ocrx_word' id='word_1_250' title='bbox 756 2807 816 2846; x_wconf 89' lang='lat' dir='ltr'>esse</span> <span class='ocrx_word' id='word_1_251' title='bbox 833 2794 874 2846; x_wconf 89' lang='lat' dir='ltr'>lo·</span> <span class='ocrx_word' id='word_1_252' title='bbox 911 2793 983 2844; x_wconf 88' lang='lat' dir='ltr'>cussi</span> <span class='ocrx_word' id='word_1_253' title='bbox 1007 2795 1070 2846; x_wconf 90' lang='lat' dir='ltr'>sunt</span> <span class='ocrx_word' id='word_1_254' title='bbox 1091 2796 1171 2846; x_wconf 87' lang='lat' dir='ltr'>etiam</span> <span class='ocrx_word' id='word_1_255' title='bbox 1194 2799 1278 2848; x_wconf 85' lang='lat' dir='ltr'>nostri</span> <span class='ocrx_word' id='word_1_256' title='bbox 1294 2799 1428 2864; x_wconf 75' lang='lat' dir='ltr'>poelael·</span> 
     </span>
     <span class='ocr_line' id='line_1_28' title="bbox 348 2868 1428 2939; baseline 0 -18"><span class='ocrx_word' id='word_1_257' title='bbox 348 2883 423 2932; x_wconf 86' lang='lat' dir='ltr'>cum,</span> <span class='ocrx_word' id='word_1_258' title='bbox 444 2883 491 2920; x_wconf 91' lang='lat' dir='ltr'>cur</span> <span class='ocrx_word' id='word_1_259' title='bbox 503 2869 613 2920; x_wconf 89' lang='lat' dir='ltr'>tandem</span> <span class='ocrx_word' id='word_1_260' title='bbox 624 2872 799 2933; x_wconf 76' lang='lat' dir='ltr'>constatque</span> <span class='ocrx_word' id='word_1_261' title='bbox 811 2882 875 2933; x_wconf 88' lang='lat' dir='ltr'>ope·</span> <span class='ocrx_word' id='word_1_262' title='bbox 910 2868 941 2918; x_wconf 85' lang='lat' dir='ltr'>V.</span> <span class='ocrx_word' id='word_1_263' title='bbox 953 2869 1045 2920; x_wconf 79' lang='lat' dir='ltr'>Frater</span> <span class='ocrx_word' id='word_1_264' title='bbox 1061 2882 1109 2919; x_wconf 89' lang='lat' dir='ltr'>cnr</span> <span class='ocrx_word' id='word_1_265' title='bbox 1120 2870 1238 2922; x_wconf 90' lang='lat' dir='ltr'>nonnulli</span> <span class='ocrx_word' id='word_1_266' title='bbox 1251 2885 1305 2925; x_wconf 89' lang='lat' dir='ltr'>oon</span> <span class='ocrx_word' id='word_1_267' title='bbox 1319 2872 1428 2939; x_wconf 81' lang='lat' dir='ltr'>proprie,</span> 
     </span>
     <span class='ocr_line' id='line_1_29' title="bbox 349 2941 1428 3012; baseline 0.007 -18"><span class='ocrx_word' id='word_1_268' title='bbox 349 2958 394 2995; x_wconf 89' lang='lat' dir='ltr'>rac</span> <span class='ocrx_word' id='word_1_269' title='bbox 416 2945 532 3010; x_wconf 90' lang='lat' dir='ltr'>pretium</span> <span class='ocrx_word' id='word_1_270' title='bbox 554 2957 614 2994; x_wconf 88' lang='lat' dir='ltr'>csse</span> <span class='ocrx_word' id='word_1_271' title='bbox 639 2943 737 2994; x_wconf 87' lang='lat' dir='ltr'>ducam</span> <span class='ocrx_word' id='word_1_272' title='bbox 754 2946 873 2994; x_wconf 86' lang='lat' dir='ltr'>carmina</span> <span class='ocrx_word' id='word_1_273' title='bbox 910 2942 961 2994; x_wconf 87' lang='lat' dir='ltr'>sed</span> <span class='ocrx_word' id='word_1_274' title='bbox 976 2941 1010 2994; x_wconf 89' lang='lat' dir='ltr'>de</span> <span class='ocrx_word' id='word_1_275' title='bbox 1026 2944 1148 3007; x_wconf 67' lang='lat' dir='ltr'>[romanis</span> <span class='ocrx_word' id='word_1_276' title='bbox 1159 2946 1251 2996; x_wconf 76' lang='lat' dir='ltr'>connis</span> <span class='ocrx_word' id='word_1_277' title='bbox 1266 2947 1343 3012; x_wconf 83' lang='lat' dir='ltr'>(Epp.</span> <span class='ocrx_word' id='word_1_278' title='bbox 1357 2950 1380 3009; x_wconf 84' lang='lat' dir='ltr'>t,</span> <span class='ocrx_word' id='word_1_279' title='bbox 1393 2947 1428 3002; x_wconf 77' lang='lat' dir='ltr'>to.</span> 
     </span>
     <span class='ocr_line' id='line_1_30' title="bbox 348 3015 1429 3085; baseline -0.003 -15"><span class='ocrx_word' id='word_1_280' title='bbox 348 3032 529 3085; x_wconf 90' lang='lat' dir='ltr'>componere,</span> <span class='ocrx_word' id='word_1_281' title='bbox 556 3019 666 3083; x_wconf 84' lang='lat' dir='ltr'>propter</span> <span class='ocrx_word' id='word_1_282' title='bbox 687 3031 757 3082; x_wconf 88' lang='lat' dir='ltr'>quae</span> <span class='ocrx_word' id='word_1_283' title='bbox 781 3020 873 3082; x_wconf 80' lang='lat' dir='ltr'>paucis</span> <span class='ocrx_word' id='word_1_284' title='bbox 909 3015 944 3080; x_wconf 84' lang='lat' dir='ltr'>l.)</span> <span class='ocrx_word' id='word_1_285' title='bbox 970 3020 1136 3082; x_wconf 86' lang='lat' dir='ltr'>acceperint,</span> <span class='ocrx_word' id='word_1_286' title='bbox 1163 3033 1217 3070; x_wconf 91' lang='lat' dir='ltr'>non</span> <span class='ocrx_word' id='word_1_287' title='bbox 1239 3020 1329 3072; x_wconf 86' lang='lat' dir='ltr'>video.</span> <span class='ocrx_word' id='word_1_288' title='bbox 1359 3023 1396 3072; x_wconf 80' lang='lat' dir='ltr'>Ac</span> <span class='ocrx_word' id='word_1_289' title='bbox 1410 3019 1429 3070; x_wconf 86' lang='lat' dir='ltr'>si</span> 
     </span>
     <span class='ocr_line' id='line_1_31' title="bbox 348 3088 1428 3161; baseline 0.004 -17"><span class='ocrx_word' id='word_1_290' title='bbox 348 3095 441 3145; x_wconf 81' lang='lat' dir='ltr'>amicis</span> <span class='ocrx_word' id='word_1_291' title='bbox 466 3093 578 3144; x_wconf 84' lang='lat' dir='ltr'>lorlasse</span> <span class='ocrx_word' id='word_1_292' title='bbox 602 3093 720 3156; x_wconf 85' lang='lat' dir='ltr'>exceptis</span> <span class='ocrx_word' id='word_1_293' title='bbox 743 3106 823 3144; x_wconf 89' lang='lat' dir='ltr'>nemo</span> <span class='ocrx_word' id='word_1_294' title='bbox 840 3106 873 3144; x_wconf 86' lang='lat' dir='ltr'>ex</span> <span class='ocrx_word' id='word_1_295' title='bbox 909 3088 952 3140; x_wconf 88' lang='lat' dir='ltr'>vel</span> <span class='ocrx_word' id='word_1_296' title='bbox 976 3091 1092 3142; x_wconf 81' lang='lat' dir='ltr'>maxime</span> <span class='ocrx_word' id='word_1_297' title='bbox 1117 3092 1170 3144; x_wconf 90' lang='lat' dir='ltr'>boc</span> <span class='ocrx_word' id='word_1_298' title='bbox 1195 3093 1323 3146; x_wconf 84' lang='lat' dir='ltr'>voluisset</span> <span class='ocrx_word' id='word_1_299' title='bbox 1348 3097 1428 3161; x_wconf 73' lang='lat' dir='ltr'>podis.</span> 
     </span>
     <span class='ocr_line' id='line_1_32' title="bbox 348 3162 1428 3233; baseline 0.002 -17"><span class='ocrx_word' id='word_1_300' title='bbox 348 3170 437 3220; x_wconf 88' lang='lat' dir='ltr'>animo</span> <span class='ocrx_word' id='word_1_301' title='bbox 454 3167 551 3231; x_wconf 76' lang='lat' dir='ltr'>gratim</span> <span class='ocrx_word' id='word_1_302' title='bbox 569 3167 634 3217; x_wconf 90' lang='lat' dir='ltr'>mihi</span> <span class='ocrx_word' id='word_1_303' title='bbox 650 3169 747 3230; x_wconf 77' lang='lat' dir='ltr'>agot‘l»</span> <span class='ocrx_word' id='word_1_304' title='bbox 767 3167 871 3218; x_wconf 86' lang='lat' dir='ltr'>comm.</span> <span class='ocrx_word' id='word_1_305' title='bbox 909 3162 985 3213; x_wconf 87' lang='lat' dir='ltr'>aliter</span> <span class='ocrx_word' id='word_1_306' title='bbox 1009 3177 1074 3215; x_wconf 86' lang='lat' dir='ltr'>senc</span> <span class='ocrx_word' id='word_1_307' title='bbox 1095 3166 1122 3216; x_wconf 90' lang='lat' dir='ltr'>id</span> <span class='ocrx_word' id='word_1_308' title='bbox 1144 3169 1336 3233; x_wconf 83' lang='lat' dir='ltr'>expressisset,</span> <span class='ocrx_word' id='word_1_309' title='bbox 1362 3171 1428 3221; x_wconf 85' lang='lat' dir='ltr'>certe</span> 
     </span>
     <span class='ocr_line' id='line_1_33' title="bbox 348 3237 1429 3306; baseline -0.003 -11"><span class='ocrx_word' id='word_1_310' title='bbox 348 3244 471 3306; x_wconf 88' lang='lat' dir='ltr'>Cruquii:</span> <span class='ocrx_word' id='word_1_311' title='bbox 492 3243 615 3305; x_wconf 71' lang='lat' dir='ltr'>«dignum</span> <span class='ocrx_word' id='word_1_312' title='bbox 628 3241 744 3292; x_wconf 84' lang='lat' dir='ltr'>arbitrer</span> <span class='ocrx_word' id='word_1_313' title='bbox 754 3254 798 3292; x_wconf 86' lang='lat' dir='ltr'>ma</span> <span class='ocrx_word' id='word_1_314' title='bbox 810 3243 874 3292; x_wconf 89' lang='lat' dir='ltr'>scri-</span> <span class='ocrx_word' id='word_1_315' title='bbox 909 3237 992 3289; x_wconf 88' lang='lat' dir='ltr'>verba</span> <span class='ocrx_word' id='word_1_316' title='bbox 1015 3252 1068 3291; x_wconf 90' lang='lat' dir='ltr'>non</span> <span class='ocrx_word' id='word_1_317' title='bbox 1091 3242 1127 3290; x_wconf 91' lang='lat' dir='ltr'>ita</span> <span class='ocrx_word' id='word_1_318' title='bbox 1144 3240 1309 3294; x_wconf 85' lang='lat' dir='ltr'>collocasset.</span> <span class='ocrx_word' id='word_1_319' title='bbox 1329 3271 1357 3280; x_wconf 94' lang='lat'>-</span> <span class='ocrx_word' id='word_1_320' title='bbox 1374 3255 1429 3292; x_wconf 77' lang='lat' dir='ltr'>cos-</span> 
     </span>
     <span class='ocr_line' id='line_1_34' title="bbox 347 3313 1430 3380; baseline -0.001 -11"><span class='ocrx_word' id='word_1_321' title='bbox 347 3318 413 3370; x_wconf 88' lang='lat' dir='ltr'>bere</span> <span class='ocrx_word' id='word_1_322' title='bbox 432 3318 550 3369; x_wconf 89' lang='lat' dir='ltr'>carmina</span> <span class='ocrx_word' id='word_1_323' title='bbox 567 3316 600 3367; x_wconf 90' lang='lat' dir='ltr'>ad</span> <span class='ocrx_word' id='word_1_324' title='bbox 613 3315 699 3380; x_wconf 84' lang='lat' dir='ltr'>lyram</span> <span class='ocrx_word' id='word_1_325' title='bbox 711 3315 870 3366; x_wconf 72' lang='lat' dir='ltr'>conlaudata</span> <span class='ocrx_word' id='word_1_326' title='bbox 908 3313 974 3376; x_wconf 77' lang='lat' dir='ltr'>suita]</span> <span class='ocrx_word' id='word_1_327' title='bbox 993 3314 1050 3364; x_wconf 85' lang='lat' dir='ltr'>vid.</span> <span class='ocrx_word' id='word_1_328' title='bbox 1064 3314 1098 3365; x_wconf 92' lang='lat' dir='ltr'>ad</span> <span class='ocrx_word' id='word_1_329' title='bbox 1110 3317 1163 3366; x_wconf 88' lang='lat' dir='ltr'>Sat.</span> <span class='ocrx_word' id='word_1_330' title='bbox 1178 3317 1201 3376; x_wconf 86' lang='lat' dir='ltr'>t,</span> <span class='ocrx_word' id='word_1_331' title='bbox 1215 3317 1239 3380; x_wconf 83' lang='lat' dir='ltr'>l,</span> <span class='ocrx_word' id='word_1_332' title='bbox 1253 3315 1294 3368; x_wconf 84' lang='grc'>11.</span> <span class='ocrx_word' id='word_1_333' title='bbox 1309 3345 1338 3355; x_wconf 88' lang='grc'>-</span> <span class='ocrx_word' id='word_1_334' title='bbox 1355 3329 1430 3368; x_wconf 74' lang='lat' dir='ltr'>m</span> 
     </span>
     <span class='ocr_line' id='line_1_35' title="bbox 908 3387 1428 3456; baseline 0.01 -19"><span class='ocrx_word' id='word_1_335' title='bbox 908 3387 1020 3452; x_wconf 77' lang='lat' dir='ltr'>bonores]</span> <span class='ocrx_word' id='word_1_336' title='bbox 1032 3389 1111 3439; x_wconf 80' lang='lat' dir='ltr'>nicbtr</span> <span class='ocrx_word' id='word_1_337' title='bbox 1121 3389 1159 3439; x_wconf 82' lang='lat' dir='ltr'>uls</span> <span class='ocrx_word' id='word_1_338' title='bbox 1166 3390 1428 3456; x_wconf 56' lang='lat' dir='ltr'>apotomen,</span> 
     </span>
    </p>

    <p class='ocr_par' dir='ltr' id='par_1_7' title="bbox 347 3462 1432 4346">
     <span class='ocr_line' id='line_1_36' title="bbox 380 3462 1428 3529; baseline 0 -13"><span class='ocrx_word' id='word_1_339' title='bbox 380 3466 468 3516; x_wconf 82' lang='lat'>87-90.</span> <span class='ocrx_word' id='word_1_340' title='bbox 486 3465 579 3515; x_wconf 77' lang='lat' dir='ltr'>Frater</span> <span class='ocrx_word' id='word_1_341' title='bbox 588 3464 650 3529; x_wconf 77' lang='lat' dir='ltr'>cet]</span> <span class='ocrx_word' id='word_1_342' title='bbox 664 3467 788 3515; x_wconf 68' lang='lat' dir='ltr'>epraeter</span> <span class='ocrx_word' id='word_1_343' title='bbox 799 3463 872 3515; x_wconf 89' lang='lat' dir='ltr'>illum</span> <span class='ocrx_word' id='word_1_344' title='bbox 909 3462 1097 3525; x_wconf 55' lang='lat' dir='ltr'>comprimens</span> <span class='ocrx_word' id='word_1_345' title='bbox 1115 3463 1194 3528; x_wconf 90' lang='lat' dir='ltr'>plane</span> <span class='ocrx_word' id='word_1_346' title='bbox 1211 3467 1241 3515; x_wconf 90' lang='lat' dir='ltr'>nt</span> <span class='ocrx_word' id='word_1_347' title='bbox 1255 3466 1328 3529; x_wconf 81' lang='lat' dir='ltr'>apud</span> <span class='ocrx_word' id='word_1_348' title='bbox 1341 3463 1428 3518; x_wconf 80' lang='lat' dir='ltr'>Catuli,</span> 
     </span>
     <span class='ocr_line' id='line_1_37' title="bbox 348 3536 1431 3603; baseline -0.002 -11"><span class='ocrx_word' id='word_1_349' title='bbox 348 3539 423 3592; x_wconf 87' lang='lat' dir='ltr'>Urbis</span> <span class='ocrx_word' id='word_1_350' title='bbox 434 3539 582 3603; x_wconf 83' lang='lat' dir='ltr'>strepitum</span> <span class='ocrx_word' id='word_1_351' title='bbox 596 3537 874 3590; x_wconf 88' lang='lat' dir='ltr'>molestissimaesunt</span> <span class='ocrx_word' id='word_1_352' title='bbox 910 3536 955 3599; x_wconf 85' lang='grc'>13,</span> <span class='ocrx_word' id='word_1_353' title='bbox 976 3537 1004 3586; x_wconf 80' lang='lat'>9:</span> <span class='ocrx_word' id='word_1_354' title='bbox 1037 3538 1086 3588; x_wconf 83' lang='lat' dir='ltr'>Sed</span> <span class='ocrx_word' id='word_1_355' title='bbox 1109 3543 1200 3590; x_wconf 72' lang='lat' dir='ltr'>cosdro</span> <span class='ocrx_word' id='word_1_356' title='bbox 1224 3541 1331 3603; x_wconf 64' lang='lat' dir='ltr'>coaptas</span> <span class='ocrx_word' id='word_1_357' title='bbox 1354 3552 1431 3590; x_wconf 75' lang='lat' dir='ltr'>m</span> 
     </span>
     <span class='ocr_line' id='line_1_38' title="bbox 347 3612 1430 3678; baseline 0.002 -13"><span class='ocrx_word' id='word_1_358' title='bbox 347 3617 374 3665; x_wconf 88' lang='lat' dir='ltr'>et</span> <span class='ocrx_word' id='word_1_359' title='bbox 390 3627 404 3664; x_wconf 88' lang='lat' dir='ltr'>a</span> <span class='ocrx_word' id='word_1_360' title='bbox 424 3612 587 3664; x_wconf 85' lang='lat' dir='ltr'>carminibus</span> <span class='ocrx_word' id='word_1_361' title='bbox 604 3612 754 3664; x_wconf 91' lang='lat' dir='ltr'>scribendis</span> <span class='ocrx_word' id='word_1_362' title='bbox 767 3627 811 3664; x_wconf 87' lang='lat' dir='ltr'>me</span> <span class='ocrx_word' id='word_1_363' title='bbox 823 3614 872 3665; x_wconf 89' lang='lat' dir='ltr'>de·</span> <span class='ocrx_word' id='word_1_364' title='bbox 909 3624 1016 3662; x_wconf 64' lang='lat' dir='ltr'>omem.</span> <span class='ocrx_word' id='word_1_365' title='bbox 1036 3612 1074 3663; x_wconf 89' lang='lat' dir='ltr'>Ci.</span> <span class='ocrx_word' id='word_1_366' title='bbox 1088 3613 1153 3678; x_wconf 87' lang='lat' dir='ltr'>Bpp.</span> <span class='ocrx_word' id='word_1_367' title='bbox 1167 3615 1192 3674; x_wconf 89' lang='grc'>1,</span> <span class='ocrx_word' id='word_1_368' title='bbox 1205 3615 1230 3676; x_wconf 82' lang='lat' dir='ltr'>t,</span> <span class='ocrx_word' id='word_1_369' title='bbox 1243 3613 1284 3667; x_wconf 83' lang='lat' dir='ltr'>ct.</span> <span class='ocrx_word' id='word_1_370' title='bbox 1306 3642 1333 3652; x_wconf 87' lang='lat'>-</span> <span class='ocrx_word' id='word_1_371' title='bbox 1353 3616 1430 3666; x_wconf 80' lang='lat' dir='ltr'>Grec·</span> 
     </span>
     <span class='ocr_line' id='line_1_39' title="bbox 348 3685 1430 3751; baseline 0.002 -13"><span class='ocrx_word' id='word_1_372' title='bbox 348 3689 450 3739; x_wconf 88' lang='lat' dir='ltr'>terrent</span> <span class='ocrx_word' id='word_1_373' title='bbox 472 3687 545 3751; x_wconf 86' lang='lat' dir='ltr'>ipsae</span> <span class='ocrx_word' id='word_1_374' title='bbox 562 3685 621 3737; x_wconf 90' lang='lat' dir='ltr'>illae</span> <span class='ocrx_word' id='word_1_375' title='bbox 639 3699 702 3737; x_wconf 92' lang='lat' dir='ltr'>cum</span> <span class='ocrx_word' id='word_1_376' title='bbox 719 3689 872 3737; x_wconf 87' lang='lat' dir='ltr'>nostrorum</span> <span class='ocrx_word' id='word_1_377' title='bbox 908 3687 976 3751; x_wconf 71' lang='lat' dir='ltr'>chus]</span> <span class='ocrx_word' id='word_1_378' title='bbox 995 3689 1062 3738; x_wconf 88' lang='lat' dir='ltr'>Cum</span> <span class='ocrx_word' id='word_1_379' title='bbox 1080 3689 1174 3740; x_wconf 88' lang='lat' dir='ltr'>Cicero</span> <span class='ocrx_word' id='word_1_380' title='bbox 1190 3689 1263 3740; x_wconf 85' lang='lat' dir='ltr'>Brut.</span> <span class='ocrx_word' id='word_1_381' title='bbox 1276 3689 1318 3740; x_wconf 85' lang='grc'>33.</span> <span class='ocrx_word' id='word_1_382' title='bbox 1341 3690 1430 3741; x_wconf 89' lang='lat' dir='ltr'>Caium</span> 
     </span>
     <span class='ocr_line' id='line_1_40' title="bbox 348 3761 1431 3828; baseline 0.001 -15"><span class='ocrx_word' id='word_1_383' title='bbox 348 3765 500 3828; x_wconf 75' lang='lat' dir='ltr'>poetarum,</span> <span class='ocrx_word' id='word_1_384' title='bbox 528 3761 667 3811; x_wconf 88' lang='lat' dir='ltr'>homiuum</span> <span class='ocrx_word' id='word_1_385' title='bbox 688 3773 770 3825; x_wconf 83' lang='lat' dir='ltr'>saepe</span> <span class='ocrx_word' id='word_1_386' title='bbox 788 3773 873 3810; x_wconf 86' lang='lat' dir='ltr'>vano·</span> <span class='ocrx_word' id='word_1_387' title='bbox 909 3765 1043 3812; x_wconf 88' lang='lat' dir='ltr'>oratorem</span> <span class='ocrx_word' id='word_1_388' title='bbox 1052 3761 1133 3813; x_wconf 87' lang='lat' dir='ltr'>inisse</span> <span class='ocrx_word' id='word_1_389' title='bbox 1142 3765 1366 3827; x_wconf 84' lang='lat' dir='ltr'>praestantiorem</span> <span class='ocrx_word' id='word_1_390' title='bbox 1374 3777 1431 3815; x_wconf 88' lang='lat' dir='ltr'>ceo-</span> 
     </span>
     <span class='ocr_line' id='line_1_41' title="bbox 347 3835 1430 3903; baseline -0.001 -16"><span class='ocrx_word' id='word_1_391' title='bbox 347 3850 422 3898; x_wconf 88' lang='lat' dir='ltr'>mm,</span> <span class='ocrx_word' id='word_1_392' title='bbox 455 3835 623 3886; x_wconf 88' lang='lat' dir='ltr'>multitudine</span> <span class='ocrx_word' id='word_1_393' title='bbox 649 3835 766 3885; x_wconf 82' lang='lat' dir='ltr'>rationes</span> <span class='ocrx_word' id='word_1_394' title='bbox 791 3837 871 3899; x_wconf 86' lang='lat' dir='ltr'>atque</span> <span class='ocrx_word' id='word_1_395' title='bbox 908 3837 968 3887; x_wconf 87' lang='lat' dir='ltr'>seat</span> <span class='ocrx_word' id='word_1_396' title='bbox 983 3847 1066 3900; x_wconf 88' lang='lat' dir='ltr'>quam</span> <span class='ocrx_word' id='word_1_397' title='bbox 1081 3835 1225 3898; x_wconf 88' lang='lat' dir='ltr'>Tiberium,</span> <span class='ocrx_word' id='word_1_398' title='bbox 1243 3835 1286 3888; x_wconf 90' lang='lat' dir='ltr'>illo</span> <span class='ocrx_word' id='word_1_399' title='bbox 1303 3839 1334 3887; x_wconf 89' lang='lat' dir='ltr'>ot</span> <span class='ocrx_word' id='word_1_400' title='bbox 1346 3838 1430 3903; x_wconf 86' lang='lat' dir='ltr'>potius</span> 
     </span>
     <span class='ocr_line' id='line_1_42' title="bbox 347 3907 1430 3976; baseline -0.002 -15"><span class='ocrx_word' id='word_1_401' title='bbox 347 3923 430 3976; x_wconf 91' lang='lat' dir='ltr'>prope</span> <span class='ocrx_word' id='word_1_402' title='bbox 457 3907 623 3960; x_wconf 80' lang='lat' dir='ltr'>inevitabiles</span> <span class='ocrx_word' id='word_1_403' title='bbox 649 3909 871 3971; x_wconf 87' lang='lat' dir='ltr'>necessitudines,</span> <span class='ocrx_word' id='word_1_404' title='bbox 910 3908 1069 3973; x_wconf 78' lang='lat' dir='ltr'>intelligatur</span> <span class='ocrx_word' id='word_1_405' title='bbox 1085 3913 1297 3962; x_wconf 83' lang='lat' dir='ltr'>consentaneum</span> <span class='ocrx_word' id='word_1_406' title='bbox 1314 3913 1371 3972; x_wconf 86' lang='lat' dir='ltr'>est;</span> <span class='ocrx_word' id='word_1_407' title='bbox 1395 3912 1430 3962; x_wconf 83' lang='lat' dir='ltr'>sic</span> 
     </span>
     <span class='ocr_line' id='line_1_43' title="bbox 347 3982 1430 4049; baseline 0 -13"><span class='ocrx_word' id='word_1_408' title='bbox 347 3999 431 4049; x_wconf 89' lang='lat' dir='ltr'>quae,</span> <span class='ocrx_word' id='word_1_409' title='bbox 448 3986 499 4035; x_wconf 91' lang='lat' dir='ltr'>oisi</span> <span class='ocrx_word' id='word_1_410' title='bbox 510 3983 656 4034; x_wconf 85' lang='lat' dir='ltr'>inurbanus</span> <span class='ocrx_word' id='word_1_411' title='bbox 668 3995 727 4033; x_wconf 87' lang='lat' dir='ltr'>esse</span> <span class='ocrx_word' id='word_1_412' title='bbox 739 3982 809 4045; x_wconf 84' lang='lat' dir='ltr'>volo,</span> <span class='ocrx_word' id='word_1_413' title='bbox 828 3997 872 4035; x_wconf 89' lang='lat' dir='ltr'>me</span> <span class='ocrx_word' id='word_1_414' title='bbox 910 3985 990 4035; x_wconf 88' lang='lat' dir='ltr'>etiam</span> <span class='ocrx_word' id='word_1_415' title='bbox 1008 3985 1038 4046; x_wconf 85' lang='lat'>0.</span> <span class='ocrx_word' id='word_1_416' title='bbox 1051 3986 1154 4036; x_wconf 81' lang='lat' dir='ltr'>liucius</span> <span class='ocrx_word' id='word_1_417' title='bbox 1164 3987 1194 4035; x_wconf 92' lang='lat' dir='ltr'>P.</span> <span class='ocrx_word' id='word_1_418' title='bbox 1207 3987 1241 4038; x_wconf 83' lang='lat' dir='ltr'>it.</span> <span class='ocrx_word' id='word_1_419' title='bbox 1254 3985 1360 4038; x_wconf 86' lang='lat' dir='ltr'>videtur</span> <span class='ocrx_word' id='word_1_420' title='bbox 1371 3985 1430 4036; x_wconf 80' lang='lat' dir='ltr'>iur&#39;s</span> 
     </span>
     <span class='ocr_line' id='line_1_44' title="bbox 348 4057 1431 4124; baseline 0.001 -13"><span class='ocrx_word' id='word_1_421' title='bbox 348 4071 455 4124; x_wconf 84' lang='lat' dir='ltr'>quoque</span> <span class='ocrx_word' id='word_1_422' title='bbox 474 4061 584 4122; x_wconf 77' lang='lat' dir='ltr'>cogunt,</span> <span class='ocrx_word' id='word_1_423' title='bbox 603 4059 634 4107; x_wconf 90' lang='lat' dir='ltr'>ot</span> <span class='ocrx_word' id='word_1_424' title='bbox 648 4057 744 4108; x_wconf 85' lang='lat' dir='ltr'>nimias</span> <span class='ocrx_word' id='word_1_425' title='bbox 756 4060 783 4108; x_wconf 86' lang='lat' dir='ltr'>et</span> <span class='ocrx_word' id='word_1_426' title='bbox 794 4057 873 4108; x_wconf 76' lang='lat' dir='ltr'>falses</span> <span class='ocrx_word' id='word_1_427' title='bbox 909 4060 1002 4122; x_wconf 81' lang='lat' dir='ltr'>peritis</span> <span class='ocrx_word' id='word_1_428' title='bbox 1025 4060 1202 4110; x_wconf 85' lang='lat' dir='ltr'>antecessisse</span> <span class='ocrx_word' id='word_1_429' title='bbox 1226 4061 1254 4110; x_wconf 86' lang='lat' dir='ltr'>et</span> <span class='ocrx_word' id='word_1_430' title='bbox 1270 4061 1299 4110; x_wconf 89' lang='lat' dir='ltr'>P.</span> <span class='ocrx_word' id='word_1_431' title='bbox 1316 4060 1431 4112; x_wconf 74' lang='lat' dir='ltr'>liudem</span> 
     </span>
     <span class='ocr_line' id='line_1_45' title="bbox 347 4130 1432 4198; baseline -0.001 -15"><span class='ocrx_word' id='word_1_432' title='bbox 347 4134 433 4198; x_wconf 80' lang='lat' dir='ltr'>poetis</span> <span class='ocrx_word' id='word_1_433' title='bbox 461 4133 542 4183; x_wconf 86' lang='lat' dir='ltr'>etiam</span> <span class='ocrx_word' id='word_1_434' title='bbox 570 4130 752 4182; x_wconf 86' lang='lat' dir='ltr'>mediocrihus</span> <span class='ocrx_word' id='word_1_435' title='bbox 779 4130 872 4183; x_wconf 89' lang='lat' dir='ltr'>laudes</span> <span class='ocrx_word' id='word_1_436' title='bbox 909 4135 937 4182; x_wconf 87' lang='lat' dir='ltr'>et</span> <span class='ocrx_word' id='word_1_437' title='bbox 954 4133 984 4193; x_wconf 87' lang='lat' dir='ltr'>Q.</span> <span class='ocrx_word' id='word_1_438' title='bbox 1001 4133 1116 4184; x_wconf 80' lang='lat' dir='ltr'>Mucium</span> <span class='ocrx_word' id='word_1_439' title='bbox 1134 4145 1264 4196; x_wconf 76' lang='lat' dir='ltr'>augurem</span> <span class='ocrx_word' id='word_1_440' title='bbox 1284 4133 1345 4198; x_wconf 83' lang='lat' dir='ltr'>(vid.</span> <span class='ocrx_word' id='word_1_441' title='bbox 1363 4135 1432 4184; x_wconf 83' lang='lat' dir='ltr'>ono-</span> 
     </span>
     <span class='ocr_line' id='line_1_46' title="bbox 348 4205 1431 4273; baseline 0.002 -17"><span class='ocrx_word' id='word_1_442' title='bbox 348 4206 476 4265; x_wconf 82' lang='lat' dir='ltr'>tribuam,</span> <span class='ocrx_word' id='word_1_443' title='bbox 496 4205 556 4264; x_wconf 87' lang='lat' dir='ltr'>ubi,</span> <span class='ocrx_word' id='word_1_444' title='bbox 574 4206 642 4256; x_wconf 85' lang='lat' dir='ltr'>dura</span> <span class='ocrx_word' id='word_1_445' title='bbox 653 4207 813 4258; x_wconf 85' lang='lat' dir='ltr'>necessitate</span> <span class='ocrx_word' id='word_1_446' title='bbox 825 4207 874 4256; x_wconf 92' lang='lat' dir='ltr'>mi-</span> <span class='ocrx_word' id='word_1_447' title='bbox 909 4208 988 4258; x_wconf 89' lang='lat' dir='ltr'>mast.</span> <span class='ocrx_word' id='word_1_448' title='bbox 1000 4205 1065 4257; x_wconf 85' lang='lat' dir='ltr'>Tull.</span> <span class='ocrx_word' id='word_1_449' title='bbox 1078 4219 1100 4258; x_wconf 88' lang='lat' dir='ltr'>s.</span> <span class='ocrx_word' id='word_1_450' title='bbox 1113 4207 1141 4258; x_wconf 88' lang='lat' dir='ltr'>h.</span> <span class='ocrx_word' id='word_1_451' title='bbox 1153 4207 1203 4270; x_wconf 66' lang='lat' dir='ltr'>vl:</span> <span class='ocrx_word' id='word_1_452' title='bbox 1220 4208 1272 4260; x_wconf 84' lang='lat' dir='ltr'>nisi</span> <span class='ocrx_word' id='word_1_453' title='bbox 1281 4220 1345 4258; x_wconf 81' lang='lat' dir='ltr'>vero</span> <span class='ocrx_word' id='word_1_454' title='bbox 1358 4217 1431 4273; x_wconf 78' lang='lat' dir='ltr'>praa·</span> 
     </span>
     <span class='ocr_line' id='line_1_47' title="bbox 348 4278 1432 4346; baseline -0.002 -14"><span class='ocrx_word' id='word_1_455' title='bbox 348 4283 375 4332; x_wconf 87' lang='lat' dir='ltr'>bi</span> <span class='ocrx_word' id='word_1_456' title='bbox 392 4280 529 4344; x_wconf 83' lang='lat' dir='ltr'>imposito,</span> <span class='ocrx_word' id='word_1_457' title='bbox 549 4278 653 4330; x_wconf 87' lang='lat' dir='ltr'>insulsis</span> <span class='ocrx_word' id='word_1_458' title='bbox 669 4293 764 4330; x_wconf 88' lang='lat' dir='ltr'>eorum</span> <span class='ocrx_word' id='word_1_459' title='bbox 775 4280 872 4331; x_wconf 86' lang='lat' dir='ltr'>recita-</span> <span class='ocrx_word' id='word_1_460' title='bbox 908 4281 961 4330; x_wconf 85' lang='lat' dir='ltr'>stat</span> <span class='ocrx_word' id='word_1_461' title='bbox 972 4293 1035 4332; x_wconf 90' lang='lat' dir='ltr'>cum</span> <span class='ocrx_word' id='word_1_462' title='bbox 1046 4279 1247 4346; x_wconf 76' lang='lat' dir='ltr'>Billenborgero</span> <span class='ocrx_word' id='word_1_463' title='bbox 1259 4284 1340 4334; x_wconf 72' lang='lat' dir='ltr'>mium</span> <span class='ocrx_word' id='word_1_464' title='bbox 1352 4292 1432 4345; x_wconf 85' lang='lat' dir='ltr'>qnae·</span> 
     </span>
    </p>
   </div>
   <div class='ocr_carea' id='block_1_5' title="bbox 0 0 1554 4974">
    <p class='ocr_par' dir='ltr' id='par_1_8' title="bbox 0 0 1554 4974">
     <span class='ocr_line' id='line_1_48' title="bbox 0 0 1554 4974; baseline 0 0"><span class='ocrx_word' id='word_1_465' title='bbox 0 0 1554 4974; x_wconf 95' lang='lat' dir='ltr'> </span> 
     </span>
    </p>
   </div>
  </div>
 </body>
</html>
