3174 4974
336 393 398 460 648
698 393 828 444 nourrii
848 393 1069 448 EPISTOLARUM

378 549 565 639 Insequeris
587 557 694 616 tamen
715 548 800 616 hunc
822 560 854 616 et
876 549 929 616 lite
950 548 1087 616 moraris
1114 547 1247 636 iniqua?

378 672 450 738 Dixi
472 692 524 738 me
546 671 674 759 pigrum
696 670 911 759 proficiscenti
935 670 1007 748 tibi,
1032 669 1097 737 diri
1383 671 1424 736 ΞΟ

379 791 507 860 Talibus
530 791 642 860 officiis
664 813 767 880 prope
790 812 954 869 mancum,
978 811 1020 858 ne
1043 812 1115 858 mea
1136 813 1254 860 saevus

378 917 528 1002 Iurgares
550 912 591 980 ad
616 923 646 980 te
669 912 757 1001 quod
781 912 917 1001 epistola
938 911 1027 980 nulia
1048 913 1177 981 rediret.

379 1036 464 1116 Quid
488 1045 554 1133 turn
577 1036 714 1124 profeci,
738 1055 866 1102 meeum
888 1035 1036 1102 facientia
1058 1035 1128 1101 iura

379 1158 413 1225 Si
435 1169 543 1224 tamen
565 1157 726 1224 attentas?
748 1157 902 1236 Quereris
924 1177 1024 1244 super
1044 1156 1107 1224 hoc
1129 1158 1240 1234 etiam,
1265 1157 1355 1244 quod

380 1281 571 1368 Exspectata
592 1278 649 1346 tibi
671 1299 735 1345 non
757 1279 879 1344 mittam
900 1279 1043 1346 carmina
1064 1278 1212 1346 mendax.
1382 1279 1423 1346 25

380 1400 503 1467 Luculli
525 1399 618 1468 miles
640 1398 775 1468 collecta
796 1399 912 1466 viatica
937 1398 1045 1466 multis

381 1522 563 1599 aerumnis,
587 1521 692 1588 lassus
714 1521 791 1588 dum
814 1531 912 1589 noctu
933 1522 1049 1599 stertit,
1074 1521 1116 1588 ad
1139 1542 1247 1590 assem

403 1759 445 1810 et.
463 1773 581 1810 nrannnn
602 1765 626 1808 et
646 1771 677 1808 na
693 1758 721 1809 b.
742 1786 769 1795 -
787 1759 829 1809 22.
847 1759 940 1809 rediret
955 1758 1033 1809 bSEd
1050 1761 1078 1809 et
1094 1757 1160 1810 Cod.
1179 1759 1306 1822 Fraueq.,
1331 1761 1395 1810 item

372 1848 434 1886 curu
451 1835 536 1886 tribus
553 1848 665 1886 suorum
681 1849 707 1886 s:
734 1836 828 1886 oerriret
845 1834 936 1887 Giossa
954 1833 1059 1885 Codicis
1076 1835 1108 1893 Ε,
1134 1833 1198 1885 item
1216 1847 1244 1896 c,
1267 1833 1396 1885 Schmidii

372 1909 520 1972 secundus,
547 1911 645 1962 neten
670 1912 697 1960 et
722 1908 863 1962 Bentleius.
891 1909 991 1972 (rediret
1007 1921 1039 1958 ex
1057 1907 1128 1959 nullo
1144 1921 1255 1959 suorum
1277 1910 1397 1959 enotavit

339 2097 394 2158 ius,
414 2109 445 2146 ex
458 2109 511 2160 quo
522 2097 674 2147 necessario
685 2094 768 2157 litem,
783 2109 864 2161 quam
902 2097 973 2148 ditur
989 2097 1060 2159 Virg.
1079 2099 1144 2146 Aen.
1165 2096 1209 2156 tt,
1234 2095 1297 2145 687:
1324 2093 1427 2144 Adrimit

340 2171 464 2234 mangoni
482 2171 612 2233 intendis,
639 2185 693 2221 non
714 2171 863 2232 obtinebis,
902 2171 946 2234 qai
968 2175 1072 2221 uestra
1097 2172 1148 2220 dies
1167 2169 1329 2220 muliebribus
1350 2168 1428 2218 amis

340 2245 389 2295 sed
407 2246 538 2295 amittes.»
567 2247 653 2296 niinus
674 2250 800 2297 accurate
823 2246 865 2297 aiii
906 2245 1424 2310 Verbaradarpuarit.—1ar9uraa]Cic.

340 2321 564 2382 interpretantur:
586 2319 781 2371 «Condiciones
798 2335 865 2371 ven·
902 2321 937 2372 de
954 2323 1018 2385 itep.
1033 2321 1061 2380 i,
1081 2321 1107 2370 8:
1126 2321 1159 2370 si
1174 2320 1330 2380 runcatur,
1347 2319 1428 2381 inquit

341 2392 447 2443 ditionis
459 2406 492 2442 ex
509 2392 566 2456 iege
580 2393 626 2443 tibi
638 2395 790 2458 propositae
803 2398 866 2445 sunt
903 2397 964 2459 (Lex
982 2397 1021 2445 ti.
1040 2393 1144 2458 Tabe).
1163 2395 1345 2445 Benouoioram
1368 2407 1427 2443 σοπ-

341 2479 531 2530 amangonen
545 2494 571 2503 -
584 2469 722 2529 irascereris
733 2470 795 2534 cet]
808 2470 867 2519 «Ni—
901 2471 1018 2531 certatio,
1044 2483 1095 2519 non
1118 2470 1148 2519 iis
1169 2470 1344 2531 inimicorum,
1372 2470 1426 2518 iar-

340 2540 483 2591 hiiominus
500 2541 571 2592 hunc
583 2543 721 2593 insectaris
734 2545 761 2592 et
776 2557 865 2592 mora-
901 2545 970 2610 picen
982 2545 1081 2594 dieitur.
1094 2573 1122 2582 —
1135 2545 1236 2608 rediret]
1249 2545 1292 2596 Sic
1304 2541 1427 2608 aiiquan-

339 2617 376 2666 ris
395 2614 531 2679 (molestus
548 2617 572 2667 ei
594 2615 633 2680 iis)
656 2615 701 2666 tite
724 2617 865 2669 manifesto
902 2621 928 2668 to
946 2621 1047 2669 maiore
1067 2621 1124 2668 iure
1144 2619 1287 2668 iracundus
1304 2631 1367 2668 cunr
1381 2619 1428 2668 iio

340 2691 450 2754 iniqua‘i
474 2693 616 2754 Nunquam
633 2705 683 2755 pro
700 2695 788 2753 certo,
812 2705 864 2756 qua
901 2695 968 2744 ratio
980 2695 1084 2756 iurgare
1097 2694 1200 2756 poterat
1214 2692 1320 2753 Florus,
1334 2703 1428 2756 quam·

342 2779 371 2817 es
388 2765 542 2830 prudentia,
561 2767 613 2816 hoc
626 2766 715 2817 iacies.
742 2769 864 2818 Attamen
902 2781 983 2832 quam
1002 2769 1036 2817 ita
1054 2780 1161 2831 quoque
1174 2779 1255 2816 cansa
1267 2766 1367 2816 cadere
1379 2765 1428 2816 de·

341 2853 426 2905 prope
448 2839 539 2891 similis
562 2843 603 2892 est
626 2843 705 2902 ratio,
730 2855 782 2905 qua
807 2855 865 2892 me·
902 2842 993 2893 behet.
1031 2845 1173 2892 Praeterea
1201 2843 1282 2892 etiarn
1308 2855 1341 2891 ex
1368 2853 1424 2904 seq.

342 2927 404 2964 cum
422 2918 450 2963 to
467 2917 568 2964 nterea
599 2914 637 2965 Ci.
652 2916 732 2966 Tacit.
743 2915 808 2966 Diei.
823 2917 863 2967 et:
903 2919 1014 2980 quereris
1030 2920 1142 2981 apparet
1159 2916 1192 2966 de
1208 2916 1306 2966 Horatii
1318 2929 1428 2980 respon-

341 2991 369 3040 L.
385 2989 489 3038 crassas
505 2989 532 3040 0.
552 2989 703 3052 Carbonem,
721 3017 735 3028 -
746 3015 761 3027 -
772 2991 867 3041 Cacsar
903 3005 934 3043 so
951 2992 1046 3042 trustra
1060 2995 1214 3056 exspectato
1231 2992 1275 3041 hie
1286 2992 1344 3055 αεὶ,
1363 3003 1426 3056 quo-

342 3063 498 3114 Dolateiium
510 3089 544 3101 -·
559 3064 658 3115 Asinirn
673 3066 750 3115 Pottio
767 3065 793 3116 0.
814 3067 866 3116 Co-
903 3069 973 3117 cirea
990 3067 1070 3116 reieci
1093 3065 1204 3116 aiteram
1225 3065 1369 3117 tectionem
1386 3077 1427 3114 ue-

342 3145 436 3200 tunna,
454 3166 495 3177 --
512 3139 603 3190 Colores
622 3141 749 3190 Vatinium
764 3141 865 3190 iisoru·
902 3141 976 3191 niret.
1006 3141 1048 3190 Sic
1065 3140 1112 3190 0d.
1132 3138 1162 3200 i,
1182 3141 1211 3199 5,
1230 3139 1271 3191 it.
1290 3153 1341 3204 pro
1366 3139 1428 3189 redit

341 3213 448 3263 tionibus
463 3216 597 3266 insecuti
618 3220 689 3276 eant,
708 3228 772 3276 quas
794 3215 865 3264 todia
904 3215 947 3266 aiii
965 3215 1056 3265 itidem
1072 3216 1147 3264 uenit.
1178 3217 1320 3265 Praeterea
1339 3217 1426 3265 nosue

342 3301 507 3351 quoqueearn
523 3290 691 3339 admiratione
706 3290 818 3354 epimna.
837 3317 863 3324 —
904 3290 981 3340 tactio
1004 3291 1083 3339 etiam
1100 3301 1116 3338 a
1134 3288 1218 3338 codd.
1237 3287 1321 3338 multo
1344 3289 1428 3339 maio-

345 3363 443 3413 Tatitas
464 3363 559 3427 officiis]
579 3376 663 3427 aquae
685 3366 776 3414 teman
793 3365 866 3413 certo
904 3379 962 3415 rem
988 3363 1071 3414 habet
1098 3365 1298 3422 auctoritatem
1329 3363 1427 3413 etenim

343 3437 396 3488 fine
420 3440 513 3488 carent
536 3439 677 3501 neutrique
699 3437 771 3489 utilia
794 3439 865 3499 sunt,
904 3441 1010 3504 reperta
1022 3442 1064 3490 est
1074 3440 1154 3490 etiam
1167 3441 1192 3488 in
1204 3439 1330 3502 quattuor
1342 3437 1425 3488 Codd.

343 3513 469 3578 quocirca
495 3512 529 3562 ab
555 3513 600 3575 iis,
631 3514 676 3576 qui
701 3512 867 3576 gravioribus
904 3513 1023 3564 Blandin.
1037 3511 1148 3577 aliisque
1162 3513 1285 3577 cruenti,
1304 3511 1424 3564 Poiman-

342 3587 425 3638 rebus
438 3588 560 3652 occupati
571 3589 646 3650 sunt,
666 3587 781 3638 libenter
792 3587 868 3637 omit-
904 3591 945 3650 ni,
964 3589 1131 3640 Bersmanni.

343 3663 466 3711 tuntur.»
492 3661 591 3712 Confer
607 3663 659 3712 Sat.
676 3665 707 3724 2,
726 3663 756 3724 6,
774 3661 815 3712 24.
838 3689 865 3698 —

342 3735 469 3799 mancam]
487 3749 528 3800 pr.
548 3749 643 3786 «manu
666 3735 797 3794 debilem3
822 3736 867 3798 qui
936 3738 1024 3789 23-i0.
1043 3738 1104 3802 tum]
1123 3751 1201 3788 «cum
1220 3738 1265 3788 tibi
1283 3737 1351 3787 dixi»
1365 3739 1424 3794 cet..

344 3810 419 3875 quasi
437 3823 519 3860 manu
536 3811 646 3862 truncus
664 3814 736 3862 esset
756 3811 802 3859 aut
823 3823 868 3860 re·
905 3815 942 3864 «si
963 3815 1052 3863 tamen
1070 3814 1124 3875 ius,
1150 3813 1222 3877 quod
1244 3825 1288 3862 me
1306 3811 1424 3868 adiuvat.

343 3884 436 3936 solutis
459 3887 564 3946 nervis,
594 3886 713 3937 scribere
735 3897 788 3936 non
818 3897 868 3950 po-
903 3885 1065 3937 labeiactare
1084 3887 1222 3938 conarisi·
1243 3885 1426 3948 -mecrunfa-

343 3963 422 4012 test.»
450 3962 817 4011 aversionemautemsuam
833 3959 866 4010 ab
903 3961 1002 4026 cantu]
1021 3960 1060 4011 Ci.
1079 3961 1145 4025 Epp.
1163 3963 1193 4021 2,
1218 3962 1247 4020 t,
1272 3961 1314 4011 68.
1341 3989 1367 3996 -
1385 3963 1425 4008 at-

344 4033 461 4100 epistolis
479 4034 679 4086 conscribendis
697 4036 799 4098 mitigat
818 4033 867 4084 aii·
903 4035 992 4100 teritos]
1010 4035 1076 4085 Huic
1088 4034 1173 4084 verbo
1190 4033 1268 4098 piane
1284 4033 1426 4099 respondet

343 4111 442 4174 quanto
460 4108 592 4172 additor.
607 4123 696 4173 prope.
718 4137 744 4146 -
762 4123 868 4159 aaran
904 4113 1026 4160 nostrum
1056 4110 1235 4172 onsecttan.
1271 4111 1303 4159 ut
1333 4109 1425 4160 dicitur

343 4182 597 4248 optenta18imiiiter
618 4189 868 4248 pronomenaartru
904 4183 998 4249 aliquis
1023 4186 1129 4246 anton,
1157 4185 1277 4235 manian
1302 4185 1372 4236 tatia
1397 4207 1423 4220 ···

342 4257 420 4321 longe
438 4271 516 4310 suum
533 4257 728 4310 substantivum
746 4262 867 4324 antegre-
902 4272 977 4321 rupo
992 4259 1045 4325 noc]
1065 4261 1187 4324 :praeter
1202 4259 1271 4320 hoc,
1290 4257 1325 4309 ad
1343 4259 1392 4309 hoc
1403 4271 1424 4316 ,ι
