3130 4966
1276 441 1308 488 ιιι

223 572 361 638 nondum
384 575 624 663 separatimque
647 574 864 642 exhibendum
888 587 972 643 erat:
998 577 1039 644 de
1057 599 1194 666 quorum
1211 579 1307 647 Codi-

221 753 293 799 cum
330 732 461 799 alterius
494 736 689 820 praestantia
723 734 814 802 iacile
848 757 975 803 mecum
1012 738 1209 814 consenties,
1250 737 1305 809 ubi

221 891 364 958 lectionis
387 893 575 960 varietatem
600 915 640 961 ex
663 915 703 960 eo
726 905 909 982 excerptam
936 899 1135 983 cognoveris.

284 1090 403 1156 Horatii
427 1092 522 1156 vitam
546 1113 563 1156 a
587 1089 832 1178 Dillenburgero
856 1091 1058 1159 laudabiliter
1073 1095 1303 1172 concinnatam,

218 1271 315 1336 quam
345 1249 485 1316 Orellius
517 1250 680 1317 secundae
703 1251 839 1317 Editioni
863 1250 1047 1325 addiderat,
1078 1252 1230 1341 equidem
1253 1276 1305 1321 re-

217 1419 328 1494 petere
359 1408 462 1483 nolui,
494 1430 535 1474 ne
565 1408 596 1474 id
629 1409 765 1496 amplius
789 1410 892 1476 amico
915 1409 1064 1478 defuncto
1087 1412 1219 1480 daretur
1241 1415 1304 1480 cri-

217 1568 308 1644 mini,
333 1566 484 1655 illiusque
507 1567 579 1634 loro
596 1568 739 1636 Suetonii
756 1579 853 1656 atque
870 1570 1026 1659 Anonymi
1043 1569 1301 1657 Kirohneriani*)

214 1727 295 1792 vitas
319 1727 440 1792 Horatii
463 1726 688 1814 exprimendas
711 1728 820 1792 curavi
845 1727 961 1794 additis
986 1729 1056 1796 Car.
1075 1729 1201 1795 Frankii
1218 1731 1302 1798 Con-

214 1896 328 1972 spectu
352 1896 549 1971 temporum,
574 1883 692 1972 quibus
709 1885 858 1950 Horatius
881 1905 981 1972 opera
1000 1887 1128 1974 scripsit
1142 1898 1174 1952 et
1190 1887 1299 1963 edidit,

212 2054 245 2110 et
265 2043 414 2110 eiusdem
439 2042 558 2110 Tabula
581 2043 808 2129 chronologica
831 2044 1010 2112 Horatiana.
1049 2047 1221 2114 Praeterea
1243 2047 1300 2113 ad-

211 2204 272 2270 ieci
298 2202 441 2269 indicem
463 2223 571 2268 rerum
595 2212 627 2268 et
648 2201 836 2278 verborum,
872 2224 957 2290 quac
980 2205 1012 2268 in
1034 2204 1299 2273 adnotationibus

210 2361 427 2450 explicantur,
460 2366 489 2426 in
520 2362 720 2428 Praelatione
749 2363 790 2428 ad
825 2364 915 2449 prius
936 2363 1086 2429 volumen
1109 2385 1128 2430 a
1150 2385 1201 2430 me
1224 2387 1299 2452 pro-

210 2521 356 2588 missum.

272 2709 321 2775 nb
352 2708 511 2776 analectis
546 2707 586 2775 ad
616 2711 735 2776 Horatii
760 2711 907 2777 Carmina
936 2709 1085 2781 edendis,
1120 2711 1178 2776 etsi
1209 2710 1296 2796 larga

210 2890 323 2936 eorum
358 2868 434 2934 mihi
466 2868 650 2956 suppeditat
682 2870 848 2944 materies,
880 2891 967 2936 nuno
1001 2868 1132 2956 quidem
1164 2879 1297 2957 propter

211 3028 365 3116 temporis
387 3028 551 3114 angustias
574 3027 650 3092 mihi
673 3027 897 3094 abstinendum
921 3039 979 3094 ost.
1020 3027 1142 3106 Quodsi
1166 3027 1295 3115 quando

210 3187 433 3275 opportunitas
467 3195 601 3273 quartae
634 3186 789 3252 Editionis
824 3185 985 3273 parandae
1018 3187 1092 3256 erit,
1139 3185 1294 3250 Codicum

210 3347 421 3413 Beruensium
451 3343 558 3412 denuo
581 3345 846 3412 excutiendorum
869 3343 980 3410 labore
1003 3345 1054 3409 vix
1077 3343 1293 3430 supersedero

209 3515 332 3591 potero.
378 3505 481 3571 Hodie
504 3505 537 3570 id
560 3526 660 3570 uuum
682 3503 797 3571 allerre
822 3505 921 3580 iuvat,
946 3502 1093 3570 codicem
1109 3503 1137 3567 B
1155 3523 1226 3568 eam
1246 3503 1294 3566 in-

209 3663 415 3752 scriptionem
445 3664 602 3731 Carminis
632 3662 827 3738 Saecularis,
860 3683 957 3750 quam
985 3661 1181 3729 Kirclmerus
1205 3663 1291 3747 (Nov.

209 3823 351 3900 Quaestt.
374 3825 495 3889 Horatt.
520 3844 549 3910 p.
573 3823 635 3908 ut.)
670 3823 808 3910 primum
838 3843 856 3887 e
887 3821 1000 3888 codice
1024 3819 1168 3886 Gothano
1191 3817 1292 3885 altero

209 3981 363 4067 prodidit,
387 3981 549 4068 aliquanto
574 3982 727 4068 integrius
750 3981 796 4046 sic
817 3981 984 4046 exhibere:
1010 3977 1292 4044 Coronensecolore

273 4301 295 4362 *l
313 4301 378 4350 vme
397 4303 426 4352 c.
446 4301 581 4352 mrennen
600 4301 718 4359 Quaeso.
738 4299 827 4348 norat.
846 4311 872 4362 p.
891 4261 922 4347 ιι.
