3130 4966
295 425 337 488 30
677 427 805 478 llOllrlTll
823 429 1004 482 Sill'lllARUll

296 583 434 662 Quidam
457 594 551 650 notus
574 583 670 651 bomo
693 605 767 651 cum
790 585 892 652 exiret
914 584 1050 660 tomice,
1075 586 1175 652 Macte

295 705 415 772 Virtute
438 715 524 782 esto,
548 706 651 794 inquit
672 691 830 774 sententia
853 707 906 772 dia
930 707 1074 774 Catonis.

295 829 374 894 Nam
395 827 490 893 simul
514 848 553 894 ac
573 849 674 896 venas
696 827 818 895 intlavit
837 839 919 896 tetra
941 827 1058 906 libido,

295 949 365 1016 Huc
387 950 521 1016 iuvenes
544 969 685 1038 aequum
707 961 757 1017 est
779 949 996 1027 descendere,
1020 971 1085 1017 non
1107 950 1231 1017 alienas

295 1069 479 1139 Permolere
501 1093 630 1138 uxores.
675 1070 779 1138 Nolim
800 1067 980 1148 laudarier,
1005 1073 1121 1160 inquit,
1346 1073 1386 1136 35

296 1192 350 1258 Sic
371 1213 439 1272 me,
463 1193 596 1260 mirator
616 1193 712 1259 cunni
737 1193 935 1281 Cupiennius
958 1193 1032 1260 albi.

295 1312 414 1382 Audire
436 1325 487 1381 est
508 1329 628 1401 operae
650 1315 809 1403 pretium,
833 1314 1014 1402 procedere
1038 1328 1126 1382 recte

294 1436 356 1516 Qui
380 1435 533 1520 moechos
556 1455 622 1514 pon
642 1434 754 1514 voltis,
778 1446 813 1503 ut
835 1438 920 1504 omni
945 1448 1037 1525 parte
1059 1435 1223 1518 laborent;

293 1559 398 1646 thue
420 1556 481 1624 illis
503 1557 603 1624 multo
625 1569 777 1646 corrupta
800 1557 913 1626 dolore
936 1557 1102 1647 voluptas,

357 1735 398 1788 34.
417 1737 476 1787 diac
492 1751 519 1802 p.
541 1766 568 1774 -
587 1738 627 1789 36.
647 1738 789 1802 capannas
804 1754 831 1806 p.
847 1769 874 1780 -
888 1739 929 1792 38.
942 1742 1048 1792 maechis
1071 1741 1243 1806 abspactrs
1252 1781 1258 1802 ,
1282 1756 1352 1792 nioe-

326 1811 436 1868 ctaa’d.
457 1814 496 1877 (Ut
513 1826 608 1876 nosc,
626 1831 656 1882 y,
674 1828 730 1866 var.
749 1814 811 1868 lect.
829 1831 867 1879 φ,
892 1829 962 1867 carr.
980 1834 998 1866 κ
1016 1821 1042 1868 et
1060 1821 1114 1867 tres
1132 1816 1267 1882 Pottierii.)

294 1973 358 2022 sost
377 1972 420 2021 Or.
434 1973 459 2024 7.
472 1986 497 2037 p
511 1973 628 2025 iobii:
648 1969 819 2040 stipata·-
854 1976 889 2027 de
911 1977 995 2038 coitu,
1021 1977 1051 2028 ιιι
1073 1972 1194 2042 μέλλειν
1219 1975 1333 2027 Theocr.
1353 1975 1383 2038 4,

294 2041 484 2140 cippapalvpta
510 2047 552 2098 ἐπ’
580 2046 707 2138 αἰσχύνῃ
734 2050 817 2133 apoi-
854 2051 894 2102 58.
919 2015 1036 2101 dedollrra
1057 2049 1134 2115 Apul.
1153 2052 1215 2102 blei.
1234 2051 1264 2112 9,
1291 2053 1315 2102 7.
1345 2053 1384 2104 Dc

292 2117 415 2186 στάντας
432 2123 474 2174 ἐπ’
491 2120 815 2196 οἰκημάτωνρνπαρῶν.
853 2124 977 2175 liberiore
1007 2125 1159 2176 huiusmodi
1187 2126 1384 2179 vocabulorum

292 2198 320 2246 ln
338 2211 380 2247 vv.
398 2198 494 2261 fornice
510 2204 617 2249 stantem
633 2198 718 2250 littera
736 2213 749 2250 e
764 2214 817 2251 non
853 2194 1033 2270 ἀφροδισίων
1061 2211 1112 2248 usu
1141 2201 1315 2253 iudicandum
1342 2205 1385 2253 est

291 2273 446 2337 producitur
471 2277 533 2324 aute
563 2273 696 2339 duplicem
724 2281 758 2338 st
790 2279 818 2326 ut
855 2289 886 2325 ex
905 2273 991 2325 indole
1013 2273 1163 2324 tabularum
1186 2278 1338 2338 togatarum
1357 2279 1384 2326 et

292 2359 396 2398 mcxv.
416 2349 455 2398 7t.
476 2349 528 2400 Sat.
547 2352 577 2412 t,
596 2351 625 2412 3,
644 2350 685 2401 44.
714 2352 766 2400 Sat.
786 2352 816 2412 4,
853 2350 984 2414 imprimis
1005 2349 1101 2399 satirae
1125 2349 1289 2410 Lucilianum
1315 2353 1385 2402 inter

291 2423 320 2482 5,
347 2423 388 2472 35.
413 2449 441 2460 —
465 2427 573 2488 ονιιιανη
597 2426 684 2491 natas]
712 2427 818 2476 abone·
854 2425 1017 2475 recentiores
1027 2422 1125 2474 eadem
1136 2423 1240 2475 licentia
1252 2439 1383 2478 concessa

291 2499 333 2548 sto
350 2495 409 2548 loco
428 2504 514 2563 ortus,
533 2515 586 2551 non
604 2500 752 2564 ignobilis.»
771 2503 819 2552 Le-
855 2499 901 2550 luit
918 2501 1013 2550 liernio
1029 2501 1140 2564 eiusque
1159 2501 1340 2554 imitatoribus
1358 2505 1386 2554 et

290 2572 351 2638 pida
361 2577 402 2626 est
410 2578 521 2628 neronis
530 2575 740 2628 narratiuncula:
752 2579 817 2629 ica·
854 2574 918 2626 Lud.
930 2575 1078 2640 Sargardia.
1101 2577 1284 2628 Romanorum
1297 2580 1332 2630 de
1344 2580 1385 2628 to-

291 2651 352 2697 tone
379 2651 533 2702 transeunte
559 2653 668 2716 quidam
694 2655 757 2704 exiit
782 2654 816 2705 de
853 2652 879 2700 ta
909 2650 960 2701 bac
986 2665 1015 2702 re
1041 2652 1192 2715 opinionem
1223 2653 1264 2703 bis
1295 2653 1386 2704 verbis

291 2723 404 2784 tornicc;
432 2739 514 2789 quem
533 2741 595 2778 cum
615 2729 731 2792 lugeret,
759 2727 818 2779 lau·
853 2725 1009 2792 complexus
1032 2729 1074 2778 est
1095 2725 1202 2778 Plautus
1226 2729 1337 2781 Curcul.
1357 2743 1382 2780 v.

290 2799 362 2850 davit
391 2804 418 2851 et
446 2803 590 2853 revocavit.
632 2805 728 2856 Postea
755 2817 822 2854 cum·
853 2801 899 2851 35:
912 2802 1385 2866 Nenaairepacmpccmpubticupro·

290 2874 455 2938 frequentius
474 2890 536 2928 eum
558 2883 701 2932 exeuntem
722 2881 757 2930 de
770 2895 818 2932 eo-
853 2876 917 2926 hibet
933 2878 985 2927 uia.
1021 2878 1130 2927 Dumna
1143 2891 1191 2940 per·
1204 2877 1384 2941 fandumsae-

290 2949 353 3000 dem
370 2949 491 3014 lupanari
506 2953 631 3014 uidisset,
650 2953 749 3006 dixisse
765 2955 818 3005 ler-
851 2957 925 3014 ptum
939 2952 1022 3016 facias
1037 2954 1164 3013 sonitum,
1184 2953 1252 3002 Dum
1269 2958 1319 3005 tete
1330 2953 1385 3004 cbr-

291 3027 347 3074 tur:
379 3027 535 3095 Adalescerrs,
568 3042 615 3092 epa
647 3035 670 3079 tc
697 3029 816 3092 ccccvi,
854 3027 936 3077 tincas
955 3033 1050 3090 nuptu,
1079 3028 1171 3088 aidau,
1200 3028 1313 3092 cir-piac,
1340 3031 1383 3080 Iu-

289 3105 420 3162 tamquam
435 3103 483 3152 buc
500 3103 626 3155 interdum
640 3105 749 3167 uenires,
768 3121 819 3156 non
854 3107 953 3153 cantate
969 3108 992 3152 ct
1013 3105 1101 3166 pateris
1116 3103 1212 3154 tiberis:
1238 3117 1301 3155 amc
1323 3103 1384 3168 qaid

289 3181 421 3239 tamquam
447 3178 486 3227 bic
513 3178 673 3230 habitares.»
704 3205 731 3216 -
762 3194 819 3230 seri·
854 3179 927 3229 lubet.
957 3207 984 3214 -
1014 3177 1154 3243 laudarier]
1181 3180 1236 3229 Hac
1260 3179 1383 3231 infinitivi

288 3253 367 3302 tentia
391 3255 435 3303 dic
459 3254 573 3319 Catonis]
603 3253 716 3305 formula
739 3256 819 3305 Luci·
855 3254 940 3304 torma
955 3253 1063 3316 antiqua
1081 3255 1163 3302 utitur
1180 3254 1262 3303 etiam
1274 3253 1343 3305 intra
1355 3267 1380 3304 v.

289 3325 372 3376 liena:
401 3327 482 3378 Valeri
505 3330 626 3378 sentemia
647 3329 699 3378 dia.
730 3330 819 3379 lmita·
854 3329 894 3378 78.
915 3329 966 3377 Sat.
986 3328 1015 3386 2,
1034 3327 1065 3388 8,
1084 3327 1124 3376 67.
1160 3327 1271 3390 Eppi,
1291 3330 1320 3390 ι,
1340 3327 1380 3380 at.

289 3402 316 3450 ta
334 3403 375 3450 cst
390 3398 503 3465 Sulpicia
520 3405 573 3452 Sat.
591 3416 616 3451 v.
630 3401 671 3452 48.
690 3429 717 3437 -
731 3404 815 3464 aenas]
852 3404 882 3461 2,
902 3404 930 3460 2.
951 3400 1007 3452 448.
1029 3427 1056 3437 -
1075 3399 1221 3464 mantelii]
1241 3403 1382 3467 «Respexit

288 3477 318 3526 ut
343 3477 416 3526 Pers.
441 3476 471 3537 6,
499 3477 545 3525 72:
575 3489 814 3528 moroscnaenc.
853 3475 887 3526 ad
904 3474 1000 3527 stolam
1023 3475 1177 3536 candidam,
1204 3489 1256 3540 qua
1280 3479 1382 3530 vestie-

290 3549 384 3600 l’lurali
401 3553 492 3602 autem
509 3553 602 3612 utitur,
622 3552 684 3614 quia
702 3563 817 3614 genera·
853 3550 951 3601 bantur
968 3552 1118 3612 matronam
1143 3564 1205 3602 nam
1223 3555 1381 3604 meretrices

288 3625 320 3678 lis
337 3629 544 3689 estsententia,
571 3629 606 3678 ad
624 3640 719 3678 omnes
741 3628 817 3677 iuve-
853 3624 990 3676 habebant
1013 3627 1115 3690 nigram
1138 3626 1188 3690 (rel
1212 3628 1299 3692 potius
1321 3626 1381 3692 pul·

274 3716 337 3753 nes
361 3705 506 3767 pertinens.
527 3730 555 3739 —
574 3703 728 3764 demandare]
752 3703 817 3751 For-
851 3700 1057 3766 lamlvestem.a
1087 3703 1265 3760 (loanceuo.
1286 3702 1380 3764 (Minus

288 3779 362 3828 uices
386 3779 428 3828 isti
450 3779 526 3828 erant
545 3776 629 3829 cellae
647 3779 814 3838 cameratae,
852 3779 973 3842 apposite
999 3791 1025 3827 v.
1044 3777 1095 3827 albi
1120 3777 1154 3827 de
1181 3775 1271 3828 colore
1298 3777 1380 3841 ipsius

289 3856 314 3902 in
334 3856 433 3902 terram
451 3853 606 3917 depressae.
628 3879 655 3890 -·
668 3852 814 3916 Pemaolcrc]
852 3856 1004 3914 matronae,
1023 3855 1053 3901 ut
1070 3855 1188 3904 estsaue
1199 3865 1225 3902 ιι.
1240 3849 1309 3912 tat..
1327 3850 1380 3901 boc

287 3925 403 3978 Lucilius
421 3929 451 3986 7,
471 3929 515 3976 tit:
533 3927 605 3976 Hanc
621 3927 726 3988 nectere,
745 3927 816 3977 ittam
852 3941 959 3992 quoque
972 3927 1031 3978 loco
1043 3929 1166 3992 exposuit
1174 3925 1283 3977 Schmid
1292 3925 1379 3975 &tct-

287 4002 598 4064 adfmanartnmcoancrc
610 4003 719 4052 tanneia.
738 4004 817 4053 Pom·
851 4009 903 4068 etp.
915 4004 988 4055 ⁴832.
1001 4017 1027 4067 p.
1039 4003 1107 4066 286.)
1120 4030 1146 4038 -
1158 3999 1317 4064 Cupiennius]
1332 4001 1378 4050 cc.

287 4078 383 4143 pontus
409 4077 493 4128 Botbii
511 4091 536 4142 p.
557 4078 617 4128 tta:
646 4079 733 4128 Nescio
759 4079 815 4140 quia
852 4080 1016 4144 Cupiennius
1028 4077 1093 4128 Liba
1105 4079 1256 4138 Cumanus,
1269 4075 1378 4140 Augusti

286 4156 360 4215 urpet
370 4151 446 4201 ettam
457 4152 604 4214 pacasium
614 4165 721 4203 acorem
732 4156 813 4210 tuam
852 4153 1026 4204 familiaritate
1055 4152 1157 4212 clarus,
1187 4152 1308 4216 corporis
1338 4149 1379 4200 sui

288 4229 327 4278 lto
343 4227 421 4276 acatis
436 4228 528 4290 opertis
543 4229 628 4278 ιινιιιιν
644 4228 816 4278 manducatur
851 4226 1081 4292 diligentissimus,
1109 4229 1226 4278 sectator
1243 4228 1379 4278 matrona-

288 4302 413 4354 acmcttt.
450 4303 553 4354 Patron.
572 4302 613 4352 73.
630 4301 659 4351 V.
680 4302 813 4352 comicum
850 4314 911 4353 rum
938 4299 1123 4352 concubitus.»
1158 4303 1251 4352 Poarn.
1287 4299 1325 4364 (4.,
1351 4299 1377 4348 et
