<?xml version="1.0" encoding="UTF-8"?>
<!DOCTYPE html PUBLIC "-//W3C//DTD XHTML 1.0 Transitional//EN"
    "http://www.w3.org/TR/xhtml1/DTD/xhtml1-transitional.dtd">
<html xmlns="http://www.w3.org/1999/xhtml" xml:lang="en" lang="en">
 <head>
  <title>
</title>
<meta http-equiv="Content-Type" content="text/html;charset=utf-8" />
  <meta name='ocr-system' content='tesseract 3.04.00' />
  <meta name='ocr-capabilities' content='ocr_page ocr_carea ocr_par ocr_line ocrx_word'/>
</head>
<body>
  <div class='ocr_page' id='page_1' title='image "./qhoratiusflaccu01baitgoog_0224.png"; bbox 0 0 3116 4968; ppageno 0'>
   <div class='ocr_carea' id='block_1_1' title="bbox 556 461 1242 526">
    <p class='ocr_par' dir='ltr' id='par_1_1' title="bbox 556 461 1242 526">
     <span class='ocr_line' id='line_1_1' title="bbox 556 461 1242 526; baseline 0.025 -16"><span class='ocrx_word' id='word_1_1' title='bbox 556 461 615 512; x_wconf 83' lang='lat' dir='ltr'><strong>nm.</strong></span> <span class='ocrx_word' id='word_1_2' title='bbox 635 461 666 510; x_wconf 91' lang='lat' dir='ltr'><strong>n.</strong></span> <span class='ocrx_word' id='word_1_3' title='bbox 702 461 769 511; x_wconf 83' lang='lat' dir='ltr'><strong>snr.</strong></span> <span class='ocrx_word' id='word_1_4' title='bbox 788 463 819 513; x_wconf 88' lang='lat' dir='ltr'><strong>n.</strong></span> <span class='ocrx_word' id='word_1_5' title='bbox 1180 461 1242 526; x_wconf 68' lang='lat'><strong>209</strong></span> 
     </span>
    </p>
   </div>
   <div class='ocr_carea' id='block_1_2' title="bbox 194 614 1240 1303">
    <p class='ocr_par' dir='ltr' id='par_1_2' title="bbox 197 614 1018 705">
     <span class='ocr_line' id='line_1_2' title="bbox 197 614 1018 705; baseline -0.001 -20"><span class='ocrx_word' id='word_1_6' title='bbox 197 619 373 705; x_wconf 79' lang='lat' dir='ltr'>Corruptus</span> <span class='ocrx_word' id='word_1_7' title='bbox 394 614 501 683; x_wconf 88' lang='lat' dir='ltr'><strong>iudex.</strong></span> <span class='ocrx_word' id='word_1_8' title='bbox 546 616 706 704; x_wconf 80' lang='lat' dir='ltr'><strong>Leporem</strong></span> <span class='ocrx_word' id='word_1_9' title='bbox 728 625 868 683; x_wconf 72' lang='lat' dir='ltr'><strong>sectatus</strong></span> <span class='ocrx_word' id='word_1_10' title='bbox 891 637 1018 705; x_wconf 85' lang='lat' dir='ltr'><strong>equove</strong></span> 
     </span>
    </p>

    <p class='ocr_par' dir='ltr' id='par_1_3' title="bbox 194 735 1240 948">
     <span class='ocr_line' id='line_1_3' title="bbox 194 735 1240 826; baseline 0 -20"><span class='ocrx_word' id='word_1_11' title='bbox 194 741 313 806; x_wconf 85' lang='lat' dir='ltr'>Lassus</span> <span class='ocrx_word' id='word_1_12' title='bbox 335 737 378 804; x_wconf 83' lang='lat' dir='ltr'><strong>ab</strong></span> <span class='ocrx_word' id='word_1_13' title='bbox 401 735 556 804; x_wconf 89' lang='lat' dir='ltr'><strong>indomito</strong></span> <span class='ocrx_word' id='word_1_14' title='bbox 579 737 645 814; x_wconf 87' lang='lat' dir='ltr'><strong>vel,</strong></span> <span class='ocrx_word' id='word_1_15' title='bbox 670 738 697 803; x_wconf 88' lang='lat' dir='ltr'><strong>si</strong></span> <span class='ocrx_word' id='word_1_16' title='bbox 720 739 863 804; x_wconf 84' lang='lat' dir='ltr'><strong>Romana</strong></span> <span class='ocrx_word' id='word_1_17' title='bbox 884 738 993 826; x_wconf 83' lang='lat' dir='ltr'><strong>fatigat</strong></span> <span class='ocrx_word' id='word_1_18' title='bbox 1200 741 1240 806; x_wconf 89' lang='lat' dir='ltr'><strong>l0</strong></span> 
     </span>
     <span class='ocr_line' id='line_1_4' title="bbox 196 857 966 948; baseline 0 -22"><span class='ocrx_word' id='word_1_19' title='bbox 196 859 304 926; x_wconf 89' lang='lat' dir='ltr'><strong>llilitia</strong></span> <span class='ocrx_word' id='word_1_20' title='bbox 326 869 494 927; x_wconf 86' lang='lat' dir='ltr'><strong>assuetum</strong></span> <span class='ocrx_word' id='word_1_21' title='bbox 517 857 678 947; x_wconf 81' lang='lat' dir='ltr'><strong>graecari,</strong></span> <span class='ocrx_word' id='word_1_22' title='bbox 703 880 763 926; x_wconf 91' lang='lat' dir='ltr'><strong>seu</strong></span> <span class='ocrx_word' id='word_1_23' title='bbox 784 859 850 948; x_wconf 85' lang='lat' dir='ltr'><strong>pilu</strong></span> <span class='ocrx_word' id='word_1_24' title='bbox 871 858 966 927; x_wconf 88' lang='lat' dir='ltr'><strong>velox</strong></span> 
     </span>
    </p>

    <p class='ocr_par' dir='ltr' id='par_1_4' title="bbox 195 979 979 1058">
     <span class='ocr_line' id='line_1_5' title="bbox 195 979 979 1058; baseline -0.001 -10"><span class='ocrx_word' id='word_1_25' title='bbox 195 981 330 1049; x_wconf 78' lang='lat' dir='ltr'><strong>Molliter</strong></span> <span class='ocrx_word' id='word_1_26' title='bbox 352 991 517 1049; x_wconf 87' lang='lat' dir='ltr'><strong>austerum</strong></span> <span class='ocrx_word' id='word_1_27' title='bbox 540 981 647 1048; x_wconf 90' lang='lat' dir='ltr'><strong>studio</strong></span> <span class='ocrx_word' id='word_1_28' title='bbox 670 979 797 1048; x_wconf 82' lang='lat' dir='ltr'><strong>fallente</strong></span> <span class='ocrx_word' id='word_1_29' title='bbox 818 980 979 1058; x_wconf 85' lang='lat' dir='ltr'><strong>laborem,</strong></span> 
     </span>
    </p>

    <p class='ocr_par' dir='ltr' id='par_1_5' title="bbox 195 1079 1149 1303">
     <span class='ocr_line' id='line_1_6' title="bbox 195 1079 1149 1192; baseline 0.001 -22"><span class='ocrx_word' id='word_1_30' title='bbox 195 1105 260 1170; x_wconf 89' lang='lat' dir='ltr'><strong>Seu</strong></span> <span class='ocrx_word' id='word_1_31' title='bbox 282 1113 314 1171; x_wconf 91' lang='lat' dir='ltr'><strong>te</strong></span> <span class='ocrx_word' id='word_1_32' title='bbox 334 1103 448 1170; x_wconf 90' lang='lat' dir='ltr'><strong>discus</strong></span> <span class='ocrx_word' id='word_1_33' title='bbox 471 1103 550 1192; x_wconf 81' lang='lat' dir='ltr'><strong>ogit,</strong></span> <span class='ocrx_word' id='word_1_34' title='bbox 574 1113 649 1191; x_wconf 90' lang='lat' dir='ltr'><strong>pete</strong></span> <span class='ocrx_word' id='word_1_35' title='bbox 673 1102 842 1170; x_wconf 85' lang='lat' dir='ltr'><strong>cedentem</strong></span> <span class='ocrx_word' id='word_1_36' title='bbox 865 1111 942 1170; x_wconf 77' lang='lat' dir='ltr'><strong>aera</strong></span> <span class='ocrx_word' id='word_1_37' title='bbox 962 1102 1070 1183; x_wconf 87' lang='lat' dir='ltr'><strong>disoo;</strong></span> <span class='ocrx_word' id='word_1_38' title='bbox 1146 1079 1149 1086; x_wconf 38' lang='lat'><strong>¹</strong></span> 
     </span>
     <span class='ocr_line' id='line_1_7' title="bbox 197 1223 1011 1303; baseline -0.002 -11"><span class='ocrx_word' id='word_1_39' title='bbox 197 1225 278 1292; x_wconf 88' lang='lat' dir='ltr'><strong>Cum</strong></span> <span class='ocrx_word' id='word_1_40' title='bbox 299 1224 394 1292; x_wconf 81' lang='lat' dir='ltr'><strong>labor</strong></span> <span class='ocrx_word' id='word_1_41' title='bbox 415 1223 576 1292; x_wconf 84' lang='lat' dir='ltr'><strong>extuderit</strong></span> <span class='ocrx_word' id='word_1_42' title='bbox 597 1223 737 1303; x_wconf 82' lang='lat' dir='ltr'><strong>fastidia,</strong></span> <span class='ocrx_word' id='word_1_43' title='bbox 761 1225 881 1303; x_wconf 86' lang='lat' dir='ltr'><strong>siccus,</strong></span> <span class='ocrx_word' id='word_1_44' title='bbox 909 1225 1011 1292; x_wconf 88' lang='lat' dir='ltr'><strong>inanis</strong></span> 
     </span>
    </p>
   </div>
   <div class='ocr_carea' id='block_1_3' title="bbox 184 1363 1210 1510">
    <p class='ocr_par' dir='ltr' id='par_1_6' title="bbox 184 1363 1210 1510">
     <span class='ocr_line' id='line_1_8' title="bbox 221 1363 1210 1432; baseline 0.002 -15"><span class='ocrx_word' id='word_1_45' title='bbox 221 1368 245 1419; x_wconf 84' lang='lat' dir='ltr'><strong>ti.</strong></span> <span class='ocrx_word' id='word_1_46' title='bbox 264 1380 376 1431; x_wconf 70' lang='lat' dir='ltr'><strong>coruom</strong></span> <span class='ocrx_word' id='word_1_47' title='bbox 392 1381 416 1417; x_wconf 89' lang='lat' dir='ltr'><strong>o.</strong></span> <span class='ocrx_word' id='word_1_48' title='bbox 435 1393 465 1404; x_wconf 93' lang='lat'><em>-</em></span> <span class='ocrx_word' id='word_1_49' title='bbox 486 1366 525 1419; x_wconf 80' lang='lat' dir='ltr'><strong>tt.</strong></span> <span class='ocrx_word' id='word_1_50' title='bbox 545 1368 663 1418; x_wconf 63' lang='lat' dir='ltr'><strong>mutent</strong></span> <span class='ocrx_word' id='word_1_51' title='bbox 679 1380 748 1418; x_wconf 89' lang='lat' dir='ltr'><strong>corr.</strong></span> <span class='ocrx_word' id='word_1_52' title='bbox 767 1367 799 1428; x_wconf 87' lang='lat' dir='ltr'><strong>b,</strong></span> <span class='ocrx_word' id='word_1_53' title='bbox 826 1363 896 1432; x_wconf 81' lang='grc' dir='ltr'><strong>κμξ,</strong></span> <span class='ocrx_word' id='word_1_54' title='bbox 915 1367 987 1419; x_wconf 88' lang='lat' dir='ltr'><strong>unde</strong></span> <span class='ocrx_word' id='word_1_55' title='bbox 1007 1367 1131 1430; x_wconf 62' lang='grc' dir='ltr'><strong>αυριὼήι</strong></span> <span class='ocrx_word' id='word_1_56' title='bbox 1147 1380 1210 1419; x_wconf 87' lang='lat' dir='ltr'><strong>oum</strong></span> 
     </span>
     <span class='ocr_line' id='line_1_9' title="bbox 184 1441 962 1510; baseline -0.003 -16"><span class='ocrx_word' id='word_1_57' title='bbox 184 1443 324 1510; x_wconf 83' lang='lat' dir='ltr'><strong>Excerptis</strong></span> <span class='ocrx_word' id='word_1_58' title='bbox 340 1442 415 1494; x_wconf 87' lang='lat' dir='ltr'><strong>Bodl.</strong></span> <span class='ocrx_word' id='word_1_59' title='bbox 435 1441 577 1494; x_wconf 84' lang='lat' dir='ltr'><strong>Bentleius.</strong></span> <span class='ocrx_word' id='word_1_60' title='bbox 613 1443 653 1507; x_wconf 74' lang='lat' dir='ltr'><strong>(ut</strong></span> <span class='ocrx_word' id='word_1_61' title='bbox 669 1455 731 1504; x_wconf 87' lang='lat' dir='ltr'><strong>uos,</strong></span> <span class='ocrx_word' id='word_1_62' title='bbox 750 1443 802 1507; x_wconf 88' lang='lat' dir='ltr'><strong>Scp</strong></span> <span class='ocrx_word' id='word_1_63' title='bbox 821 1444 848 1493; x_wconf 91' lang='lat' dir='ltr'><strong>et</strong></span> <span class='ocrx_word' id='word_1_64' title='bbox 863 1455 904 1508; x_wconf 87' lang='lat' dir='ltr'><strong>pr.</strong></span> <span class='ocrx_word' id='word_1_65' title='bbox 924 1442 962 1505; x_wconf 82' lang='grc'><strong>4).)</strong></span> 
     </span>
    </p>
   </div>
   <div class='ocr_carea' id='block_1_4' title="bbox 146 1563 1305 4392">
    <p class='ocr_par' dir='ltr' id='par_1_7' title="bbox 146 1563 1305 4166">
     <span class='ocr_line' id='line_1_10' title="bbox 150 1563 1242 1631; baseline -0.001 -15"><span class='ocrx_word' id='word_1_66' title='bbox 150 1563 216 1626; x_wconf 86' lang='lat' dir='ltr'><strong>bril,</strong></span> <span class='ocrx_word' id='word_1_67' title='bbox 234 1565 391 1629; x_wconf 82' lang='lat' dir='ltr'><strong>priusquam</strong></span> <span class='ocrx_word' id='word_1_68' title='bbox 407 1565 469 1614; x_wconf 83' lang='lat' dir='ltr'><strong>vina</strong></span> <span class='ocrx_word' id='word_1_69' title='bbox 486 1567 515 1614; x_wconf 89' lang='lat' dir='ltr'><strong>et</strong></span> <span class='ocrx_word' id='word_1_70' title='bbox 530 1563 583 1615; x_wconf 91' lang='lat' dir='ltr'><strong>cibi</strong></span> <span class='ocrx_word' id='word_1_71' title='bbox 603 1577 681 1614; x_wconf 89' lang='lat' dir='ltr'><strong>men·</strong></span> <span class='ocrx_word' id='word_1_72' title='bbox 717 1563 814 1614; x_wconf 60' lang='lat' dir='ltr'><strong>edidis</strong></span> <span class='ocrx_word' id='word_1_73' title='bbox 822 1565 1105 1631; x_wconf 75' lang='lat' dir='ltr'><strong>scincet—praecori]</strong></span> <span class='ocrx_word' id='word_1_74' title='bbox 1116 1567 1242 1627; x_wconf 73' lang='lat' dir='ltr'><strong>«Graeco,</strong></span> 
     </span>
     <span class='ocr_line' id='line_1_11' title="bbox 150 1636 1244 1700; baseline -0.002 -8"><span class='ocrx_word' id='word_1_75' title='bbox 150 1641 184 1692; x_wconf 85' lang='lat' dir='ltr'><strong>tis</strong></span> <span class='ocrx_word' id='word_1_76' title='bbox 195 1639 285 1690; x_wconf 81' lang='lat' dir='ltr'><strong>eciem</strong></span> <span class='ocrx_word' id='word_1_77' title='bbox 297 1639 482 1689; x_wconf 76' lang='lat' dir='ltr'><strong>hebetarunt.»</strong></span> <span class='ocrx_word' id='word_1_78' title='bbox 496 1665 522 1676; x_wconf 89' lang='lat'>-</span> <span class='ocrx_word' id='word_1_79' title='bbox 532 1638 681 1700; x_wconf 65' lang='lat' dir='ltr'><strong>comptu]</strong></span> <span class='ocrx_word' id='word_1_80' title='bbox 717 1637 744 1689; x_wconf 94' lang='lat' dir='ltr'><strong>id</strong></span> <span class='ocrx_word' id='word_1_81' title='bbox 762 1640 816 1697; x_wconf 82' lang='lat' dir='ltr'><strong>est,</strong></span> <span class='ocrx_word' id='word_1_82' title='bbox 838 1636 957 1689; x_wconf 90' lang='lat' dir='ltr'><strong>molliore</strong></span> <span class='ocrx_word' id='word_1_83' title='bbox 974 1639 1056 1690; x_wconf 93' lang='lat' dir='ltr'><strong>modo</strong></span> <span class='ocrx_word' id='word_1_84' title='bbox 1072 1641 1163 1690; x_wconf 86' lang='lat' dir='ltr'><strong>vivere</strong></span> <span class='ocrx_word' id='word_1_85' title='bbox 1181 1654 1244 1691; x_wconf 91' lang='lat' dir='ltr'><strong>cor-</strong></span> 
     </span>
     <span class='ocr_line' id='line_1_12' title="bbox 151 1711 1245 1779; baseline 0.002 -15"><span class='ocrx_word' id='word_1_86' title='bbox 151 1715 278 1764; x_wconf 82' lang='lat' dir='ltr'><strong>Formam</strong></span> <span class='ocrx_word' id='word_1_87' title='bbox 295 1711 350 1764; x_wconf 90' lang='lat' dir='ltr'><strong>hoc</strong></span> <span class='ocrx_word' id='word_1_88' title='bbox 367 1725 432 1764; x_wconf 87' lang='lat' dir='ltr'><strong>sune</strong></span> <span class='ocrx_word' id='word_1_89' title='bbox 449 1711 581 1776; x_wconf 75' lang='lat' dir='ltr'><strong>generalis</strong></span> <span class='ocrx_word' id='word_1_90' title='bbox 598 1712 682 1764; x_wconf 77' lang='lat' dir='ltr'><strong>hebet</strong></span> <span class='ocrx_word' id='word_1_91' title='bbox 717 1725 821 1777; x_wconf 78' lang='lat' dir='ltr'><strong>pesque</strong></span> <span class='ocrx_word' id='word_1_92' title='bbox 839 1725 999 1772; x_wconf 58' lang='lat' dir='ltr'><strong>exercerem</strong></span> <span class='ocrx_word' id='word_1_93' title='bbox 1026 1715 1064 1764; x_wconf 87' lang='lat' dir='ltr'><strong>sio</strong></span> <span class='ocrx_word' id='word_1_94' title='bbox 1078 1717 1245 1779; x_wconf 69' lang='lat' dir='ltr'><strong>perpraeccrt</strong></span> 
     </span>
     <span class='ocr_line' id='line_1_13' title="bbox 151 1785 1243 1852; baseline -0.005 -13"><span class='ocrx_word' id='word_1_95' title='bbox 151 1789 315 1847; x_wconf 61' lang='lat' dir='ltr'><strong>sententiam</strong></span> <span class='ocrx_word' id='word_1_96' title='bbox 333 1799 429 1837; x_wconf 90' lang='lat' dir='ltr'><strong>verum</strong></span> <span class='ocrx_word' id='word_1_97' title='bbox 445 1787 472 1837; x_wconf 89' lang='lat' dir='ltr'><strong>h.</strong></span> <span class='ocrx_word' id='word_1_98' title='bbox 485 1785 503 1837; x_wconf 93' lang='lat' dir='ltr'><strong>l.</strong></span> <span class='ocrx_word' id='word_1_99' title='bbox 517 1800 570 1838; x_wconf 89' lang='lat' dir='ltr'><strong>non</strong></span> <span class='ocrx_word' id='word_1_100' title='bbox 587 1788 621 1838; x_wconf 85' lang='lat' dir='ltr'><strong>cd</strong></span> <span class='ocrx_word' id='word_1_101' title='bbox 633 1801 682 1852; x_wconf 90' lang='lat' dir='ltr'><strong>pe·</strong></span> <span class='ocrx_word' id='word_1_102' title='bbox 718 1788 760 1837; x_wconf 87' lang='lat' dir='ltr'><strong>est</strong></span> <span class='ocrx_word' id='word_1_103' title='bbox 783 1799 852 1850; x_wconf 83' lang='lat' dir='ltr'><strong>«per</strong></span> <span class='ocrx_word' id='word_1_104' title='bbox 876 1789 959 1836; x_wconf 83' lang='lat' dir='ltr'><strong>totam</strong></span> <span class='ocrx_word' id='word_1_105' title='bbox 982 1789 1089 1838; x_wconf 87' lang='lat' dir='ltr'><strong>noctem</strong></span> <span class='ocrx_word' id='word_1_106' title='bbox 1114 1791 1243 1852; x_wconf 53' lang='lat' dir='ltr'><strong>potare„</strong></span> 
     </span>
     <span class='ocr_line' id='line_1_14' title="bbox 151 1860 1244 1927; baseline 0.001 -14"><span class='ocrx_word' id='word_1_107' title='bbox 151 1863 261 1913; x_wconf 86' lang='lat' dir='ltr'><strong>cuniam</strong></span> <span class='ocrx_word' id='word_1_108' title='bbox 277 1861 407 1922; x_wconf 87' lang='lat' dir='ltr'><strong>retertur,</strong></span> <span class='ocrx_word' id='word_1_109' title='bbox 430 1860 480 1912; x_wconf 88' lang='lat' dir='ltr'><strong>sed</strong></span> <span class='ocrx_word' id='word_1_110' title='bbox 497 1861 532 1912; x_wconf 86' lang='lat' dir='ltr'><strong>od</strong></span> <span class='ocrx_word' id='word_1_111' title='bbox 547 1861 679 1913; x_wconf 83' lang='lat' dir='ltr'><strong>luxuriem</strong></span> <span class='ocrx_word' id='word_1_112' title='bbox 717 1860 801 1913; x_wconf 84' lang='lat' dir='ltr'><strong>Plaut.</strong></span> <span class='ocrx_word' id='word_1_113' title='bbox 820 1862 896 1912; x_wconf 88' lang='lat' dir='ltr'><strong>liost.</strong></span> <span class='ocrx_word' id='word_1_114' title='bbox 911 1862 938 1922; x_wconf 92' lang='grc'><strong>4,</strong></span> <span class='ocrx_word' id='word_1_115' title='bbox 958 1862 987 1922; x_wconf 89' lang='grc'><strong>4,</strong></span> <span class='ocrx_word' id='word_1_116' title='bbox 1005 1862 1046 1912; x_wconf 73' lang='lat' dir='ltr'><strong>il.</strong></span> <span class='ocrx_word' id='word_1_117' title='bbox 1065 1876 1244 1927; x_wconf 60' lang='lat' dir='ltr'><strong>ooopruecaru</strong></span> 
     </span>
     <span class='ocr_line' id='line_1_15' title="bbox 150 1934 1243 2001; baseline 0 -13"><span class='ocrx_word' id='word_1_118' title='bbox 150 1937 294 2000; x_wconf 81' lang='lat' dir='ltr'><strong>omnisque</strong></span> <span class='ocrx_word' id='word_1_119' title='bbox 313 1937 418 1999; x_wconf 79' lang='lat' dir='ltr'><strong>generis</strong></span> <span class='ocrx_word' id='word_1_120' title='bbox 436 1934 559 1996; x_wconf 87' lang='lat' dir='ltr'><strong>delicias,</strong></span> <span class='ocrx_word' id='word_1_121' title='bbox 583 1935 682 2000; x_wconf 84' lang='lat' dir='ltr'><strong>quibus</strong></span> <span class='ocrx_word' id='word_1_122' title='bbox 718 1935 1243 2001; x_wconf 74' lang='lat' dir='ltr'><strong>«potandoconsumerc,·riaut.encch.</strong></span> 
     </span>
     <span class='ocr_line' id='line_1_16' title="bbox 148 2009 1243 2077; baseline 0 -14"><span class='ocrx_word' id='word_1_123' title='bbox 148 2010 275 2062; x_wconf 83' lang='lat' dir='ltr'><strong>helnonis</strong></span> <span class='ocrx_word' id='word_1_124' title='bbox 289 2011 417 2060; x_wconf 92' lang='lat' dir='ltr'><strong>iudicium</strong></span> <span class='ocrx_word' id='word_1_125' title='bbox 433 2010 564 2061; x_wconf 88' lang='lat' dir='ltr'><strong>turbetur.</strong></span> <span class='ocrx_word' id='word_1_126' title='bbox 590 2038 617 2047; x_wconf 94' lang='lat'><em>-</em></span> <span class='ocrx_word' id='word_1_127' title='bbox 638 2012 683 2062; x_wconf 82' lang='lat' dir='ltr'><strong>La-</strong></span> <span class='ocrx_word' id='word_1_128' title='bbox 717 2009 747 2072; x_wconf 88' lang='lat' dir='ltr'><strong>l,</strong></span> <span class='ocrx_word' id='word_1_129' title='bbox 772 2009 803 2070; x_wconf 87' lang='grc'><strong>4,</strong></span> <span class='ocrx_word' id='word_1_130' title='bbox 830 2009 871 2060; x_wconf 84' lang='grc'><strong>94.</strong></span> <span class='ocrx_word' id='word_1_131' title='bbox 892 2037 919 2046; x_wconf 91' lang='lat'><strong>-</strong></span> <span class='ocrx_word' id='word_1_132' title='bbox 937 2023 981 2060; x_wconf 78' lang='lat' dir='ltr'><strong>seu</strong></span> <span class='ocrx_word' id='word_1_133' title='bbox 1001 2011 1057 2073; x_wconf 86' lang='lat' dir='ltr'><strong>pilu</strong></span> <span class='ocrx_word' id='word_1_134' title='bbox 1080 2011 1155 2062; x_wconf 72' lang='lat' dir='ltr'><strong>uelox</strong></span> <span class='ocrx_word' id='word_1_135' title='bbox 1179 2012 1243 2077; x_wconf 77' lang='lat' dir='ltr'><strong>cet]</strong></span> 
     </span>
     <span class='ocr_line' id='line_1_17' title="bbox 146 2083 1242 2150; baseline 0.003 -14"><span class='ocrx_word' id='word_1_136' title='bbox 146 2086 245 2150; x_wconf 68' lang='lat' dir='ltr'><strong>pomo]</strong></span> <span class='ocrx_word' id='word_1_137' title='bbox 259 2087 338 2136; x_wconf 80' lang='lat' dir='ltr'><strong>Grata</strong></span> <span class='ocrx_word' id='word_1_138' title='bbox 348 2084 505 2148; x_wconf 77' lang='lat' dir='ltr'><strong>negligentia</strong></span> <span class='ocrx_word' id='word_1_139' title='bbox 517 2083 682 2149; x_wconf 78' lang='lat' dir='ltr'><strong>aliquantum</strong></span> <span class='ocrx_word' id='word_1_140' title='bbox 718 2086 814 2136; x_wconf 79' lang='lat' dir='ltr'><strong>«Totus</strong></span> <span class='ocrx_word' id='word_1_141' title='bbox 825 2085 870 2134; x_wconf 88' lang='lat' dir='ltr'><strong>bic</strong></span> <span class='ocrx_word' id='word_1_142' title='bbox 879 2083 954 2135; x_wconf 87' lang='lat' dir='ltr'><strong>locus</strong></span> <span class='ocrx_word' id='word_1_143' title='bbox 965 2085 1070 2136; x_wconf 88' lang='lat' dir='ltr'><strong>videtur</strong></span> <span class='ocrx_word' id='word_1_144' title='bbox 1082 2083 1242 2139; x_wconf 73' lang='lat' dir='ltr'><strong>claudicare.</strong></span> 
     </span>
     <span class='ocr_line' id='line_1_18' title="bbox 149 2159 1246 2224; baseline 0.002 -13"><span class='ocrx_word' id='word_1_145' title='bbox 149 2162 289 2211; x_wconf 75' lang='lat' dir='ltr'><strong>mulcetue</strong></span> <span class='ocrx_word' id='word_1_146' title='bbox 299 2161 517 2212; x_wconf 83' lang='lat' dir='ltr'><strong>suntsententiae</strong></span> <span class='ocrx_word' id='word_1_147' title='bbox 529 2173 579 2224; x_wconf 89' lang='lat' dir='ltr'><strong>pro</strong></span> <span class='ocrx_word' id='word_1_148' title='bbox 589 2159 680 2224; x_wconf 78' lang='lat' dir='ltr'><strong>volga-</strong></span> <span class='ocrx_word' id='word_1_149' title='bbox 717 2172 781 2210; x_wconf 88' lang='lat' dir='ltr'><strong>nam</strong></span> <span class='ocrx_word' id='word_1_150' title='bbox 798 2160 916 2224; x_wconf 90' lang='lat' dir='ltr'><strong>primum</strong></span> <span class='ocrx_word' id='word_1_151' title='bbox 933 2160 960 2209; x_wconf 91' lang='lat' dir='ltr'><strong>in</strong></span> <span class='ocrx_word' id='word_1_152' title='bbox 976 2159 1018 2210; x_wconf 90' lang='lat' dir='ltr'><strong>his</strong></span> <span class='ocrx_word' id='word_1_153' title='bbox 1032 2160 1123 2212; x_wconf 87' lang='lat' dir='ltr'><strong>verbis</strong></span> <span class='ocrx_word' id='word_1_154' title='bbox 1133 2173 1177 2212; x_wconf 81' lang='lat' dir='ltr'><strong>seo</strong></span> <span class='ocrx_word' id='word_1_155' title='bbox 1188 2162 1246 2224; x_wconf 83' lang='lat' dir='ltr'><strong>pilu</strong></span> 
     </span>
     <span class='ocr_line' id='line_1_19' title="bbox 150 2232 1246 2298; baseline 0.003 -13"><span class='ocrx_word' id='word_1_156' title='bbox 150 2235 226 2286; x_wconf 89' lang='lat' dir='ltr'><strong>ribus</strong></span> <span class='ocrx_word' id='word_1_157' title='bbox 235 2235 287 2285; x_wconf 89' lang='lat' dir='ltr'><strong>his:</strong></span> <span class='ocrx_word' id='word_1_158' title='bbox 302 2235 464 2285; x_wconf 63' lang='lat' dir='ltr'><strong>:venatione</strong></span> <span class='ocrx_word' id='word_1_159' title='bbox 472 2236 499 2285; x_wconf 88' lang='lat' dir='ltr'><strong>et</strong></span> <span class='ocrx_word' id='word_1_160' title='bbox 508 2235 679 2298; x_wconf 85' lang='lat' dir='ltr'><strong>equitatione,</strong></span> <span class='ocrx_word' id='word_1_161' title='bbox 716 2235 790 2284; x_wconf 69' lang='lat' dir='ltr'><strong>veios</strong></span> <span class='ocrx_word' id='word_1_162' title='bbox 807 2232 1059 2298; x_wconf 80' lang='lat' dir='ltr'><strong>subintelligendum</strong></span> <span class='ocrx_word' id='word_1_163' title='bbox 1076 2248 1126 2286; x_wconf 88' lang='lat' dir='ltr'><strong>seu</strong></span> <span class='ocrx_word' id='word_1_164' title='bbox 1137 2249 1246 2288; x_wconf 88' lang='lat' dir='ltr'><strong>sumeu-</strong></span> 
     </span>
     <span class='ocr_line' id='line_1_20' title="bbox 151 2302 1244 2374; baseline 0.005 -16"><span class='ocrx_word' id='word_1_165' title='bbox 151 2311 210 2372; x_wconf 81' lang='lat' dir='ltr'><strong>aut,</strong></span> <span class='ocrx_word' id='word_1_166' title='bbox 232 2311 256 2360; x_wconf 92' lang='lat' dir='ltr'><strong>si</strong></span> <span class='ocrx_word' id='word_1_167' title='bbox 274 2309 325 2359; x_wconf 85' lang='lat' dir='ltr'><strong>boe</strong></span> <span class='ocrx_word' id='word_1_168' title='bbox 343 2311 462 2374; x_wconf 87' lang='lat' dir='ltr'><strong>corporis</strong></span> <span class='ocrx_word' id='word_1_169' title='bbox 479 2312 681 2363; x_wconf 82' lang='lat' dir='ltr'><strong>exercitationes</strong></span> <span class='ocrx_word' id='word_1_170' title='bbox 718 2309 782 2360; x_wconf 92' lang='lat' dir='ltr'><strong>dum</strong></span> <span class='ocrx_word' id='word_1_171' title='bbox 790 2302 850 2358; x_wconf 76' lang='grc' dir='ltr'><strong>ἀπὸ</strong></span> <span class='ocrx_word' id='word_1_172' title='bbox 861 2306 913 2360; x_wconf 79' lang='lat' dir='ltr'><strong>rori</strong></span> <span class='ocrx_word' id='word_1_173' title='bbox 926 2307 1026 2360; x_wconf 79' lang='grc' dir='ltr'><strong><em>κοινοῦ</em></strong></span> <span class='ocrx_word' id='word_1_174' title='bbox 1039 2311 1131 2374; x_wconf 71' lang='grc' dir='ltr'><strong><em>ωαρὶις</em></strong></span> <span class='ocrx_word' id='word_1_175' title='bbox 1145 2311 1244 2364; x_wconf 91' lang='lat' dir='ltr'><strong>deinde</strong></span> 
     </span>
     <span class='ocr_line' id='line_1_21' title="bbox 150 2383 1243 2449; baseline 0.005 -17"><span class='ocrx_word' id='word_1_176' title='bbox 150 2397 215 2434; x_wconf 83' lang='lat' dir='ltr'><strong>vere</strong></span> <span class='ocrx_word' id='word_1_177' title='bbox 232 2385 370 2434; x_wconf 74' lang='lat' dir='ltr'><strong>Romanae</strong></span> <span class='ocrx_word' id='word_1_178' title='bbox 391 2383 437 2433; x_wconf 91' lang='lat' dir='ltr'><strong>tibi</strong></span> <span class='ocrx_word' id='word_1_179' title='bbox 458 2385 546 2435; x_wconf 89' lang='lat' dir='ltr'><strong>minus</strong></span> <span class='ocrx_word' id='word_1_180' title='bbox 565 2384 679 2449; x_wconf 86' lang='lat' dir='ltr'><strong>placent,</strong></span> <span class='ocrx_word' id='word_1_181' title='bbox 717 2386 778 2448; x_wconf 85' lang='lat' dir='ltr'><strong>post</strong></span> <span class='ocrx_word' id='word_1_182' title='bbox 795 2385 867 2434; x_wconf 86' lang='lat' dir='ltr'><strong>inuno</strong></span> <span class='ocrx_word' id='word_1_183' title='bbox 882 2397 992 2438; x_wconf 84' lang='lat' dir='ltr'><strong>versum</strong></span> <span class='ocrx_word' id='word_1_184' title='bbox 1009 2385 1119 2435; x_wconf 78' lang='lat' dir='ltr'><strong>Molliter</strong></span> <span class='ocrx_word' id='word_1_185' title='bbox 1134 2391 1199 2437; x_wconf 74' lang='lat' dir='ltr'><strong>utut.</strong></span> <span class='ocrx_word' id='word_1_186' title='bbox 1213 2393 1243 2438; x_wconf 80' lang='lat' dir='ltr'><strong>si.</strong></span> 
     </span>
     <span class='ocr_line' id='line_1_22' title="bbox 150 2455 1244 2523; baseline 0.005 -16"><span class='ocrx_word' id='word_1_187' title='bbox 150 2457 220 2522; x_wconf 85' lang='lat' dir='ltr'><strong>pilae</strong></span> <span class='ocrx_word' id='word_1_188' title='bbox 228 2456 273 2508; x_wconf 85' lang='lat' dir='ltr'><strong>vel</strong></span> <span class='ocrx_word' id='word_1_189' title='bbox 281 2457 348 2508; x_wconf 86' lang='lat' dir='ltr'><strong>disci</strong></span> <span class='ocrx_word' id='word_1_190' title='bbox 359 2455 422 2508; x_wconf 93' lang='lat' dir='ltr'><strong>ludo</strong></span> <span class='ocrx_word' id='word_1_191' title='bbox 430 2457 552 2522; x_wconf 79' lang='lat' dir='ltr'><strong>fatigatus</strong></span> <span class='ocrx_word' id='word_1_192' title='bbox 562 2459 607 2509; x_wconf 91' lang='lat' dir='ltr'><strong>ubi</strong></span> <span class='ocrx_word' id='word_1_193' title='bbox 617 2459 680 2522; x_wconf 82' lang='lat' dir='ltr'><strong>eris,</strong></span> <span class='ocrx_word' id='word_1_194' title='bbox 716 2459 735 2523; x_wconf 75' lang='lat' dir='ltr'><strong>s.</strong></span> <span class='ocrx_word' id='word_1_195' title='bbox 748 2457 765 2508; x_wconf 88' lang='grc'><strong>4.</strong></span> <span class='ocrx_word' id='word_1_196' title='bbox 778 2458 1031 2523; x_wconf 79' lang='lat' dir='ltr'><strong>subintelligendum</strong></span> <span class='ocrx_word' id='word_1_197' title='bbox 1045 2460 1114 2510; x_wconf 83' lang='lat' dir='ltr'><strong>Lude</strong></span> <span class='ocrx_word' id='word_1_198' title='bbox 1126 2461 1195 2523; x_wconf 83' lang='lat' dir='ltr'><strong>pilu,</strong></span> <span class='ocrx_word' id='word_1_199' title='bbox 1214 2466 1244 2513; x_wconf 91' lang='lat' dir='ltr'><strong>ut</strong></span> 
     </span>
     <span class='ocr_line' id='line_1_23' title="bbox 152 2531 1244 2600; baseline 0.004 -18"><span class='ocrx_word' id='word_1_200' title='bbox 152 2535 216 2583; x_wconf 88' lang='lat' dir='ltr'><strong>tunc</strong></span> <span class='ocrx_word' id='word_1_201' title='bbox 242 2531 364 2582; x_wconf 84' lang='lat' dir='ltr'><strong>esuriens</strong></span> <span class='ocrx_word' id='word_1_202' title='bbox 396 2545 495 2596; x_wconf 89' lang='lat' dir='ltr'><strong>sperne</strong></span> <span class='ocrx_word' id='word_1_203' title='bbox 522 2534 559 2597; x_wconf 88' lang='lat' dir='ltr'><strong>(si</strong></span> <span class='ocrx_word' id='word_1_204' title='bbox 589 2536 679 2597; x_wconf 84' lang='lat' dir='ltr'><strong>potes;</strong></span> <span class='ocrx_word' id='word_1_205' title='bbox 718 2533 881 2597; x_wconf 81' lang='lat' dir='ltr'><strong>respondent</strong></span> <span class='ocrx_word' id='word_1_206' title='bbox 895 2535 933 2596; x_wconf 90' lang='lat' dir='ltr'><strong>ei,</strong></span> <span class='ocrx_word' id='word_1_207' title='bbox 952 2533 1025 2598; x_wconf 91' lang='lat' dir='ltr'><strong>quod</strong></span> <span class='ocrx_word' id='word_1_208' title='bbox 1037 2536 1172 2598; x_wconf 88' lang='lat' dir='ltr'><strong>sequitur,</strong></span> <span class='ocrx_word' id='word_1_209' title='bbox 1188 2543 1244 2600; x_wconf 85' lang='lat' dir='ltr'><strong>pete</strong></span> 
     </span>
     <span class='ocr_line' id='line_1_24' title="bbox 152 2606 1244 2672; baseline 0.004 -15"><span class='ocrx_word' id='word_1_210' title='bbox 152 2607 202 2658; x_wconf 87' lang='lat' dir='ltr'><strong>sed</strong></span> <span class='ocrx_word' id='word_1_211' title='bbox 227 2619 283 2656; x_wconf 93' lang='lat' dir='ltr'><strong>non</strong></span> <span class='ocrx_word' id='word_1_212' title='bbox 303 2608 412 2672; x_wconf 80' lang='lat' dir='ltr'><strong>poteris]</strong></span> <span class='ocrx_word' id='word_1_213' title='bbox 437 2606 527 2658; x_wconf 90' lang='lat' dir='ltr'><strong>oibnm</strong></span> <span class='ocrx_word' id='word_1_214' title='bbox 545 2621 577 2658; x_wconf 85' lang='lat' dir='ltr'><strong>oc</strong></span> <span class='ocrx_word' id='word_1_215' title='bbox 595 2609 682 2672; x_wconf 90' lang='lat' dir='ltr'><strong>potio-</strong></span> <span class='ocrx_word' id='word_1_216' title='bbox 717 2608 841 2658; x_wconf 73' lang='lat' dir='ltr'><strong>codettem</strong></span> <span class='ocrx_word' id='word_1_217' title='bbox 857 2611 923 2658; x_wconf 75' lang='lat' dir='ltr'><strong>otro</strong></span> <span class='ocrx_word' id='word_1_218' title='bbox 938 2609 1032 2658; x_wconf 70' lang='lat' dir='ltr'><strong>duco.»</strong></span> <span class='ocrx_word' id='word_1_219' title='bbox 1055 2609 1134 2660; x_wconf 71' lang='grc' dir='ltr'><strong>ιω.</strong></span> <span class='ocrx_word' id='word_1_220' title='bbox 1162 2613 1244 2662; x_wconf 83' lang='lat' dir='ltr'><strong>Prae-</strong></span> 
     </span>
     <span class='ocr_line' id='line_1_25' title="bbox 154 2679 1244 2748; baseline 0.004 -16"><span class='ocrx_word' id='word_1_221' title='bbox 154 2694 218 2732; x_wconf 89' lang='lat' dir='ltr'><strong>nem</strong></span> <span class='ocrx_word' id='word_1_222' title='bbox 235 2679 344 2732; x_wconf 83' lang='lat' dir='ltr'><strong>vilem.»</strong></span> <span class='ocrx_word' id='word_1_223' title='bbox 364 2709 392 2719; x_wconf 89' lang='grc'>-</span> <span class='ocrx_word' id='word_1_224' title='bbox 414 2683 437 2732; x_wconf 78' lang='lat' dir='ltr'><strong>si</strong></span> <span class='ocrx_word' id='word_1_225' title='bbox 461 2683 575 2732; x_wconf 73' lang='lat' dir='ltr'><strong>limone</strong></span> <span class='ocrx_word' id='word_1_226' title='bbox 589 2684 683 2747; x_wconf 66' lang='lat' dir='ltr'><strong>saecat</strong></span> <span class='ocrx_word' id='word_1_227' title='bbox 718 2685 792 2732; x_wconf 86' lang='lat' dir='ltr'><strong>terea</strong></span> <span class='ocrx_word' id='word_1_228' title='bbox 808 2681 976 2734; x_wconf 83' lang='lat' dir='ltr'><strong>anacolutbia</strong></span> <span class='ocrx_word' id='word_1_229' title='bbox 999 2685 1042 2734; x_wconf 84' lang='lat' dir='ltr'><strong>est</strong></span> <span class='ocrx_word' id='word_1_230' title='bbox 1065 2685 1092 2734; x_wconf 90' lang='lat' dir='ltr'><strong>in</strong></span> <span class='ocrx_word' id='word_1_231' title='bbox 1115 2697 1148 2735; x_wconf 93' lang='lat' dir='ltr'><strong>eo</strong></span> <span class='ocrx_word' id='word_1_232' title='bbox 1170 2686 1244 2748; x_wconf 87' lang='lat' dir='ltr'><strong>quod</strong></span> 
     </span>
     <span class='ocr_line' id='line_1_26' title="bbox 153 2755 1244 2823; baseline 0.001 -15"><span class='ocrx_word' id='word_1_233' title='bbox 153 2757 214 2822; x_wconf 83' lang='lat' dir='ltr'><strong>cet]</strong></span> <span class='ocrx_word' id='word_1_234' title='bbox 240 2755 365 2806; x_wconf 87' lang='lat' dir='ltr'><strong>Similiter</strong></span> <span class='ocrx_word' id='word_1_235' title='bbox 384 2759 557 2821; x_wconf 89' lang='lat' dir='ltr'><strong>opponuntur</strong></span> <span class='ocrx_word' id='word_1_236' title='bbox 584 2759 684 2808; x_wconf 75' lang='lat' dir='ltr'><strong>itoma-</strong></span> <span class='ocrx_word' id='word_1_237' title='bbox 719 2757 801 2808; x_wconf 85' lang='lat' dir='ltr'><strong>verba</strong></span> <span class='ocrx_word' id='word_1_238' title='bbox 815 2762 870 2820; x_wconf 80' lang='lat' dir='ltr'><strong>pete</strong></span> <span class='ocrx_word' id='word_1_239' title='bbox 886 2771 908 2807; x_wconf 86' lang='lat' dir='ltr'><strong>c.</strong></span> <span class='ocrx_word' id='word_1_240' title='bbox 921 2761 987 2808; x_wconf 74' lang='lat' dir='ltr'><strong>cero</strong></span> <span class='ocrx_word' id='word_1_241' title='bbox 1003 2759 1084 2819; x_wconf 86' lang='lat' dir='ltr'><strong>disco,</strong></span> <span class='ocrx_word' id='word_1_242' title='bbox 1106 2772 1175 2822; x_wconf 87' lang='lat' dir='ltr'><strong>quae</strong></span> <span class='ocrx_word' id='word_1_243' title='bbox 1193 2773 1244 2823; x_wconf 89' lang='lat' dir='ltr'><strong>per</strong></span> 
     </span>
     <span class='ocr_line' id='line_1_27' title="bbox 153 2831 1245 2896; baseline 0.002 -13"><span class='ocrx_word' id='word_1_244' title='bbox 153 2845 249 2884; x_wconf 88' lang='lat' dir='ltr'><strong>norum</strong></span> <span class='ocrx_word' id='word_1_245' title='bbox 275 2833 453 2895; x_wconf 79' lang='lat' dir='ltr'><strong>ingenuorum</strong></span> <span class='ocrx_word' id='word_1_246' title='bbox 479 2833 632 2895; x_wconf 84' lang='lat' dir='ltr'><strong>equitationi</strong></span> <span class='ocrx_word' id='word_1_247' title='bbox 656 2834 683 2882; x_wconf 85' lang='lat' dir='ltr'><strong>et</strong></span> <span class='ocrx_word' id='word_1_248' title='bbox 718 2831 874 2896; x_wconf 85' lang='lat' dir='ltr'><strong>perticulam</strong></span> <span class='ocrx_word' id='word_1_249' title='bbox 891 2833 931 2882; x_wconf 86' lang='lat' dir='ltr'><strong>uel</strong></span> <span class='ocrx_word' id='word_1_250' title='bbox 946 2833 1093 2883; x_wconf 87' lang='lat' dir='ltr'><strong>cohaerere</strong></span> <span class='ocrx_word' id='word_1_251' title='bbox 1107 2833 1245 2886; x_wconf 86' lang='lat' dir='ltr'><strong>debebant</strong></span> 
     </span>
     <span class='ocr_line' id='line_1_28' title="bbox 151 2907 1243 2972; baseline 0.001 -15"><span class='ocrx_word' id='word_1_252' title='bbox 151 2909 287 2959; x_wconf 87' lang='lat' dir='ltr'><strong>venationi</strong></span> <span class='ocrx_word' id='word_1_253' title='bbox 310 2908 419 2958; x_wconf 87' lang='lat' dir='ltr'><strong>trochus</strong></span> <span class='ocrx_word' id='word_1_254' title='bbox 440 2909 468 2958; x_wconf 87' lang='lat' dir='ltr'><strong>ei</strong></span> <span class='ocrx_word' id='word_1_255' title='bbox 487 2907 544 2959; x_wconf 84' lang='lat' dir='ltr'><strong>eleo</strong></span> <span class='ocrx_word' id='word_1_256' title='bbox 565 2909 682 2959; x_wconf 85' lang='lat' dir='ltr'><strong>Greeoo-</strong></span> <span class='ocrx_word' id='word_1_257' title='bbox 718 2921 780 2958; x_wconf 93' lang='lat' dir='ltr'><strong>cum</strong></span> <span class='ocrx_word' id='word_1_258' title='bbox 801 2908 946 2972; x_wconf 79' lang='lat' dir='ltr'><strong>participiis</strong></span> <span class='ocrx_word' id='word_1_259' title='bbox 967 2913 1073 2958; x_wconf 66' lang='lat' dir='ltr'><strong>secutus</strong></span> <span class='ocrx_word' id='word_1_260' title='bbox 1099 2911 1127 2958; x_wconf 91' lang='lat' dir='ltr'><strong>et</strong></span> <span class='ocrx_word' id='word_1_261' title='bbox 1150 2908 1243 2971; x_wconf 73' lang='lat' dir='ltr'><strong>lucau,</strong></span> 
     </span>
     <span class='ocr_line' id='line_1_29' title="bbox 152 2979 1243 3047; baseline 0.001 -14"><span class='ocrx_word' id='word_1_262' title='bbox 152 2995 213 3033; x_wconf 89' lang='lat' dir='ltr'><strong>rum</strong></span> <span class='ocrx_word' id='word_1_263' title='bbox 230 2982 279 3033; x_wconf 93' lang='lat' dir='ltr'><strong>0d.</strong></span> <span class='ocrx_word' id='word_1_264' title='bbox 293 2981 321 3042; x_wconf 82' lang='grc'><strong>3,</strong></span> <span class='ocrx_word' id='word_1_265' title='bbox 339 2981 386 3044; x_wconf 75' lang='lat' dir='ltr'><strong>tt,</strong></span> <span class='ocrx_word' id='word_1_266' title='bbox 405 2981 445 3034; x_wconf 79' lang='lat' dir='ltr'><strong>ti.</strong></span> <span class='ocrx_word' id='word_1_267' title='bbox 468 3010 495 3019; x_wconf 91' lang='lat'>—</span> <span class='ocrx_word' id='word_1_268' title='bbox 514 2983 615 3047; x_wconf 70' lang='lat' dir='ltr'><strong>llddia]</strong></span> <span class='ocrx_word' id='word_1_269' title='bbox 629 2983 682 3034; x_wconf 86' lang='lat' dir='ltr'><strong>Ve-</strong></span> <span class='ocrx_word' id='word_1_270' title='bbox 717 2981 751 3032; x_wconf 88' lang='lat' dir='ltr'><strong>eb</strong></span> <span class='ocrx_word' id='word_1_271' title='bbox 769 2982 811 3032; x_wconf 89' lang='lat' dir='ltr'><strong>his</strong></span> <span class='ocrx_word' id='word_1_272' title='bbox 827 2981 945 3045; x_wconf 81' lang='lat' dir='ltr'><strong>longiore</strong></span> <span class='ocrx_word' id='word_1_273' title='bbox 967 2979 1103 3032; x_wconf 85' lang='lat' dir='ltr'><strong>intervallo</strong></span> <span class='ocrx_word' id='word_1_274' title='bbox 1120 2985 1243 3046; x_wconf 82' lang='lat' dir='ltr'><strong>seperate</strong></span> 
     </span>
     <span class='ocr_line' id='line_1_30' title="bbox 153 3055 1245 3122; baseline 0 -14"><span class='ocrx_word' id='word_1_275' title='bbox 153 3059 224 3108; x_wconf 85' lang='lat' dir='ltr'><strong>natio</strong></span> <span class='ocrx_word' id='word_1_276' title='bbox 248 3057 284 3107; x_wconf 84' lang='lat' dir='ltr'><strong>ab</strong></span> <span class='ocrx_word' id='word_1_277' title='bbox 309 3056 423 3108; x_wconf 74' lang='lat' dir='ltr'><strong>Aristide</strong></span> <span class='ocrx_word' id='word_1_278' title='bbox 449 3057 519 3108; x_wconf 88' lang='lat' dir='ltr'><strong>Orat.</strong></span> <span class='ocrx_word' id='word_1_279' title='bbox 544 3059 569 3108; x_wconf 77' lang='lat' dir='ltr'><strong>i.</strong></span> <span class='ocrx_word' id='word_1_280' title='bbox 591 3071 618 3122; x_wconf 88' lang='lat' dir='ltr'><strong>p.</strong></span> <span class='ocrx_word' id='word_1_281' title='bbox 638 3059 679 3108; x_wconf 72' lang='lat'><strong>25.</strong></span> <span class='ocrx_word' id='word_1_282' title='bbox 717 3057 865 3107; x_wconf 87' lang='lat' dir='ltr'><strong>sententiae</strong></span> <span class='ocrx_word' id='word_1_283' title='bbox 878 3056 1054 3107; x_wconf 82' lang='lat' dir='ltr'><strong>intermediae</strong></span> <span class='ocrx_word' id='word_1_284' title='bbox 1066 3055 1195 3120; x_wconf 79' lang='lat' dir='ltr'><strong>epodcsin</strong></span> <span class='ocrx_word' id='word_1_285' title='bbox 1207 3057 1245 3108; x_wconf 89' lang='lat' dir='ltr'><strong>el·</strong></span> 
     </span>
     <span class='ocr_line' id='line_1_31' title="bbox 152 3127 1242 3204; baseline -0.004 -22"><span class='ocrx_word' id='word_1_286' title='bbox 152 3131 258 3204; x_wconf 73' lang='grc' dir='ltr'>μόριον</span> <span class='ocrx_word' id='word_1_287' title='bbox 275 3127 435 3198; x_wconf 72' lang='grc' dir='ltr'><strong><em>πολεμικῆς</em></strong></span> <span class='ocrx_word' id='word_1_288' title='bbox 443 3133 549 3198; x_wconf 78' lang='grc' dir='ltr'><strong><em>τέχνης</em></strong></span> <span class='ocrx_word' id='word_1_289' title='bbox 560 3135 679 3183; x_wconf 85' lang='lat' dir='ltr'><strong>vocetur.</strong></span> <span class='ocrx_word' id='word_1_290' title='bbox 717 3131 816 3180; x_wconf 85' lang='lat' dir='ltr'><strong>ficiunt.</strong></span> <span class='ocrx_word' id='word_1_291' title='bbox 845 3157 873 3167; x_wconf 95' lang='lat'><em>-</em></span> <span class='ocrx_word' id='word_1_292' title='bbox 900 3131 968 3195; x_wconf 75' lang='lat' dir='ltr'><strong>opit]</strong></span> <span class='ocrx_word' id='word_1_293' title='bbox 995 3131 1100 3192; x_wconf 78' lang='lat' dir='ltr'><strong>«ducit,</strong></span> <span class='ocrx_word' id='word_1_294' title='bbox 1131 3129 1242 3193; x_wconf 81' lang='lat' dir='ltr'><strong>allicit‚»</strong></span> 
     </span>
     <span class='ocr_line' id='line_1_32' title="bbox 153 3203 1242 3270; baseline -0.004 -12"><span class='ocrx_word' id='word_1_295' title='bbox 153 3206 300 3258; x_wconf 82' lang='lat' dir='ltr'><strong>llcnender</strong></span> <span class='ocrx_word' id='word_1_296' title='bbox 322 3209 424 3270; x_wconf 78' lang='lat' dir='ltr'><strong>Frugm.</strong></span> <span class='ocrx_word' id='word_1_297' title='bbox 446 3208 498 3258; x_wconf 89' lang='lat' dir='ltr'><strong>inc.</strong></span> <span class='ocrx_word' id='word_1_298' title='bbox 514 3208 575 3257; x_wconf 76' lang='lat'>297:</span> <span class='ocrx_word' id='word_1_299' title='bbox 602 3203 681 3258; x_wconf 71' lang='lat' dir='ltr'><strong>slezi-</strong></span> <span class='ocrx_word' id='word_1_300' title='bbox 717 3205 824 3254; x_wconf 65' lang='lat' dir='ltr'><strong>ooxbbt.</strong></span> <span class='ocrx_word' id='word_1_301' title='bbox 863 3206 917 3256; x_wconf 89' lang='lat' dir='ltr'><strong>Cio.</strong></span> <span class='ocrx_word' id='word_1_302' title='bbox 937 3219 986 3269; x_wconf 91' lang='lat' dir='ltr'><strong>pro</strong></span> <span class='ocrx_word' id='word_1_303' title='bbox 1012 3205 1109 3256; x_wconf 77' lang='lat' dir='ltr'><strong>Archia</strong></span> <span class='ocrx_word' id='word_1_304' title='bbox 1134 3207 1163 3268; x_wconf 86' lang='grc'><strong>7,</strong></span> <span class='ocrx_word' id='word_1_305' title='bbox 1192 3207 1242 3256; x_wconf 85' lang='grc'><strong>46;</strong></span> 
     </span>
     <span class='ocr_line' id='line_1_33' title="bbox 153 3277 1305 3354; baseline 0 -22"><span class='ocrx_word' id='word_1_306' title='bbox 153 3277 241 3354; x_wconf 72' lang='grc' dir='ltr'><strong>θερόν</strong></span> <span class='ocrx_word' id='word_1_307' title='bbox 263 3297 291 3332; x_wconf 78' lang='grc' dir='ltr'><strong>τι</strong></span> <span class='ocrx_word' id='word_1_308' title='bbox 316 3277 456 3348; x_wconf 76' lang='grc' dir='ltr'><em>τολμήσει</em></span> <span class='ocrx_word' id='word_1_309' title='bbox 481 3285 593 3343; x_wconf 76' lang='grc' dir='ltr'><strong>πονεῖν,</strong></span> <span class='ocrx_word' id='word_1_310' title='bbox 620 3281 680 3348; x_wconf 85' lang='grc' dir='ltr'><strong>Θη-</strong></span> <span class='ocrx_word' id='word_1_311' title='bbox 715 3281 782 3332; x_wconf 81' lang='lat' dir='ltr'><strong>liceo</strong></span> <span class='ocrx_word' id='word_1_312' title='bbox 795 3281 878 3331; x_wconf 82' lang='lat' dir='ltr'><strong>studio</strong></span> <span class='ocrx_word' id='word_1_313' title='bbox 894 3281 1087 3331; x_wconf 61' lang='lat' dir='ltr'><strong>adcurrentem</strong></span> <span class='ocrx_word' id='word_1_314' title='bbox 1103 3286 1183 3346; x_wconf 73' lang='lat' dir='ltr'><strong>opimi</strong></span> <span class='ocrx_word' id='word_1_315' title='bbox 1199 3281 1242 3346; x_wconf 86' lang='lat' dir='ltr'><strong>(al.</strong></span> <span class='ocrx_word' id='word_1_316' title='bbox 1298 3281 1305 3308; x_wconf 79' lang='grc'><strong>·”</strong></span> 
     </span>
     <span class='ocr_line' id='line_1_34' title="bbox 153 3349 1244 3427; baseline 0.002 -21"><span class='ocrx_word' id='word_1_317' title='bbox 153 3353 207 3427; x_wconf 76' lang='grc' dir='ltr'><strong>ρᾷν</strong></span> <span class='ocrx_word' id='word_1_318' title='bbox 215 3353 343 3420; x_wconf 73' lang='grc' dir='ltr'><strong>λέοντας,</strong></span> <span class='ocrx_word' id='word_1_319' title='bbox 353 3349 430 3407; x_wconf 80' lang='grc' dir='ltr'><strong><em>ὅπλα</em></strong></span> <span class='ocrx_word' id='word_1_320' title='bbox 440 3353 604 3420; x_wconf 80' lang='grc' dir='ltr'><em>βαστάζειν.</em></span> <span class='ocrx_word' id='word_1_321' title='bbox 612 3357 678 3421; x_wconf 86' lang='grc' dir='ltr'>Ερρ.</span> <span class='ocrx_word' id='word_1_322' title='bbox 716 3356 807 3421; x_wconf 74' lang='lat' dir='ltr'><strong>uiuet).</strong></span> <span class='ocrx_word' id='word_1_323' title='bbox 827 3385 856 3392; x_wconf 99' lang='lat'>-</span> <span class='ocrx_word' id='word_1_324' title='bbox 874 3357 984 3408; x_wconf 80' lang='lat' dir='ltr'><strong>Molliter</strong></span> <span class='ocrx_word' id='word_1_325' title='bbox 1000 3357 1063 3421; x_wconf 77' lang='lat' dir='ltr'><strong>oet]</strong></span> <span class='ocrx_word' id='word_1_326' title='bbox 1082 3357 1163 3407; x_wconf 76' lang='lat' dir='ltr'><strong>adum</strong></span> <span class='ocrx_word' id='word_1_327' title='bbox 1185 3358 1244 3408; x_wconf 85' lang='lat' dir='ltr'><strong>siu-</strong></span> 
     </span>
     <span class='ocr_line' id='line_1_35' title="bbox 154 3430 1240 3494; baseline 0 -12"><span class='ocrx_word' id='word_1_328' title='bbox 154 3433 225 3494; x_wconf 78' lang='lat' dir='ltr'><strong>t‚2,</strong></span> <span class='ocrx_word' id='word_1_329' title='bbox 238 3433 285 3482; x_wconf 83' lang='lat'><strong>65:</strong></span> <span class='ocrx_word' id='word_1_330' title='bbox 303 3434 432 3484; x_wconf 76' lang='lat' dir='ltr'><strong>venaticus</strong></span> <span class='ocrx_word' id='word_1_331' title='bbox 441 3459 457 3470; x_wconf 92' lang='lat'>-</span> <span class='ocrx_word' id='word_1_332' title='bbox 467 3459 482 3470; x_wconf 91' lang='lat'><em>-</em></span> <span class='ocrx_word' id='word_1_333' title='bbox 492 3433 587 3484; x_wconf 79' lang='lat' dir='ltr'><strong>Militat</strong></span> <span class='ocrx_word' id='word_1_334' title='bbox 602 3433 630 3481; x_wconf 80' lang='lat' dir='ltr'><strong>io</strong></span> <span class='ocrx_word' id='word_1_335' title='bbox 639 3433 682 3482; x_wconf 81' lang='lat' dir='ltr'><strong>tii·</strong></span> <span class='ocrx_word' id='word_1_336' title='bbox 716 3432 790 3482; x_wconf 89' lang='lat' dir='ltr'><strong>dium</strong></span> <span class='ocrx_word' id='word_1_337' title='bbox 806 3431 885 3482; x_wconf 87' lang='lat' dir='ltr'><strong>buius</strong></span> <span class='ocrx_word' id='word_1_338' title='bbox 902 3430 957 3482; x_wconf 88' lang='lat' dir='ltr'><strong>ludi</strong></span> <span class='ocrx_word' id='word_1_339' title='bbox 968 3435 1044 3494; x_wconf 77' lang='lat' dir='ltr'><strong>grato</strong></span> <span class='ocrx_word' id='word_1_340' title='bbox 1056 3432 1136 3484; x_wconf 93' lang='lat' dir='ltr'><strong>modo</strong></span> <span class='ocrx_word' id='word_1_341' title='bbox 1150 3431 1240 3494; x_wconf 79' lang='lat' dir='ltr'><strong>elficit,</strong></span> 
     </span>
     <span class='ocr_line' id='line_1_36' title="bbox 152 3505 1242 3570; baseline 0 -14"><span class='ocrx_word' id='word_1_342' title='bbox 152 3507 190 3556; x_wconf 74' lang='lat' dir='ltr'><strong>vir</strong></span> <span class='ocrx_word' id='word_1_343' title='bbox 206 3507 313 3557; x_wconf 66' lang='lat' dir='ltr'><strong>cautus.</strong></span> <span class='ocrx_word' id='word_1_344' title='bbox 343 3506 410 3558; x_wconf 83' lang='lat' dir='ltr'><strong>btule</strong></span> <span class='ocrx_word' id='word_1_345' title='bbox 427 3506 471 3558; x_wconf 88' lang='lat' dir='ltr'><strong>alii</strong></span> <span class='ocrx_word' id='word_1_346' title='bbox 496 3505 682 3556; x_wconf 87' lang='lat' dir='ltr'><strong>intellexerunt</strong></span> <span class='ocrx_word' id='word_1_347' title='bbox 711 3505 745 3556; x_wconf 87' lang='lat' dir='ltr'><strong>&#39;ut</strong></span> <span class='ocrx_word' id='word_1_348' title='bbox 759 3519 793 3556; x_wconf 87' lang='lat' dir='ltr'><strong>ne</strong></span> <span class='ocrx_word' id='word_1_349' title='bbox 805 3507 905 3556; x_wconf 82' lang='lat' dir='ltr'><strong>sentias</strong></span> <span class='ocrx_word' id='word_1_350' title='bbox 919 3505 1042 3570; x_wconf 85' lang='lat' dir='ltr'><strong>quidem,</strong></span> <span class='ocrx_word' id='word_1_351' title='bbox 1063 3519 1144 3569; x_wconf 86' lang='lat' dir='ltr'><strong>quom</strong></span> <span class='ocrx_word' id='word_1_352' title='bbox 1155 3508 1242 3569; x_wconf 81' lang='lat' dir='ltr'><strong>gravis</strong></span> 
     </span>
     <span class='ocr_line' id='line_1_37' title="bbox 153 3578 1241 3646; baseline -0.001 -15"><span class='ocrx_word' id='word_1_353' title='bbox 153 3593 235 3631; x_wconf 85' lang='lat' dir='ltr'><strong>sensu</strong></span> <span class='ocrx_word' id='word_1_354' title='bbox 257 3583 366 3646; x_wconf 90' lang='lat' dir='ltr'><strong>proprio</strong></span> <span class='ocrx_word' id='word_1_355' title='bbox 388 3583 422 3633; x_wconf 89' lang='lat' dir='ltr'><strong>de</strong></span> <span class='ocrx_word' id='word_1_356' title='bbox 447 3578 680 3631; x_wconf 78' lang='lat' dir='ltr'><strong>exercitationibus</strong></span> <span class='ocrx_word' id='word_1_357' title='bbox 716 3595 765 3644; x_wconf 92' lang='lat' dir='ltr'><strong>per</strong></span> <span class='ocrx_word' id='word_1_358' title='bbox 782 3593 812 3630; x_wconf 88' lang='lat' dir='ltr'><strong>se</strong></span> <span class='ocrx_word' id='word_1_359' title='bbox 830 3582 864 3631; x_wconf 90' lang='lat' dir='ltr'><strong>sit</strong></span> <span class='ocrx_word' id='word_1_360' title='bbox 880 3580 957 3631; x_wconf 91' lang='lat' dir='ltr'><strong>labor</strong></span> <span class='ocrx_word' id='word_1_361' title='bbox 973 3580 1042 3632; x_wconf 72' lang='lat' dir='ltr'><strong>ille.»</strong></span> <span class='ocrx_word' id='word_1_362' title='bbox 1064 3607 1088 3619; x_wconf 92' lang='lat'>-</span> <span class='ocrx_word' id='word_1_363' title='bbox 1106 3587 1163 3642; x_wconf 81' lang='lat' dir='ltr'><strong>pete</strong></span> <span class='ocrx_word' id='word_1_364' title='bbox 1179 3581 1241 3642; x_wconf 81' lang='lat' dir='ltr'><strong>cet]</strong></span> 
     </span>
     <span class='ocr_line' id='line_1_38' title="bbox 153 3653 1242 3715; baseline 0.001 -11"><span class='ocrx_word' id='word_1_365' title='bbox 153 3653 320 3706; x_wconf 84' lang='lat' dir='ltr'><strong>militaribus.</strong></span> <span class='ocrx_word' id='word_1_366' title='bbox 356 3655 409 3706; x_wconf 88' lang='lat' dir='ltr'><strong>Cir.</strong></span> <span class='ocrx_word' id='word_1_367' title='bbox 427 3655 483 3706; x_wconf 87' lang='lat' dir='ltr'><strong>Cio.</strong></span> <span class='ocrx_word' id='word_1_368' title='bbox 501 3655 535 3705; x_wconf 90' lang='lat' dir='ltr'><strong>de</strong></span> <span class='ocrx_word' id='word_1_369' title='bbox 553 3657 584 3704; x_wconf 85' lang='lat' dir='ltr'><strong>N.</strong></span> <span class='ocrx_word' id='word_1_370' title='bbox 601 3655 632 3704; x_wconf 86' lang='grc' dir='ltr'><strong>Ι).</strong></span> <span class='ocrx_word' id='word_1_371' title='bbox 648 3655 678 3715; x_wconf 77' lang='lat'><strong>2,</strong></span> <span class='ocrx_word' id='word_1_372' title='bbox 716 3657 783 3706; x_wconf 71' lang='lat' dir='ltr'><strong>«boo</strong></span> <span class='ocrx_word' id='word_1_373' title='bbox 800 3655 880 3706; x_wconf 91' lang='lat' dir='ltr'><strong>modo</strong></span> <span class='ocrx_word' id='word_1_374' title='bbox 898 3659 925 3706; x_wconf 89' lang='lat' dir='ltr'><strong>te</strong></span> <span class='ocrx_word' id='word_1_375' title='bbox 937 3669 1060 3706; x_wconf 77' lang='lat' dir='ltr'><strong>exerce.»</strong></span> <span class='ocrx_word' id='word_1_376' title='bbox 1087 3655 1182 3705; x_wconf 83' lang='lat' dir='ltr'><strong>Addita</strong></span> <span class='ocrx_word' id='word_1_377' title='bbox 1194 3668 1242 3705; x_wconf 82' lang='lat' dir='ltr'><strong>eu-</strong></span> 
     </span>
     <span class='ocr_line' id='line_1_39' title="bbox 154 3728 1242 3792; baseline -0.003 -11"><span class='ocrx_word' id='word_1_378' title='bbox 154 3728 198 3789; x_wconf 78' lang='lat' dir='ltr'><strong>iil,</strong></span> <span class='ocrx_word' id='word_1_379' title='bbox 218 3731 280 3779; x_wconf 86' lang='lat' dir='ltr'><strong>ltil:</strong></span> <span class='ocrx_word' id='word_1_380' title='bbox 298 3731 353 3780; x_wconf 70' lang='lat' dir='ltr'><strong>loen</strong></span> <span class='ocrx_word' id='word_1_381' title='bbox 370 3743 428 3780; x_wconf 83' lang='lat' dir='ltr'><strong>vero</strong></span> <span class='ocrx_word' id='word_1_382' title='bbox 444 3729 566 3780; x_wconf 82' lang='lat' dir='ltr'><strong>immanes</strong></span> <span class='ocrx_word' id='word_1_383' title='bbox 576 3733 600 3778; x_wconf 84' lang='lat' dir='ltr'><strong>et</strong></span> <span class='ocrx_word' id='word_1_384' title='bbox 612 3728 681 3792; x_wconf 76' lang='lat' dir='ltr'><strong>serus</strong></span> <span class='ocrx_word' id='word_1_385' title='bbox 715 3733 770 3781; x_wconf 88' lang='lat' dir='ltr'><strong>tem</strong></span> <span class='ocrx_word' id='word_1_386' title='bbox 787 3731 893 3780; x_wconf 71' lang='lat' dir='ltr'><strong>redemit</strong></span> <span class='ocrx_word' id='word_1_387' title='bbox 903 3732 973 3780; x_wconf 75' lang='lat' dir='ltr'><strong>otiis</strong></span> <span class='ocrx_word' id='word_1_388' title='bbox 989 3730 1104 3791; x_wconf 83' lang='lat' dir='ltr'><strong>imagine</strong></span> <span class='ocrx_word' id='word_1_389' title='bbox 1116 3729 1242 3792; x_wconf 84' lang='lat' dir='ltr'><strong>vitatpe·</strong></span> 
     </span>
     <span class='ocr_line' id='line_1_40' title="bbox 153 3801 1241 3864; baseline -0.005 -10"><span class='ocrx_word' id='word_1_390' title='bbox 153 3803 246 3854; x_wconf 73' lang='lat' dir='ltr'><strong>bellum</strong></span> <span class='ocrx_word' id='word_1_391' title='bbox 264 3806 434 3855; x_wconf 63' lang='lat' dir='ltr'><strong>modwinus·</strong></span> <span class='ocrx_word' id='word_1_392' title='bbox 451 3806 578 3864; x_wconf 76' lang='lat' dir='ltr'><strong>uetando,</strong></span> <span class='ocrx_word' id='word_1_393' title='bbox 603 3808 633 3852; x_wconf 81' lang='lat' dir='ltr'><strong>ut</strong></span> <span class='ocrx_word' id='word_1_394' title='bbox 657 3809 681 3854; x_wconf 85' lang='lat' dir='ltr'><strong>et</strong></span> <span class='ocrx_word' id='word_1_395' title='bbox 715 3805 812 3855; x_wconf 88' lang='lat' dir='ltr'><strong>destris</strong></span> <span class='ocrx_word' id='word_1_396' title='bbox 830 3817 868 3854; x_wconf 92' lang='lat' dir='ltr'><strong>or.</strong></span> <span class='ocrx_word' id='word_1_397' title='bbox 889 3803 1020 3854; x_wconf 85' lang='lat' dir='ltr'><strong>colorem:</strong></span> <span class='ocrx_word' id='word_1_398' title='bbox 1043 3801 1120 3853; x_wconf 73' lang='lat' dir='ltr'><strong>«lude</strong></span> <span class='ocrx_word' id='word_1_399' title='bbox 1138 3802 1241 3853; x_wconf 82' lang='lat' dir='ltr'><strong>disco.»</strong></span> 
     </span>
     <span class='ocr_line' id='line_1_41' title="bbox 152 3878 1241 3931; baseline 0.002 -5"><span class='ocrx_word' id='word_1_400' title='bbox 152 3891 284 3929; x_wconf 66' lang='lat' dir='ltr'><strong>coxam</strong></span> <span class='ocrx_word' id='word_1_401' title='bbox 306 3880 339 3929; x_wconf 81' lang='lat' dir='ltr'><strong>iis</strong></span> <span class='ocrx_word' id='word_1_402' title='bbox 349 3884 378 3930; x_wconf 81' lang='lat' dir='ltr'><strong>et</strong></span> <span class='ocrx_word' id='word_1_403' title='bbox 402 3893 567 3930; x_wconf 76' lang='lat' dir='ltr'><strong>eoorceomur</strong></span> <span class='ocrx_word' id='word_1_404' title='bbox 591 3879 618 3928; x_wconf 87' lang='lat' dir='ltr'><strong>io</strong></span> <span class='ocrx_word' id='word_1_405' title='bbox 633 3892 679 3929; x_wconf 83' lang='lat' dir='ltr'><strong>oe-</strong></span> <span class='ocrx_word' id='word_1_406' title='bbox 715 3879 788 3930; x_wconf 80' lang='lat' dir='ltr'><strong>Orn&#39;d.</strong></span> <span class='ocrx_word' id='word_1_407' title='bbox 807 3881 834 3931; x_wconf 90' lang='lat' dir='ltr'><strong>in</strong></span> <span class='ocrx_word' id='word_1_408' title='bbox 850 3879 925 3930; x_wconf 89' lang='lat' dir='ltr'><strong>ibide</strong></span> <span class='ocrx_word' id='word_1_409' title='bbox 942 3880 1004 3930; x_wconf 79' lang='lat' dir='ltr'><strong>tei:</strong></span> <span class='ocrx_word' id='word_1_410' title='bbox 1034 3878 1103 3928; x_wconf 77' lang='lat' dir='ltr'><strong>Ae&#39;ru</strong></span> <span class='ocrx_word' id='word_1_411' title='bbox 1125 3879 1147 3927; x_wconf 77' lang='lat' dir='ltr'><strong>si</strong></span> <span class='ocrx_word' id='word_1_412' title='bbox 1167 3879 1241 3928; x_wconf 77' lang='lat' dir='ltr'><strong>misto</strong></span> 
     </span>
     <span class='ocr_line' id='line_1_42' title="bbox 152 3952 1239 4016; baseline 0 -12"><span class='ocrx_word' id='word_1_413' title='bbox 152 3955 236 4004; x_wconf 78' lang='lat' dir='ltr'><strong>nendo</strong></span> <span class='ocrx_word' id='word_1_414' title='bbox 256 3954 292 4004; x_wconf 83' lang='lat' dir='ltr'><strong>ud</strong></span> <span class='ocrx_word' id='word_1_415' title='bbox 314 3955 500 4005; x_wconf 64' lang='lat' dir='ltr'><strong>mortum</strong></span> <span class='ocrx_word' id='word_1_416' title='bbox 523 3954 623 4004; x_wconf 72' lang='lat' dir='ltr'><strong>bellium</strong></span> <span class='ocrx_word' id='word_1_417' title='bbox 638 3954 679 4003; x_wconf 85' lang='lat' dir='ltr'><strong>di-</strong></span> <span class='ocrx_word' id='word_1_418' title='bbox 713 3954 835 4016; x_wconf 76' lang='lat' dir='ltr'><strong>liquidum</strong></span> <span class='ocrx_word' id='word_1_419' title='bbox 850 3953 1078 4004; x_wconf 69' lang='lat' dir='ltr'><strong>ueuaoucuioo.</strong></span> <span class='ocrx_word' id='word_1_420' title='bbox 1102 3954 1166 4003; x_wconf 86' lang='lat' dir='ltr'><strong>Stat.</strong></span> <span class='ocrx_word' id='word_1_421' title='bbox 1178 3952 1239 4004; x_wconf 84' lang='lat' dir='ltr'><strong>Silv.</strong></span> 
     </span>
     <span class='ocr_line' id='line_1_43' title="bbox 151 4027 1178 4093; baseline -0.002 -14"><span class='ocrx_word' id='word_1_422' title='bbox 151 4029 279 4090; x_wconf 63' lang='lat' dir='ltr'><strong>cipimue.</strong></span> <span class='ocrx_word' id='word_1_423' title='bbox 298 4027 679 4093; x_wconf 76' lang='lat' dir='ltr'><strong>Plin.Puneg.8l:Oiimboec</strong></span> <span class='ocrx_word' id='word_1_424' title='bbox 713 4029 747 4090; x_wconf 85' lang='grc'><strong>3,</strong></span> <span class='ocrx_word' id='word_1_425' title='bbox 763 4030 791 4088; x_wconf 91' lang='grc'><strong>4,</strong></span> <span class='ocrx_word' id='word_1_426' title='bbox 810 4030 872 4079; x_wconf 80' lang='lat' dir='ltr'><strong>tte:</strong></span> <span class='ocrx_word' id='word_1_427' title='bbox 891 4027 977 4078; x_wconf 75' lang='lat' dir='ltr'><strong>uulda</strong></span> <span class='ocrx_word' id='word_1_428' title='bbox 994 4028 1061 4077; x_wconf 80' lang='lat' dir='ltr'><strong>disco</strong></span> <span class='ocrx_word' id='word_1_429' title='bbox 1075 4029 1178 4091; x_wconf 70' lang='lat' dir='ltr'><strong>findere.</strong></span> 
     </span>
     <span class='ocr_line' id='line_1_44' title="bbox 152 4103 679 4166; baseline 0 -13"><span class='ocrx_word' id='word_1_430' title='bbox 152 4103 308 4165; x_wconf 70' lang='lat' dir='ltr'><strong>superiectio</strong></span> <span class='ocrx_word' id='word_1_431' title='bbox 322 4105 468 4164; x_wconf 77' lang='lat' dir='ltr'><strong>iweottttis,</strong></span> <span class='ocrx_word' id='word_1_432' title='bbox 486 4105 548 4154; x_wconf 84' lang='lat' dir='ltr'><strong>bueo</strong></span> <span class='ocrx_word' id='word_1_433' title='bbox 562 4105 679 4166; x_wconf 80' lang='lat' dir='ltr'><strong>uoluptas</strong></span> 
     </span>
    </p>

    <p class='ocr_par' dir='ltr' id='par_1_8' title="bbox 151 4175 1240 4392">
     <span class='ocr_line' id='line_1_45' title="bbox 152 4175 1240 4243; baseline 0.002 -16"><span class='ocrx_word' id='word_1_434' title='bbox 152 4183 221 4239; x_wconf 63' lang='lat' dir='ltr'><strong>oct,</strong></span> <span class='ocrx_word' id='word_1_435' title='bbox 239 4179 278 4228; x_wconf 80' lang='lat' dir='ltr'><strong>bis</strong></span> <span class='ocrx_word' id='word_1_436' title='bbox 287 4178 384 4229; x_wconf 74' lang='lat' dir='ltr'><strong>crtibro</strong></span> <span class='ocrx_word' id='word_1_437' title='bbox 399 4179 481 4243; x_wconf 72' lang='lat' dir='ltr'><strong>poert</strong></span> <span class='ocrx_word' id='word_1_438' title='bbox 497 4179 677 4230; x_wconf 69' lang='lat' dir='ltr'><strong>docmimbue-</strong></span> <span class='ocrx_word' id='word_1_439' title='bbox 746 4175 974 4242; x_wconf 68' lang='lat' dir='ltr'><strong>ll-lSeutuderit]</strong></span> <span class='ocrx_word' id='word_1_440' title='bbox 983 4188 1025 4241; x_wconf 87' lang='lat' dir='ltr'><strong>pr.</strong></span> <span class='ocrx_word' id='word_1_441' title='bbox 1035 4175 1240 4229; x_wconf 71' lang='lat' dir='ltr'><strong>«tundendore-</strong></span> 
     </span>
     <span class='ocr_line' id='line_1_46' title="bbox 152 4251 1239 4319; baseline 0 -17"><span class='ocrx_word' id='word_1_442' title='bbox 152 4251 256 4314; x_wconf 71' lang='lat' dir='ltr'><strong>banno,</strong></span> <span class='ocrx_word' id='word_1_443' title='bbox 267 4259 271 4266; x_wconf 86' lang='grc'><strong>“</strong></span> <span class='ocrx_word' id='word_1_444' title='bbox 282 4257 382 4304; x_wconf 74' lang='lat' dir='ltr'><strong>ocrim</strong></span> <span class='ocrx_word' id='word_1_445' title='bbox 397 4267 455 4305; x_wconf 81' lang='lat' dir='ltr'><strong>com</strong></span> <span class='ocrx_word' id='word_1_446' title='bbox 469 4253 601 4319; x_wconf 61' lang='lat' dir='ltr'><strong>timoribus</strong></span> <span class='ocrx_word' id='word_1_447' title='bbox 616 4253 677 4316; x_wconf 72' lang='lat' dir='ltr'><strong>ferit</strong></span> <span class='ocrx_word' id='word_1_448' title='bbox 712 4253 836 4314; x_wconf 82' lang='lat' dir='ltr'><strong>moverit,</strong></span> <span class='ocrx_word' id='word_1_449' title='bbox 855 4265 918 4302; x_wconf 87' lang='lat' dir='ltr'><strong>cum</strong></span> <span class='ocrx_word' id='word_1_450' title='bbox 929 4253 955 4301; x_wconf 84' lang='lat' dir='ltr'><strong>ri</strong></span> <span class='ocrx_word' id='word_1_451' title='bbox 966 4253 1139 4315; x_wconf 66' lang='lat' dir='ltr'><strong>excusserit»</strong></span> <span class='ocrx_word' id='word_1_452' title='bbox 1152 4255 1182 4304; x_wconf 91' lang='lat' dir='ltr'><strong>ut</strong></span> <span class='ocrx_word' id='word_1_453' title='bbox 1192 4254 1239 4302; x_wconf 84' lang='lat' dir='ltr'><strong>Se·</strong></span> 
     </span>
     <span class='ocr_line' id='line_1_47' title="bbox 151 4326 1237 4392; baseline -0.002 -14"><span class='ocrx_word' id='word_1_454' title='bbox 151 4338 237 4390; x_wconf 76' lang='lat' dir='ltr'><strong>curm,</strong></span> <span class='ocrx_word' id='word_1_455' title='bbox 262 4341 321 4378; x_wconf 75' lang='lat' dir='ltr'><strong>m</strong></span> <span class='ocrx_word' id='word_1_456' title='bbox 337 4329 476 4380; x_wconf 63' lang='lat' dir='ltr'><strong>caducum</strong></span> <span class='ocrx_word' id='word_1_457' title='bbox 490 4329 592 4390; x_wconf 81' lang='lat' dir='ltr'><strong>robore,</strong></span> <span class='ocrx_word' id='word_1_458' title='bbox 618 4341 676 4378; x_wconf 72' lang='lat' dir='ltr'><strong>utro</strong></span> <span class='ocrx_word' id='word_1_459' title='bbox 711 4326 938 4392; x_wconf 73' lang='lat' dir='ltr'><strong>neanpist.lie:</strong></span> <span class='ocrx_word' id='word_1_460' title='bbox 958 4327 1237 4378; x_wconf 59' lang='lat' dir='ltr'><strong>ocimo-necessitati</strong></span> 
     </span>
    </p>
   </div>
   <div class='ocr_carea' id='block_1_5' title="bbox 237 4417 1050 4468">
    <p class='ocr_par' dir='ltr' id='par_1_9' title="bbox 237 4417 1050 4468">
     <span class='ocr_line' id='line_1_48' title="bbox 237 4417 1050 4468; baseline 0 -3"><span class='ocrx_word' id='word_1_461' title='bbox 237 4419 330 4468; x_wconf 79' lang='lat' dir='ltr'><strong>iiomr.</strong></span> <span class='ocrx_word' id='word_1_462' title='bbox 345 4431 401 4467; x_wconf 80' lang='lat' dir='ltr'><strong>ron.</strong></span> <span class='ocrx_word' id='word_1_463' title='bbox 418 4421 446 4467; x_wconf 92' lang='lat' dir='ltr'><strong>ll.</strong></span> <span class='ocrx_word' id='word_1_464' title='bbox 476 4431 516 4467; x_wconf 79' lang='lat' dir='ltr'><strong>rb.</strong></span> <span class='ocrx_word' id='word_1_465' title='bbox 532 4431 584 4467; x_wconf 77' lang='lat' dir='ltr'><strong>uir.</strong></span> <span class='ocrx_word' id='word_1_466' title='bbox 600 4419 638 4465; x_wconf 92' lang='lat' dir='ltr'><strong>lii.</strong></span> <span class='ocrx_word' id='word_1_467' title='bbox 1022 4417 1050 4465; x_wconf 88' lang='grc'><strong>44</strong></span> 
     </span>
    </p>
   </div>
   <div class='ocr_carea' id='block_1_6' title="bbox 0 0 1562 4968">
    <p class='ocr_par' dir='ltr' id='par_1_10' title="bbox 0 0 1562 4968">
     <span class='ocr_line' id='line_1_49' title="bbox 0 0 1562 4968; baseline 0 0"><span class='ocrx_word' id='word_1_468' title='bbox 0 0 1562 4968; x_wconf 95' lang='lat' dir='ltr'><strong> </strong></span> 
     </span>
    </p>
   </div>
  </div>
 </body>
</html>
