3156 4972
622 398 682 447 nra.
702 398 733 447 n.
769 399 837 449 sir.
857 399 887 450 v.
1241 401 1303 467 295

259 549 393 638 Accipe,
418 571 482 638 qua
506 552 628 636 ratione
651 573 753 639 queas
776 553 946 620 ditescere.
992 555 1117 622 Turdus
1259 559 1300 624 l0

257 673 332 739 Sive
355 671 443 738 aliud
466 673 592 760 privum
615 672 743 739 dabitur
765 674 837 747 tibi,
861 674 992 742 devolet
1013 675 1101 753 illuo,

257 797 321 861 lies
342 793 399 859 ubi
421 815 536 882 magna
559 795 638 860 nitet
659 795 791 862 domino
814 815 908 874 sene,
931 795 1038 863 dulcia
1060 817 1156 884 poma

232 987 235 995 ,
257 916 296 980 Et
320 935 536 1002 quoscunque
558 915 639 982 ieret
660 915 765 982 cultus
787 915 843 982 tihi
868 916 987 984 fundus
1009 917 1149 986 honores

257 1037 337 1102 huie
360 1038 475 1102 Larem
497 1045 603 1124 gustet
623 1036 839 1104 venerabilior
860 1039 941 1104 Lare
964 1038 1071 1118 dives;

258 1157 320 1238 Qui
343 1159 491 1244 quamuis
513 1159 663 1245 periurus
685 1159 759 1234 erit,
784 1159 854 1225 sine
878 1169 987 1247 gente,
1012 1171 1164 1228 cruentus
1261 1164 1301 1228 45

258 1279 421 1367 Sanguine
443 1279 596 1356 fraterno,
621 1278 785 1367 fugitivus,
809 1302 851 1347 ne
876 1291 982 1348 tamen
1005 1281 1048 1346 illi

259 1401 305 1465 Tu
328 1420 439 1466 comes
461 1401 616 1475 exterior,
641 1401 668 1466 si
690 1401 843 1488 postulet,
874 1404 922 1470 ire
945 1423 1088 1472 recuses.

281 1570 322 1620 u.
341 1570 439 1631 ainau
454 1571 483 1621 a.
505 1595 532 1606 -
549 1572 661 1632 pamm
677 1584 704 1634 p.
726 1599 753 1607 -
773 1573 812 1622 44.
832 1573 883 1622 sm
899 1557 1152 1626 aasumensi.
1173 1603 1201 1611 -
1226 1575 1265 1626 rs.

247 1647 286 1710 ne]
304 1659 350 1696 nea
366 1647 400 1706 E,
418 1659 469 1696 non
487 1659 621 1710 supersor.
640 1659 672 1696 ne
688 1647 713 1694 S.

136 1805 145 1818 ·
214 1807 277 1844 cum
294 1792 446 1845 Scholiastie
467 1794 600 1858 iungenda
617 1797 679 1845 sunt
694 1808 737 1844 vv.
776 1796 851 1859 quasi
880 1795 1035 1846 condicione
1065 1809 1151 1860 eoque
1179 1795 1298 1858 oonsilio,

211 1869 294 1920 missia
310 1868 457 1932 4444494444
472 1869 561 1931 Accipe
577 1872 629 1920 eet.
660 1869 741 1920 «Weit
776 1872 806 1919 ut
829 1873 856 1920 tu
877 1869 949 1920 solus
968 1884 1000 1921 eo
1025 1871 1129 1932 iruare,
1156 1883 1208 1922 non
1235 1870 1301 1923 alius

212 1945 248 1994 aa
264 1945 329 1993 donn
344 1957 392 1992 nor
407 1943 452 1992 der
468 1943 570 1993 amnuth
587 1945 640 1994 eine
656 1958 682 1994 so
698 1957 740 2008 94-
776 1941 884 2008 aliquis,
905 1945 1073 1996 nihilominus
1095 1947 1124 1995 tn
1145 1944 1243 1996 donato
1260 1945 1302 1996 di·

210 2019 316 2082 mattiae
330 2018 414 2082 suraht
434 2018 502 2078 hart,
526 2031 554 2068 so
569 2019 623 2068 mitt
643 2019 682 2068 ich
699 2020 740 2069 dir
776 2019 852 2069 viti.»
892 2018 939 2069 Alii
968 2021 1057 2071 minus
1085 2023 1146 2084 apte
1176 2022 1299 2084 iungunt:

212 2095 275 2144 ohne
291 2093 449 2156 mnschwaise
468 2105 558 2157 44944,
586 2094 636 2156 aas
649 2094 740 2144 welche
775 2094 968 2157 alindpriuum,
988 2093 1080 2156 idest,
1093 2096 1218 2156 utniunt,
1233 2095 1303 2146 uexi-

213 2175 256 2219 art
268 2167 381 2218 dureiah
390 2168 491 2217 weram
500 2167 617 2218 kannei.»
631 2169 736 2218 Hanrsr.
776 2168 886 2218 mium.»
899 2194 925 2204 -
941 2169 1041 2232 deuolat]
1056 2169 1124 2219 «cito
1137 2169 1300 2231 deseramne

214 2247 253 2294 Ne
279 2246 370 2294 autem
396 2243 422 2292 44
448 2242 566 2292 offendat
594 2242 738 2292 verborum
775 2243 933 2307 metaphora
950 2245 1081 2308 sumptae
1099 2245 1181 2294 turdo.
1202 2271 1228 2280 -
1248 2244 1303 2294 dui·

211 2317 363 2377 oollooatio,
387 2316 457 2367 coni.
495 2316 542 2366 Od.
563 2316 591 2378 4,
620 2317 664 2378 ti,
690 2318 735 2368 26:
774 2317 986 2382 deportarent]
1005 2319 1108 2382 Eppt,
1129 2319 1152 2380 4,
1172 2319 1216 2368 77:
1236 2317 1301 2368 Sunt

209 2395 398 2456 Niprorumque
430 2405 538 2451 memor,
573 2393 633 2440 dum
665 2392 738 2454 44444,
775 2393 818 2454 qai
835 2392 930 2442 Cratetis
946 2397 969 2442 et
982 2393 1065 2454 parnis
1080 2393 1302 2443 uiduarumentm·

209 2469 309 2532 4944444
325 2467 401 2514 Mism
410 2465 542 2514 stultitiam
557 2467 666 2516 4444444444
682 2467 739 2518 bre-
774 2479 871 2516 avaras
886 2467 1072 2528 Excipiamque
1088 2480 1163 2516 senas.

209 2557 280 2602 ama,
302 2539 349 2590 ubi
365 2553 409 2589 vv.
427 2539 561 2603 prioribus
583 2540 738 2604 interposita
809 2541 896 2590 43-49.
915 2542 1027 2606 honores]
1045 2542 1074 2590 ut
1086 2541 1133 2592 0d.
1148 2542 1176 2602 4,
1191 2541 1233 2600 ti,
1253 2541 1297 2591 ⁴6:

210 2618 272 2666 (4444
297 2614 353 2664 iicet
381 2612 415 2662 eb
444 2613 567 2664 omnibus
595 2615 739 2678 iunguntur
774 2616 848 2665 Ruris
864 2615 999 2678 nonomen,
1019 2614 1297 2666 «imatusiaeiosn—

210 2704 275 2742 enm
292 2688 449 2752 imperativo
465 2689 550 2737 Misce.
586 2687 634 2738 Alii
652 2687 738 2752 expli·
773 2689 835 2738 Ante
858 2689 956 2752 Larem]
977 2690 1163 2740 aCousuetudo
1185 2689 1245 2749 luit,
1272 2691 1302 2740 ui

209 2767 285 2818 caut:
305 2763 451 2823 «Quoniam
470 2762 566 2824 (missis
578 2762 737 2826 ambagibus
774 2777 866 2814 rerum
882 2765 1013 2828 primitiae
1032 2764 1072 2814 dis
1090 2763 1202 2814 Laribus
1219 2775 1301 2827 pone·

209 2842 263 2890 boc
275 2837 430 2898 dictumsit)
445 2837 736 2900 pauperiemhorres;»
774 2839 892 2888 rentur.»
922 2840 1014 2888 Poura.
1045 2836 1181 2898 Tibulli,
1201 2837 1231 2898 4,
1253 2837 1298 2886 43;

209 2915 240 2964 ut
256 2911 425 2977 parenthesis
442 2910 476 2959 ad
496 2911 649 2961 universam
666 2911 737 2960 reie-
773 2913 806 2962 Et
826 2913 988 2974 quodounque
1013 2911 1074 2960 milii
1095 2924 1199 2974 pomum
1222 2925 1301 2961 novies

208 2991 285 3038 retur
305 2986 526 3051 propositionem.
562 2985 601 3036 Ci.
621 2987 687 3050 Epp.
707 2987 734 3046 t,
774 2988 863 3036 educat
879 3000 973 3048 annm,
992 2986 1108 3036 Libatum
1119 2985 1301 3050 4944444494-

209 3065 239 3125 7,
258 3063 304 3112 82:
327 3062 365 3110 Ne
377 3064 399 3109 te
410 3060 490 3123 444944
500 3059 647 3123 444ιὸ494444
657 3061 736 3119 44444,
774 3062 843 3110 nitur
860 3065 918 3110 anta
935 3061 987 3109 deo.
1004 3087 1030 3095 -
1045 3061 1097 3109 siue
1113 3059 1192 3124 94444]
1212 3061 1300 3122 riguo·

210 3140 295 3200 044444
310 3135 371 3186 satis
388 3139 435 3196 est,
461 3147 554 3184 morer.
575 3161 602 3170 -
622 3148 674 3196 qua
690 3148 737 3184 ra-
774 3135 847 3195 bilis,
880 3136 937 3185 sine
963 3133 1115 3204 nobilitate,
1145 3133 1298 3194 libertinum

208 3211 356 3274 tianensi]
375 3209 597 3273 heredipetarum
614 3212 686 3260 aries
705 3223 737 3260 aa
775 3223 837 3261 nam
860 3211 916 3260 sine
939 3211 1018 3272 gente
1041 3207 1182 3258 libertinis
1213 3209 1297 3258 Coun.

210 3290 288 3351 turpe
314 3285 451 3336 servitium
478 3297 531 3333 non
558 3285 615 3334 sine
645 3298 736 3336 amara
775 3286 853 3342 Cano.
888 3284 943 3334 Cio.
964 3285 1028 3347 Top.
1050 3283 1080 3345 6,
1111 3283 1158 3332 29ι
1194 3283 1300 3332 Gentiles

209 3362 292 3412 ironia
305 3358 434 3410 describit
445 3359 623 3419 Hieronymus
636 3360 683 3424 Ep.
694 3361 734 3412 52.
774 3364 830 3409 sunt
846 3359 912 3408 inter
928 3371 966 3421 se,
984 3359 1029 3420 qui
1039 3360 1123 3408 eodan
1133 3357 1232 3408 omnine
1242 3362 1300 3406 sunt

207 3450 235 3501 p.
254 3435 312 3486 ast.
326 3431 391 3483 Vall.
407 3460 434 3470 -
450 3433 553 3496 Turdus]
572 3433 646 3484 Ovid.
659 3436 689 3484 Α.
704 3437 734 3485 Α.
775 3434 872 3497 (Titius,
886 3433 1072 3497 Sempronius,
1086 3430 1244 3494 Cornelius);
1256 3432 1300 3492 qui

208 3512 239 3572 Ξ,
258 3509 325 3558 269:
352 3508 515 3570 Quinetiam
538 3508 659 3568 turdoque
682 3508 737 3558 iicet
773 3507 805 3558 ab
829 3508 944 3570 44944444
968 3507 1069 3557 oriundi
1093 3512 1162 3566 4444,
1192 3518 1300 3569 quorum

207 3585 334 3645 missaque
350 3581 464 3632 aalmnba
489 3581 519 3631 Te
539 3595 673 3632 mammem
690 3584 736 3632 do-
772 3583 899 3632 maiarum
922 3595 994 3632 nenio
1019 3583 1160 3632 servitutem
1182 3580 1298 3638 servivit,

207 3659 294 3710 mnae
316 3657 445 3722 testificere
469 3661 536 3706 turae.
566 3681 593 3692 -
618 3657 734 3720 prinum]
773 3657 815 3719 qui
832 3657 913 3718 eapite
929 3671 981 3706 non
996 3661 1054 3706 sant
1071 3655 1197 3706 deminuti.
1219 3681 1246 3689 -
1259 3653 1299 3716 pir-

209 3733 390 3798 ·proprinm,n
403 3731 644 3795 hinoprr'viirpium.
671 3729 733 3780 Geli.
771 3731 871 3795 9444444]
891 3729 981 3790 «olim,
1001 3742 1063 3779 cum
1075 3729 1232 3780 servitutem
1244 3741 1300 3779 ser-

209 3811 255 3870 ro,
274 3809 327 3858 4οι
358 3807 454 3858 Veteres
473 3807 573 3869 priua
598 3807 734 3868 dixerunt,
771 3805 867 3854 viret.»
888 3832 915 3840 -
934 3803 1053 3867 anterior]
1073 3803 1247 3863 «sinisterior,
1270 3803 1298 3852 in

207 3896 274 3946 quae
301 3895 347 3932 nos
373 3881 496 3945 4449444
524 3882 636 3932 dieimm.
682 3882 735 3944 Qua
772 3880 877 3930 sinistra
894 3881 971 3944 parte
988 3879 1117 3943 positus.»
1146 3879 1207 3928 hon.
1229 3904 1256 3912 -
1278 3877 1300 3927 si

205 3949 282 4009 aerbo
307 3956 417 4007 Lucilius
438 3955 465 4004 in
488 3955 572 4018 prium
589 3955 736 4004 Satirarum
768 3955 888 4016 postulet]
913 3953 951 4004 «si
974 3952 1046 4002 domi
1069 3965 1135 4002 suae
1158 3952 1184 4001 te
1207 3949 1299 4002 iubeat

208 4030 287 4095 (Gerl.
306 4044 333 4094 p.
354 4031 389 4094 ³.)
407 4043 467 4080 rasus
491 4035 541 4080 est:
567 4029 736 4083 abdomina
773 4043 866 4080 secum
889 4029 915 4078 in
941 4026 1078 4092 publicum
1104 4026 1224 4090 prodire,
1251 4025 1299 4076 ubi

207 4106 322 4166 thurini
354 4103 604 4155 Advenientibus
631 4103 736 4166 priva
772 4103 848 4154 aliter
865 4116 948 4167 prope
966 4101 1023 4152 lieri
1041 4101 1147 4165 nequit,
1171 4113 1253 4166 quem
1269 4102 1300 4151 ut

207 4180 287 4230 dabo
308 4179 547 4242 aephataeaoue
563 4179 732 4230 aeharnae.
773 4176 851 4229 simul
869 4174 1011 4240 intelliges,
1034 4177 1060 4226 44
1078 4175 1205 4226 comitem
1223 4175 1298 4226 exie-

208 4256 251 4305 «Si
269 4253 333 4318 quid
350 4252 385 4304 ab
403 4255 489 4304 amico
507 4252 554 4304 tibi
571 4253 685 4306 donatnr
703 4267 734 4304 ea
772 4255 873 4303 riorem
888 4263 948 4302 esse
960 4249 1074 4310 debere3
1094 4249 1209 4314 alioquin
1226 4249 1298 4310 enim
