3130 4966
605 458 665 507 LlB.
684 458 703 507 l.
739 459 806 507 ΕΔΤ.
825 459 844 507 l.

229 612 406 682 Reticulum
428 611 521 700 panis
543 612 675 679 venales
698 612 780 680 inter
804 625 921 680 onusto

226 739 319 804 Forte
341 733 443 802 vehas
464 733 616 811 humero,
639 733 738 800 nihilo
759 734 833 822 plus
855 736 997 822 accipias
1020 755 1118 824 quam

225 857 286 937 Qui
309 857 352 922 nil
376 857 519 945 portarit.
564 855 620 922 Vcl
642 855 711 932 dic,
735 855 816 944 quid
837 855 957 922 relcrat
978 857 1058 923 intra

224 981 363 1046 Naturae
387 977 468 1044 fines
490 978 625 1054 viventi,
650 979 762 1065 iugera
783 987 913 1044 centum
934 999 975 1044 an
1229 981 1270 1043 50

224 1102 307 1168 llillc
329 1102 424 1168 aret?
443 1103 482 1166 ht
503 1121 604 1166 suave
627 1110 739 1166 estex
761 1120 877 1188 magno
900 1099 1013 1168 tollere
1036 1121 1163 1168 acerve.

223 1227 306 1290 Dum
329 1245 370 1290 cx
391 1244 493 1312 parvo
515 1223 608 1290 nohis
631 1221 817 1289 tantundem
839 1221 969 1290 haurirc
992 1221 1170 1312 relinquas,

223 1347 290 1413 Cur
310 1357 366 1412 tua
388 1344 461 1432 plus
483 1343 597 1412 laudes
620 1343 761 1411 cumeris
784 1345 933 1430 granaria
954 1345 1100 1411 nostris?

222 1467 262 1536 Ut
282 1467 340 1534 tihi
363 1467 389 1534 si
413 1467 454 1532 sit
475 1487 559 1554 opus
581 1465 694 1554 liquidi
718 1486 784 1531 non
806 1465 944 1554 amplius
966 1487 1047 1534 urna

244 1675 285 1727 49.
312 1676 425 1739 conferat
447 1673 511 1725 Cld.
538 1675 619 1752 Faue,
647 1673 724 1738 prob.
749 1675 865 1738 Doering
887 1675 914 1724 iu
942 1673 1068 1724 Edmin.
1090 1697 1117 1710 -
1137 1675 1178 1725 440.
1196 1677 1236 1724 44-

209 1753 290 1802 veriis
307 1750 452 1802 Chahotius
470 1751 600 1813 Cuningh
621 1749 734 1812 ternos,
753 1747 882 1813 BbScdp.)

179 1938 385 2003 -acc--ptaa]
404 1937 477 1988 idem
493 1937 704 2000 iereatqueaeo
741 1935 794 1993 rci;
822 1931 948 1996 singulari
971 1933 1035 1986 item
1056 1933 1179 1985 iloratiua
1204 1936 1230 1985 h.
1249 1933 1266 1986 l.

177 2013 264 2080 plus.»
303 2012 356 2063 Cir.
376 2011 409 2062 de
436 2025 487 2063 usu
505 2025 538 2090 y.
557 2011 602 2060 4444
628 2007 705 2060 Hand
742 2021 804 2059 cum
822 2007 911 2058 dativo
934 2021 1080 2073 personae,
1106 2021 1188 2072 quern
1206 2023 1268 2062 cum

175 2090 253 2139 Tura.
267 2089 309 2138 ill.
323 2100 384 2151 pag.
397 2087 438 2138 94.
454 2111 480 2123 -
495 2101 527 2136 cc
536 2087 615 2149 44444]
627 2099 705 2148 mcum
741 2085 874 2134 Diinizcro
892 2083 1011 2134 dativum
1026 2084 1161 2135 commodi
1175 2083 1269 2150 appel-

175 2161 289 2213 aliorum
302 2161 386 2212 codd.
404 2159 519 2224 volgaris
539 2163 581 2212 est
597 2159 702 2210 modus.
740 2157 779 2209 les
795 2157 865 2210 licet.
888 2159 1008 2222 Conferat
1023 2160 1064 2210 cst
1080 2173 1113 2208 cx
1130 2157 1221 2222 gloss,
1241 2161 1269 2210 ct

175 2237 263 2288 Etiam
281 2238 334 2286 Sat.
347 2238 376 2296 2,
396 2235 424 2296 3,
443 2237 504 2287 270:
530 2236 607 2286 nihilo
621 2233 704 2298 ptris-
741 2233 852 2298 quidem
864 2231 939 2294 salso,
958 2246 1020 2283 cum
1032 2234 1163 2284 sententia
1176 2235 1267 2297 requi-

175 2325 214 2362 44.
254 2311 330 2362 Coni.
355 2309 439 2375 Epod.
464 2312 510 2372 45,
536 2313 561 2360 5.
597 2311 650 2360 Sat.
672 2309 702 2370 4,
740 2310 782 2357 rat
799 2309 942 2370 «4444444444,
962 2321 1015 2358 uon
1034 2307 1181 2373 «expediat,
1203 2322 1268 2373 pro-

174 2387 202 2446 4,
215 2387 260 2436 24.
280 2387 309 2446 2,
323 2387 351 2446 7,
364 2386 405 2436 90.
421 2414 448 2422 -
466 2386 606 2436 4444444444
618 2384 703 2447 puch]
740 2381 800 2432 sit.»
821 2409 848 2418 —
873 2383 945 2433 intro
968 2387 1077 2432 44444444
1099 2383 1162 2448 tinas
1185 2385 1269 2436 viuere

173 2461 268 2510 iuven.
282 2461 326 2520 40,
345 2460 385 2510 00.
404 2461 474 2510 inter
491 2461 591 2511 itineris
608 2459 704 2510 44444444-
740 2459 782 2508 444
804 2471 837 2508 cx
861 2458 991 2509 sententia
1016 2457 1122 2522 Epicuri
1142 2456 1267 2525 μηδενὸς

174 2537 282 2584 menia:
301 2548 359 2584 4444
374 2536 485 2584 reticulis
496 2541 519 2584 ot
533 2549 602 2598 pane
612 2539 636 2584 at
646 2548 704 2584 4444-
739 2527 796 2581 τῶν
812 2525 978 2598 ἀναγκαίων
994 2529 1099 2595 ἐνδεεῖς
1118 2529 1267 2585 καθεστά-

173 2615 212 2660 44
231 2609 343 2674 hernac.
378 2607 427 2672 (Er
441 2607 521 2660 latino
533 2623 558 2659 v.
571 2609 703 2659 rationalium
739 2621 786 2657 ναι
805 2607 886 2671 (Diog.
907 2609 993 2658 Laart.
1007 2609 1053 2668 40,
1073 2608 1124 2670 40.)
1143 2611 1170 2658 44
1186 2607 1265 2659 illud:

174 2687 267 2734 ortum
284 2683 389 2734 ridetur
409 2679 543 2735 Gallorum
560 2685 701 2746 ridicula,
739 2677 773 2731 τὸ
794 2679 849 2748 μὲν
870 2678 998 2744 φυσικὸν
1020 2678 1077 2732 πᾶν
1094 2676 1267 2755 εὐπόριστόν

173 2774 217 2810 acc
242 2760 260 2809 d
283 2757 416 2822 owruye.)
445 2762 552 2822 ,4444444444
576 2761 703 2810 4444444444
739 2755 826 2808 ἐστιν.
846 2756 921 2822 (ibid.
941 2757 1007 2820 430.)
1028 2785 1055 2794 --
1069 2757 1174 2809 haurire
1190 2761 1268 2810 relin-

175 2833 333 2896 (servorum)
360 2833 407 2883 tibi
438 2833 509 2897 finge
533 2835 631 2885 herum
656 2848 702 2886 rus
740 2831 810 2895 qaas]
838 2829 1003 2891 «concedas,
1031 2834 1061 2881 ut
1085 2833 1266 2885 hauriamus.»

174 2910 285 2960 euntem
301 2906 344 2958 vel
357 2909 408 2958 4444
419 2907 561 2959 facientem
573 2921 701 2972 scqueus;
741 2933 768 2942 -
787 2906 902 2970 4444444]
922 2905 1070 2956 «Cancrum
1087 2907 1199 2958 dicimus
1217 2923 1264 2961 vas

174 2985 245 3033 inter
261 2983 312 3033 hos
323 2980 365 3032 alii
376 2983 456 3033 variis
467 2981 626 3033 utensilibus
638 2996 703 3034 44444-
739 2982 833 3044 ingens
847 2981 1001 3042 vimineum,
1021 2983 1047 3032 in
1060 2995 1113 3045 quo
1131 2981 1265 3034 frumenta

174 3059 206 3108 sti
231 3059 308 3118 sunt,
335 3071 403 3107 unus
426 3057 507 3108 etiam
529 3058 557 3107 in
573 3056 700 3118 reticulo,
739 3055 898 3106 conduntur.
935 3056 977 3105 Sic
994 3054 1133 3120 ipscalibi.
1148 3057 1222 3123 (Epp.
1238 3059 1265 3120 4,

174 3131 274 3196 quihus
296 3130 353 3181 Itali
374 3145 423 3196 pro
445 3133 532 3182 saccis
549 3133 701 3182 etiamnunc
738 3131 769 3191 7,
787 3131 838 3194 30.)
863 3131 923 3179 Sive
940 3143 1057 3180 camerac
1069 3131 1192 3182 dicuutur
1203 3146 1266 3184 vasa

174 3207 293 3266 utuntur,
307 3219 405 3270 panem
417 3208 513 3271 portat,
526 3221 560 3258 ne
572 3204 642 3257 male
655 3219 702 3256 co-
738 3203 826 3254 fictilia
844 3203 937 3255 similia
960 3203 1047 3266 doliis,
1078 3205 1123 3256 ubi
1146 3206 1266 3258 frumcn-

174 3283 234 3330 ctus
250 3279 294 3330 vci
310 3279 447 3344 lapidosus
459 3279 555 3332 alicubi
570 3280 701 3332 emendus
739 3283 796 3331 tum
822 3292 900 3330 suum
928 3277 1095 3343 reponebant
1123 3280 1264 3344 agricolae.

174 3355 216 3414 sit,
236 3355 418 3406 cumintcrim
430 3356 623 3419 symphoniaci,
640 3369 702 3406 ana·
738 3356 826 3407 Tertio
848 3367 965 3406 cwncrct
987 3355 1111 3407 dicuntur
1127 3371 1191 3408 vasa
1214 3357 1266 3408 mi-

173 3427 703 3495 gnostaa,scribac,dispcusatores,pin·
739 3445 817 3492 nora,
845 3443 914 3495 quac
938 3432 1046 3496 capiunt
1068 3433 1187 3497 quinque
1209 3433 1265 3484 sive

173 3501 343 3552 cernaenihil
355 3503 594 3568 humerisgcstant,
605 3503 701 3557 cadem
738 3519 786 3558 sex
797 3505 912 3566 modios,
926 3519 995 3568 quae
1007 3505 1094 3570 lingua
1107 3508 1265 3560 Sabinorum

174 3578 267 3628 lamen
288 3576 339 3628 suh
362 3577 460 3628 edendi
484 3581 605 3643 tempora
630 3581 703 3631 4444-
737 3581 871 3631 4444444444
882 3581 1031 3631 dicuntum
1066 3585 1161 3632 honor.
1181 3583 1266 3634 Hodie

172 3651 250 3715 piunt
272 3651 355 3702 diaria
377 3667 409 3704 ac
426 3654 510 3706 miser
526 3652 568 3704 ille
587 3653 700 3705 baiulus.
738 3653 832 3716 sicuti,
851 3657 898 3719 qui
916 3655 1012 3706 talibus
1024 3657 1176 3708 etiamnunc
1189 3659 1267 3708 utun-

205 3725 306 3777 l9-53.
341 3728 605 3793 rascrct--viventi]
633 3729 702 3779 Cum
738 3733 791 3792 444,
810 3743 856 3780 444
873 3733 971 3781 vocant
987 3729 1111 3792 4444444444,
1130 3731 1268 3794 quiacon-

174 3799 269 3864 triplex
290 3801 325 3852 sit
348 3799 425 3852 solita
446 3803 525 3854 huius
542 3801 619 3852 verbi
636 3815 703 3852 con·
739 3806 864 3857 ficiuntur
888 3818 919 3855 ex
948 3803 1142 3854 harundinibus
1167 3805 1264 3867 sectis,

173 3875 303 3924 structio:
329 3875 407 3938 refert
432 3875 568 3936 ahsolutc;
594 3877 640 3926 hoc
659 3890 703 3926 rc-
740 3893 809 3944 quac
827 3879 946 3944 undique
958 3879 1102 3930 viminibus
1115 3880 1264 3944 cinguntur.
1337 3873 1340 3882 ’

172 3945 236 4008 sart·
252 3947 298 4000 hoc
306 3963 372 4011 44444,
391 3955 438 4000 tac
453 3952 542 4014 rasert3
566 3949 639 4001 velut
655 3953 703 4000 Sa·
772 3953 861 4006 54-59.
880 3955 978 4020 thaidi]
998 3968 1125 4017 «aquae»,
1144 3957 1173 4006 ut
1190 3956 1264 4006 Ouid.

174 4022 233 4074 luat.
258 4024 313 4088 lug.
340 4025 402 4075 lli:
429 4025 573 4089 faciendam
595 4025 701 4089 aliquid,
740 4029 843 4090 Malli,
864 4029 925 4081 tta:
944 4030 1083 4093 loquentem
1100 4030 1266 4092 Cmnliquido

174 4099 240 4159 quod
262 4099 364 4150 illorum
385 4101 467 4164 mucis
489 4113 567 4161 qaam
582 4115 629 4150 444
650 4107 703 4152 rct-
739 4107 823 4156 4444444
846 4106 976 4168 pertundit
1005 4108 1064 4157 44444
1088 4107 1206 4170 polenta,
1239 4109 1266 4156 el

174 4175 257 4226 4444444
271 4175 412 4235 videntum
437 4175 561 4240 singulari
580 4175 703 4242 exemplo
740 4181 833 4230 Gracci
842 4177 922 4246 νᾶμα
930 4184 1010 4246 atquc
1021 4176 1118 4253 ὑγρόν.
1132 4181 1263 4234 Plutarch.

176 4245 282 4300 Plautus
299 4250 377 4301 Truc.
397 4250 427 4311 2,
455 4250 493 4312 4,·
511 4251 557 4302 4οε
586 4253 644 4314 quoi
665 4253 703 4302 rei
739 4253 899 4306 devitando
917 4268 980 4307 aere
998 4255 1068 4307 444.
1088 4257 1122 4308 dc
1140 4249 1264 4318 444444εὴ

176 4323 202 4372 id
211 4329 235 4374 44
246 4324 396 4376 assimulare
406 4325 521 4376 rettulit?
538 4340 600 4378 cum
613 4327 703 4378 dativo
739 4333 886 4398 κεραμῖτις
903 4327 960 4396 (γῆ)
972 4357 986 4367 -
998 4357 1013 4368 -
1024 4331 1117 4396 στέγει
1134 4327 1264 4400 44444444-
