3082 4968
580 447 640 498 int.
658 447 678 500 1.
713 449 781 500 sni.
800 449 842 501 ix.
1195 445 1257 514 159

208 605 388 672 Occurram
410 604 443 670 in
465 602 581 682 triviis,
605 602 777 674 deducam.
821 603 871 672 Nil
893 604 965 672 sine
986 623 1104 694 magno

208 725 278 792 Vita
298 725 415 794 labore
437 725 528 794 dedit
548 725 748 796 mortalibus.
792 727 884 796 ilaec
905 726 984 795 dum
1006 726 1085 816 agit,
1109 747 1188 797 ecce
1214 729 1256 796 60

207 849 331 915 Fuscus
352 847 490 914 Aristius
511 848 668 928 occurrit,
691 847 769 916 mihi
792 869 889 918 carus
910 859 944 918 et
965 849 1054 917 illum

207 969 269 1049 Qui
290 967 427 1056 pulchre
448 979 569 1038 nosset.
614 970 837 1038 consistimus.
882 969 974 1041 Unde
995 971 1112 1040 venis?
1134 981 1167 1041 et

209 1090 280 1170 Quo
303 1088 431 1158 tendis?
452 1100 544 1180 rogat
565 1101 599 1160 et
620 1091 806 1181 respondet.
850 1091 977 1162 Vellere
1000 1095 1095 1183 coepi

207 1211 244 1277 Et
264 1232 418 1300 pressare
438 1233 537 1280 mauu
558 1211 737 1282 lentissima
757 1212 905 1294 brachia,
929 1225 1062 1295 nutans,

229 1401 269 1451 60.
296 1401 335 1450 ott
351 1413 367 1452 e
385 1399 470 1452 Codd.
488 1399 551 1465 aliq.
570 1401 665 1454 itothe.
693 1431 722 1441 -
748 1401 791 1454 63.
816 1403 945 1466 respondit
961 1417 1098 1470 superscr.
1115 1419 1129 1459 e
1145 1407 1172 1458 S.
1193 1435 1221 1446 -

197 1474 237 1526 64.
253 1489 372 1540 premere
388 1489 416 1544 p,
434 1476 553 1528 Pottierii
570 1476 691 1542 plerique
704 1479 731 1528 et
743 1475 801 1540 alli,
819 1477 998 1541 scholiastae,
1017 1479 1071 1532 LFJ
1078 1495 1085 1531 ε
1099 1493 1224 1545 prmttare

195 1549 262 1612 bSc,
280 1552 388 1616 septem
404 1551 537 1614 Pottlerii,
556 1552 603 1616 ct,
622 1551 772 1616 Bentlcius‚
789 1553 824 1606 it.
845 1579 873 1590 -
891 1554 991 1604 numa
1006 1555 1113 1608 Baxter.

165 1701 208 1762 to,
235 1701 281 1763 tt,
307 1701 336 1752 2:
363 1714 421 1751 curn
441 1713 538 1766 magna
557 1700 690 1752 nudtltudo
727 1697 848 1753 Valerius
865 1703 931 1754 Cato
951 1703 1032 1767 (Suet.
1052 1705 1170 1758 Gramm.
1189 1705 1253 1770 tc),

164 1777 314 1838 optionem
328 1777 444 1827 utronno
459 1782 484 1828 et
498 1777 592 1828 Mun
606 1789 647 1828 otc
660 1779 690 1828 de
727 1775 841 1826 multum
858 1775 988 1830 fallamur.
1017 1779 1159 1830 Wnrcumr
1176 1782 1205 1831 P.
1223 1779 1252 1831 L.

163 1851 632 1916 moedorumprotiurttno:
651 1852 690 1902 tn-
726 1863 753 1916 p.
771 1851 830 1902 220.
860 1853 1069 1903 Grammaticum
1086 1853 1167 1906 tuisse
1183 1866 1255 1904 nunc

162 1927 260 1976 maren
276 1928 311 1978 ad
325 1927 411 1991 sorum
421 1928 576 1978 deductnur.
612 1926 688 1979 Goui.
726 1927 887 1977 constater
911 1926 1086 1978 Eicheuieidii
1111 1930 1139 1979 et
1162 1927 1255 1980 Endli·

163 2001 309 2053 catomai.
329 2002 375 2064 48,
394 2002 436 2053 63.
465 2001 539 2054 [inde
561 2015 623 2054 cum
644 2015 690 2053 sa-
726 2001 801 2051 cheri
817 1999 892 2052 Auel.
906 2004 1046 2066 grammat.
1058 2015 1086 2067 p.
1099 2001 1252 2054 tu22....

162 2073 320 2128 lutatoribus
337 2080 417 2141 atque
430 2077 644 2129 adsectatoribus
656 2079 687 2138 Q.
725 2076 755 2126 dc
772 2089 821 2138 quo
831 2075 918 2126 Aristii
934 2077 1009 2128 Fures·
1018 2077 1181 2142 praemuntios·
1192 2076 1255 2128 liter

163 2151 257 2204 Cicero
274 2154 330 2204 Pet.
350 2153 430 2204 Cous.
444 2152 475 2214 9,
493 2151 536 2204 at.
554 2153 690 2216 iungitde-
725 2152 761 2200 cd
775 2150 889 2202 Anniano
905 2152 1040 2203 Pollionem
1056 2154 1120 2213 cet..
1138 2154 1168 2204 ut
1178 2153 1253 2202 recte

161 2227 283 2278 ductores.
310 2255 338 2264 -
365 2228 408 2278 Nil
430 2228 484 2278 tine
507 2241 601 2292 mapno
625 2227 687 2292 cet]
725 2225 880 2277 emendavit
896 2227 984 2292 Haupt
1000 2225 1036 2277 ad
1053 2226 1127 2278 Ouid.
1147 2225 1204 2278 iial.
1223 2239 1251 2291 p.

160 2300 294 2365 Aretangi
310 2315 386 2352 more
398 2302 546 2366 digreditur
561 2301 688 2354 inlocum
725 2299 767 2352 to.
781 2300 887 2352 Codicis
899 2303 1060 2366 scripturam
1072 2301 1167 2352 adnati
1181 2301 1252 2366 {tuit

161 2389 348 2428 communem:
372 2373 467 2428 adura
486 2371 524 2427 τὰ
539 2373 615 2428 καλὰ
632 2392 688 2438 χα-
725 2375 765 2425 De
787 2375 895 2428 inverso
918 2367 1175 2428 nominum'ordiue
1196 2376 1252 2428 vid.

160 2447 243 2500 λεπά.
279 2451 454 2516 Epicharmus
470 2452 542 2517 apud
563 2453 686 2518 Xenoph.
725 2449 760 2500 ad
778 2450 825 2502 od.
845 2453 876 2514 2,
895 2452 924 2512 Ξ,
943 2451 968 2502 3.
992 2479 1020 2490 -·
1041 2450 1252 2516 mucirenostct]

161 2527 241 2578 ilem.
259 2527 291 2590 2,
310 2527 340 2588 4,
358 2529 405 2579 20:
433 2525 497 2578 Τῶν
514 2523 612 2578 κόνων
628 2541 688 2578 πω-
724 2527 756 2576 ut
768 2525 860 2588 mois,
879 2525 960 2576 etiam
977 2526 1004 2577 in
1021 2539 1102 2591 prosa
1119 2539 1158 2576 or.
1177 2525 1254 2577 Plan-

161 2598 264 2652 λοῦσιν
296 2596 368 2668 ἡμῖν
400 2599 496 2654 πάντα
528 2597 630 2670 τάγάθ’
658 2602 690 2653 ot
725 2601 889 2652 cusincic.
909 2601 974 2665 Epp.
994 2601 1039 2663 40,
1058 2601 1105 2663 ts,
1125 2602 1154 2651 t:
1177 2601 1254 2664 Lepi-

161 2676 233 2727 deot.
269 2675 393 2741 Sophoci
407 2677 490 2729 Eiect.
510 2677 575 2730 titt:
600 2671 686 2748 Ὅρα,
725 2677 785 2726 dion
800 2702 817 2713 -
828 2675 933 2738 pulchre
949 2689 1049 2726 mom.
1065 2701 1093 2712 -
1108 2676 1252 2738 dedecet]

161 2747 253 2802 πόνου
275 2765 322 2801 τοι
345 2752 434 2824 χωρ4ς
454 2745 539 2803 οὐδὲν
562 2746 685 2814 εὐτυχεῖ.
726 2749 882 2814 «Eleganter
898 2752 1011 2801 mixtum
1028 2751 1098 2802 iuter
1109 2763 1140 2802 se
1152 2752 1180 2800 ct
1191 2761 1254 2801 con·

162 2851 191 2862 -
209 2826 285 2891 Mil]
309 2825 389 2877 «dare
411 2825 510 2889 solet»,
532 2820 686 2900 ἀορίστως.
724 2823 813 2876 iusum
830 2837 986 2876 sermonem
1009 2823 1190 2888 interrogandi
1207 2837 1253 2875 re-

192 2900 283 2950 ec-ce.
309 2901 378 2951 Haec
391 2903 452 2952 den
468 2902 531 2966 opit]
550 2903 631 2953 udum
651 2903 687 2953 ita
724 2898 929 2964 spondeudique
959 2900 1121 2964 expressit.»
1164 2899 1250 2950 Cou.

161 2974 267 3039 ineptit,
286 2975 355 3026 haec
370 2977 398 3027 et
413 2974 474 3026 talia
487 2976 640 3037 emittentia
657 2979 688 3028 ut
725 2973 804 3032 Cauo.
832 2972 912 3024 Solita
930 2975 988 3024 erat
1004 2971 1126 3024 iormuls.
1157 2975 1211 3024 Sat.
1225 2974 1251 3035 i,

161 3061 210 3100 nos
226 3049 330 3100 triten.
365 3049 500 3114 Gargallo:
522 3053 621 3103 Mentis
636 3053 688 3103 cort
724 3045 1251 3112 t‚t:unaecto1ocanos?-Vettcre]

159 3123 269 3184 [coarto
279 3127 331 3174 cet.
349 3125 417 3176 itinn
429 3125 591 3190 languidius,
605 3140 687 3190 quam
722 3123 831 3187 proprie
840 3125 930 3185 togam
939 3123 1010 3172 eirca
1020 3120 1177 3172 atterutrum
1189 3121 1251 3172 hra-

160 3197 274 3250 aiiorum
294 3200 340 3250 cit.
364 3227 392 3238 -
414 3201 476 3266 ecee]
502 3201 537 3251 de
555 3214 585 3252 re
609 3203 688 3253 inex-
725 3196 826 3247 cilium.
845 3223 873 3232 -
888 3194 1021 3259 prorem]
1043 3195 1086 3245 Sic
1104 3194 1167 3246 dedi
1189 3209 1253 3248 cum

161 3275 281 3338 spectata
307 3277 389 3340 atque
413 3276 566 3341 improvise.
611 3275 687 3328 fland
724 3269 877 3321 Scholiastis
893 3272 921 3321 et
935 3269 1020 3321 Codd.
1033 3267 1095 3333 aliq.
1107 3271 1253 3334 Postquam

160 3347 237 3400 Ture.
255 3350 288 3400 ii.
301 3362 328 3414 p.
346 3349 404 3402 stt.
421 3377 449 3388 -
462 3351 556 3402 Fuscus
570 3350 686 3417 Artsttrc]
723 3343 1008 3407 votueruntbrnchta,
1016 3344 1136 3408 premoti
1147 3343 1253 3394 iamvin

161 3423 227 3490 lluic
250 3424 375 3476 iloratt'us
398 3424 447 3475 0d.
467 3426 496 3487 4,
514 3426 555 3476 tt.
576 3427 604 3476 et
619 3427 685 3491 Epp.
723 3425 859 3488 poteraut,
878 3421 927 3475 sed
939 3423 1067 3486 ρνωωή,
1085 3423 1135 3474 nisi
1150 3423 1253 3474 statues

161 3499 189 3558 4,
217 3497 259 3548 tt.
292 3499 435 3563 inscripsit.
477 3500 561 3551 Coun.
589 3499 685 3558 cauo:
725 3491 846 3570 ὕστερον
863 3494 1013 3570 πρότερον.
1051 3496 1149 3549 atroci
1167 3497 1250 3558 certi,

161 3572 225 3624 «iiic
247 3571 296 3623 luit
318 3574 508 3637 grammaticus
530 3572 599 3624 iilius
616 3576 688 3626 tem-
723 3573 770 3624 ubi
788 3585 912 3636 prooem
932 3583 1104 3638 nequaquem
1124 3570 1251 3623 substitui

160 3647 231 3710 poris
248 3646 436 3709 doctissimus,
454 3648 557 3700 amicus
569 3649 597 3699 et
613 3647 689 3698 iami-
723 3650 825 3713 potest,
851 3648 976 3698 insunt:
1006 3650 1037 3698 Α.
1057 3645 1149 3697 Furius
1175 3643 1248 3709 apud

159 3719 230 3774 ilaris
246 3723 373 3774 Horatii.»
401 3723 539 3775 Acroued
556 3722 685 3789 Epp.i.i.
724 3723 887 3784 licerent,
905 3721 935 3772 ³:
962 3723 1093 3772 Prmctre·
1109 3719 1173 3782 pede
1189 3731 1250 3782 pet,

161 3807 223 3847 eum
248 3797 411 3861 scriptorem
435 3797 634 3862 tragoediarum
660 3800 688 3850 et
722 3809 811 3849 casoro
830 3809 963 3858 morte,
981 3795 1043 3844 ciro
1063 3793 1113 3843 uir.
1144 3793 1250 3844 Lucret.

160 3871 326 3935 Porphyrion
337 3871 402 3922 ibid.
411 3873 571 3937 scriptorem
580 3885 688 3925 comos·
723 3870 752 3932 4,
772 3871 848 3922 ttot:
863 3873 1007 3934 precam
1021 3866 1194 3918 destitutura
1204 3867 1252 3932 (sic

161 3945 265 3996 diarum
287 3945 430 4010 appeliant.
470 3948 588 4008 Quorum
611 3948 687 3999 testi-
723 3945 803 3996 etiam
834 3944 926 3996 Codex
950 3955 966 3994 a
994 3941 1140 4006 Pomponio
1168 3942 1251 3993 Laeto

161 4021 248 4071 monio
272 4021 322 4072 etsi
343 4021 401 4072 iura
425 4033 478 4072 nou
500 4019 616 4073 multum
639 4023 687 4072 tri-
723 4021 860 4081 exaratus,
879 4021 907 4068 et
923 4031 938 4068 a
952 4029 996 4068 me
1014 4014 1143 4079 collatus).
1175 4015 1250 4068 Ouid.

160 4093 217 4146 buit
233 4096 347 4160 Longius
368 4097 395 4146 iu
417 4096 495 4148 vind.
513 4097 590 4161 Trag.
609 4099 684 4149 iiom.
723 4096 784 4146 liet.
803 4094 833 4155 8,
851 4093 915 4146 538:
934 4093 1029 4142 titiam
1044 4091 1147 4142 iuuttm
1161 4091 1252 4153 adpe-

159 4181 186 4233 p.
205 4170 260 4231 ic,
285 4172 376 4222 tamen
397 4183 453 4222 uon
469 4183 609 4232 veremur,
634 4184 684 4233 ne,
722 4175 794 4220 ctoru
807 4171 933 4232 prtum.
953 4193 981 4204 -
1000 4165 1146 4228 menime]
1165 4175 1251 4230 equae

160 4243 262 4294 sicum
278 4247 306 4296 et
322 4246 527 4309 grammaticum
544 4245 626 4296 luisse
643 4245 686 4296 di·
722 4255 786 4294 cum
806 4241 1008 4308 presserantur,
1034 4251 1116 4292 sensu
1139 4249 1251 4306 prorsus

161 4317 245 4370 eunus
262 4320 427 4386 aspectam,
446 4317 531 4384 quails
548 4318 627 4372 luerit
642 4317 685 4370 ille
722 4331 816 4370 carere
833 4315 1025 4378 nacionum
1049 4312 1249 4380 mitum,
