3130 4966
670 441 800 494 bonurn
817 439 998 493 sallblntlll

337 601 376 667 Et
397 621 517 688 pueros
541 609 574 666 et
595 618 686 665 anus.
733 597 891 684 Agedum,
915 615 1020 685 pauca
1041 595 1153 682 accipe
1176 604 1296 662 contra.

336 723 480 789 Primum
502 741 563 810 ego
587 739 639 786 me
662 718 805 796 illorum,
829 718 977 786 dederim
1000 716 1119 804 quibus
1141 737 1216 785 esse
1238 717 1358 804 potitis,

336 845 515 931 Excerpam
537 862 689 910 numero:
715 840 932 928 nequeenim
956 837 1152 907 concludere
1174 859 1305 906 versum
1340 836 1383 902 to

336 964 463 1032 Dixeris
485 983 559 1032 esse
582 964 678 1042 satis;
700 981 822 1050 neque,
846 961 874 1027 si
896 961 952 1050 qui
977 959 1098 1029 scribat
1117 960 1164 1026 uti
1185 979 1245 1028 nos

337 1086 484 1154 Sermoni
507 1085 677 1174 propiora.
701 1093 796 1172 putes
819 1082 904 1150 hunc
925 1103 1000 1151 esse
1021 1089 1160 1170 potitam.

337 1208 505 1296 ingenium
527 1207 579 1274 cui
607 1207 663 1282 sit,
687 1205 739 1272 cui
762 1223 853 1272 mens
875 1204 1014 1273 divinior
1035 1215 1132 1292 atque
1154 1225 1191 1270 os

338 1331 452 1418 hlagne
474 1338 678 1404 senatorum,
702 1327 762 1396 des
784 1326 922 1394 nominis
943 1324 1040 1394 huius
1062 1325 1227 1394 honorem.

337 1450 461 1518 ldcirco
484 1449 631 1538 quidam,
657 1448 827 1517 comoedia
850 1469 953 1516 necne
974 1455 1092 1536 po'e'ma
1342 1447 1383 1513 46

338 1575 449 1651 Esset,
473 1573 680 1661 quaesivere,
705 1570 794 1660 q'uod
818 1591 895 1638 acer
917 1571 1048 1660 spiritus
1069 1591 1108 1638 ac
1128 1569 1178 1637 vis

335 1698 401 1763 Nec
423 1693 532 1762 verbis
556 1715 617 1762 nec
639 1693 739 1760 rebus
761 1693 861 1770 inest,
885 1693 946 1760 nisi
970 1691 1058 1781 quod
1080 1691 1165 1781 pede
1188 1703 1277 1760 certo

336 1817 450 1886 Differt
473 1816 632 1893 sermoni,
657 1835 765 1883 sermo
787 1835 907 1882 merus.
951 1815 990 1880 At
1011 1824 1103 1902 peter
1125 1812 1243 1881 ardens

359 2081 399 2132 39.
415 2083 498 2144 podiis
514 2081 617 2131 «invitis
635 2079 788 2131 codicibus»
806 2091 869 2130 oum
885 2080 989 2130 Acrone
1007 2079 1042 2131 ad
1063 2082 1117 2131 Set.
1136 2081 1164 2142 4,
1183 2081 1211 2142 6,
1229 2081 1271 2131 66.
1289 2083 1362 2144 post*

330 2158 360 2207 N.
380 2157 518 2208 Heinsium
534 2154 619 2207 bentl.
638 2157 677 2207 ul:
691 2157 783 2218 poetae
799 2153 996 2218 bsedp,LCtFl.
1012 2182 1037 2192 -
1053 2154 1093 2206 tt.
1107 2155 1183 2218 64664
1195 2169 1246 2222 yu,
1264 2153 1348 2204 Bentl.

326 2231 364 2282 ll:
391 2232 612 2296 riquisuperscr.
630 2244 655 2293 s,
681 2233 711 2282 64
728 2231 763 2281 644
780 2230 835 2291 quir
852 2229 884 2290 b,
910 2229 933 2280 64
949 2229 1006 2293 quo
1023 2229 1183 2294 cdp,l.Ctl·'J.
1210 2229 1350 2294 (66666444

327 2306 383 2367 quia
399 2306 435 2369 S.)
455 2333 483 2343 -
502 2306 543 2357 ta.
559 2311 638 2368 putus
654 2307 671 2356 S
689 2305 751 2368 (non
767 2304 858 2370 bedp).

294 2515 368 2572 rent;
395 2511 423 2575 3)
447 2513 464 2562 6
487 2512 616 2575 denique,
644 2512 690 2576 qui
713 2513 740 2562 in
762 2500 820 2563 eius
858 2509 973 2563 delectu.
1007 2511 1078 2575 virg.
1098 2511 1144 2562 66.
1163 2509 1194 2572 3,
1211 2510 1275 2563 iil:
1298 2511 1381 2573 Nure,

294 2599 385 2638 morea
417 2587 575 2638 invehentes
600 2599 633 2637 66
659 2585 820 2652 probitatem
856 2587 1002 2638 6666666446
1026 2587 1107 2648 Putes,
1132 2599 1227 2651 666966
1251 2599 1318 2638 neruo
1339 2600 1384 2638 ore

294 2663 352 2713 eius
369 2665 523 2726 suspectam
534 2661 679 2714 reddentes
691 2660 819 2712 acerbam
855 2663 1009 2713 6666666664
1034 2661 1109 2714 Ouid.
1127 2675 1161 2713 cx
1183 2663 1266 2714 Ponto
1282 2661 1311 2723 l,
1335 2663 1381 2724 46,
1411 2717 1414 2722 ,

294 2735 486 2801 malignitatem
514 2739 594 2801 utque
623 2735 687 2788 alios
712 2737 820 2802 vitupe-
856 2739 886 2788 66
909 2738 1010 2788 Murcus
1033 2737 1168 2801 mupnique
1189 2735 1306 2786 Rabirius
1321 2737 1380 2788 oria.

294 2811 370 2862 randi
387 2811 523 2863 libidinem
541 2811 743 2877 exprobrarent.
859 2839 886 2849 -
898 2811 1008 2877 quidum]
1021 2811 1190 2862 Grammaticl
1202 2808 1380 2862 Alexandrini.

326 2887 431 2939 39-48.
461 2886 587 2951 Primum]
616 2889 674 2940 Non
699 2887 820 2950 sequitur
858 2913 886 2923 -
899 2887 1113 2936 cormediuuecue
1124 2889 1221 2949 potino
1234 2887 1312 2952 Esset]
1325 2888 1380 2938 Cic.

294 2963 395 3022 deinde;
422 2961 545 3026 exempla
569 2963 648 3013 huius
673 2964 820 3013 consuctu-
856 2961 927 3011 Orat.
945 2961 991 3022 20,
1010 2961 1055 3011 ot:
1077 2961 1149 3012 Video
1164 2962 1382 3012 memnon-

294 3037 363 3088 dinis
385 3038 412 3087 in
434 3038 553 3088 oratione
574 3038 721 3088 incitatiore
737 3035 820 3087 hahet
855 3035 931 3085 nuliis
955 3035 1065 3086 46646646
1093 3041 1116 3086 64
1145 3036 1283 3086 Democriti
1312 3037 1383 3088 4666-

294 3113 413 3163 Goerenz
434 3111 469 3162 ed
493 3112 547 3162 Cic.
573 3112 607 3163 de
630 3113 709 3176 Legg.
733 3112 762 3175 3,
787 3112 818 3174 9,
856 3111 962 3172 umen,
989 3111 1034 3162 etei
1059 3111 1123 3161 66644
1145 3125 1163 3160 u
1181 3123 1272 3172 uersu,
1299 3116 1382 3162 466666

294 3186 334 3236 to.
356 3213 384 3223 -
400 3187 491 3250 podiis]
512 3189 624 3251 Propter
642 3187 820 3238 construetio-
856 3186 923 3247 quud
941 3185 1069 3236 6664464466
1083 3186 1183 3249 serum
1199 3191 1222 3236 et
1237 3185 1383 3238 eturudmu

294 3261 335 3312 nis
356 3262 550 3324 ignorationem
567 3263 680 3314 Codices
703 3275 753 3326 pro
770 3261 820 3312 da·
855 3259 989 3310 oerhomeu
1012 3259 1147 3310 luminibus
1169 3263 1271 3322 646466,
1298 3261 1382 3324 potius

293 3337 347 3385 tivo
364 3337 506 3400 occupavit
522 3337 700 3388 accusativus.
721 3363 749 3374 -
768 3337 820 3386 446-
853 3337 948 3396 poento
965 3335 1110 3396 6646664666
1132 3348 1209 3397 quum
1230 3336 1383 3386 comicorum

292 3409 403 3472 ccrpuru]
429 3422 478 3474 pro
502 3411 661 3473 «excipiam,
687 3411 818 3461 eximam»
853 3411 1002 3471 poetarum,
1020 3410 1173 3472 upudpuoe,
1192 3411 1383 3471 6466666666-

294 3483 375 3532 etiam
385 3483 411 3532 in
423 3495 502 3546 prosa
515 3485 643 3534 oratione.
658 3485 712 3534 Cic.
727 3483 761 3534 de
773 3483 818 3534 Or.
856 3483 928 3534 ciculi
943 3489 1013 3546 6664,
1030 3483 1093 3533 nihii
1108 3489 1144 3534 664
1159 3485 1230 3534 aliud
1241 3487 1381 3547 quotidiani

292 3557 323 3616 6,
344 3557 390 3614 it,
409 3555 454 3607 li:
481 3557 539 3606 Nou
555 3559 633 3618 66466,
659 3559 732 3609 sieut
752 3559 819 3622 scci-
856 3557 1117 3609 dissimilesemnonia.
1151 3561 1191 3610 lie
1213 3561 1302 3624 prisca
1321 3561 1381 3625 qui-

292 3631 353 3693 lius,
380 3645 408 3682 66
431 3633 461 3682 66
482 3645 586 3682 numero
604 3646 701 3696 666666
717 3639 752 3684 eat
771 3647 819 3684 66-
856 3633 920 3684 dem
958 3632 1097 3684 comoedia
1138 3633 1190 3684 hoo
1229 3633 1380 3686 addubitari

292 3707 450 3769 carpendum.
477 3731 504 3742 -
529 3707 686 3772 concludere]
711 3709 764 3758 Sat.
789 3709 817 3769 4,
856 3721 909 3759 666
926 3709 1042 3773 poteret,
1067 3721 1162 3760 veram
1179 3708 1213 3759 de
1235 3721 1304 3760 nove
1323 3709 1381 3760 lle-

293 3782 339 3841 to,
357 3781 404 3832 oo:
419 3779 523 3842 pedihus
537 3781 598 3843 quid
613 3782 729 3832 claudere
745 3783 817 3832 66646.
856 3782 964 3844 nandri,
990 3780 1165 3845 Philemonis,
1188 3782 1297 3847 Diphili,
1316 3783 1381 3834 item

295 3855 369 3905 Ovid.
385 3857 513 3905 erPonlo
526 3854 551 3916 4,
571 3857 612 3916 46,
630 3857 674 3907 36:
695 3857 820 3908 camb·-
855 3857 890 3908 de
913 3859 1011 3908 464466.
1046 3859 1173 3909 Ceterum
1198 3855 1258 3909 loce
1283 3856 1381 3909 clarius

294 3928 425 3980 Clauderet
449 3929 590 3992 inparibus
614 3931 691 3981 uerbo
716 3931 820 3994 capello
856 3935 898 3984 est
909 3933 1029 3984 construi
1039 3931 1155 3984 debere:
1176 3933 1305 3983 6666664446
1317 3935 1382 3996 poe·-

292 4003 380 4054 modis.
417 4007 488 4056 Pers.
514 4005 541 4064 4,
568 4005 612 4056 93:
643 4005 763 4056 claudere
784 4007 819 4056 eir
855 4013 988 4070 64666664,
1007 4021 1090 4059 necne.
1110 4007 1246 4060 64.ν.63;
1266 4008 1382 4058 6446646-

292 4091 392 4129 ueraum
416 4079 510 4130 didicit.
532 4104 559 4116 -
581 4079 704 4145 Semoni]
730 4082 819 4145 quoti-
856 4087 922 4132 stum
945 4084 977 4132 sit
993 4095 1068 4134 66666
1089 4085 1377 4144 ρο6666υ.66666666

293 4152 381 4204 diano.
403 4181 429 4190 -
449 4168 477 4204 os
492 4155 589 4219 licque
606 4148 764 4219 'mucimumJ
784 4155 818 4206 de
857 4157 899 4206 Sic
922 4157 975 4206 Cic.
1000 4169 1048 4220 pro
1071 4157 1138 4208 llur.
1159 4157 1204 4207 ii:
1230 4162 1313 4220 posset
1337 4157 1381 4220 cpi

293 4229 487 4278 sententiarum
499 4227 661 4280 sublimitate
670 4232 750 4294 atque
759 4243 820 4280 ver-
856 4231 908 4296 4666
925 4244 1013 4292 66666,
1029 4231 1107 4294 pauci
1123 4231 1251 4294 quondum
1261 4231 1379 4291 66466664,

294 4301 391 4355 borum
422 4302 472 4356 illis
504 4305 723 4368 respondentium
752 4306 819 4357 scito
856 4304 962 4370 aequali
981 4306 1006 4356 in
1024 4308 1166 4370 utramque
1184 4307 1287 4370 partem
1305 4305 1382 4358 dubi·
