3178 4972
594 473 653 523 tta.
672 473 692 522 i.
721 473 820 524 arist
838 473 914 524 xvii.

260 629 364 709 Sedit,
388 631 445 717 qui
470 629 586 706 timuit,
610 649 651 696 na
675 649 739 695 non
760 629 960 698 succederet.
1004 631 1095 698 Esto!

259 751 359 832 Quid,
384 751 439 838 qui
462 749 622 836 pervenit,
647 751 763 817 fecitne
785 750 940 818 viriliter?
962 754 1057 839 Atqui

259 875 318 940 Hic
329 881 379 940 est
390 881 445 940 aut
459 893 629 960 nusquam,
645 872 735 960 quod
750 873 947 960 quaerimus
968 873 1029 940 Hic
1043 894 1125 940 onos
1141 874 1259 954 horret

259 995 298 1063 Ut
317 994 426 1082 parvis
448 994 563 1060 animis
585 1003 618 1060 et
641 1013 742 1082 parvo
763 1001 901 1081 corp'ore
924 995 1042 1062 maius:
1262 999 1304 1064 tc

259 1117 318 1183 iiic
340 1115 428 1183 subit
447 1125 481 1184 et
501 1115 630 1204 perfert
674 1118 736 1182 Aut
755 1116 857 1182 virtus
879 1137 997 1183 nomen
1019 1117 1113 1184 inane
1135 1129 1200 1196 ast,

259 1239 320 1304 dut
341 1236 443 1305 decus
465 1247 498 1304 et
519 1237 657 1325 pretium
680 1247 768 1304 recte
789 1238 869 1325 petit
891 1238 1063 1326 experiens
1084 1240 1141 1305 vir.

283 1416 324 1502 ti.
342 1415 374 1481 et]
391 1430 423 1467 oc
438 1430 464 1481 p.

218 1587 260 1634 est
282 1585 397 1634 bominis
421 1585 533 1635 animosi
551 1584 676 1649 nulloque
694 1584 744 1636 ob·
782 1586 877 1636 entiam
903 1587 1112 1649 cessaverimus,
1145 1589 1215 1654 digni
1241 1603 1306 1642 sane
1369 1645 1372 1651 Δ

218 1659 320 1710 staoulo
336 1660 533 1725 perterretacti,
553 1659 601 1710 sed
616 1659 745 1723 quemad·
782 1661 894 1720 erimus,
914 1663 959 1724 qui
974 1663 1205 1713 contemnamur.»
1219 1690 1247 1701 -
1260 1665 1307 1715 aa

219 1733 329 1785 modom
347 1737 390 1785 est
407 1735 433 1784 in
451 1735 607 1799 proverbio,
625 1736 746 1785 Noocai-
781 1733 824 1798 σοι]
844 1735 910 1784 «hoc
927 1735 986 1786 icoo
1004 1738 1070 1786 est.»
1102 1737 1225 1788 Fortasse
1242 1739 1268 1789 b.
1288 1739 1304 1790 i.

217 1810 256 1858 uis
272 1811 324 1859 oet.
361 1811 427 1859 Nam
450 1810 496 1873 qui
521 1809 677 1859 Corinthum
695 1809 746 1859 iter
783 1809 899 1860 imitatus
923 1812 964 1860 est
980 1811 1087 1861 Persius
1105 1811 1136 1872 5,
1156 1812 1217 1863 tri:
1244 1814 1305 1876 itio,

219 1883 352 1944 habebat,
377 1895 463 1948 aequo
480 1885 569 1934 animo
588 1886 745 1948 exspectare
782 1885 834 1944 bic,
861 1897 934 1945 poan
950 1885 1109 1945 quaerimur,
1135 1885 1175 1935 bic
1191 1891 1244 1938 esti
1269 1891 1308 1941 uti

219 1957 352 2019 debebat,
370 1971 400 2010 aa
418 1971 526 2022 quoque
540 1959 747 2022 misereexspo-
783 1957 970 2008 animadvertit
996 1957 1049 2008 inm
1078 1959 1253 2014 casaubonus
1282 1967 1308 2015 in

218 2031 311 2084 iiatnm
328 2034 359 2082 iri
377 2032 411 2083 ab
428 2029 603 2102 ἱεροδούλοις
616 2031 673 2094 iliis,
693 2047 746 2082 πο-
783 2034 908 2084 Persiano
925 2034 1024 2083 Horatii
1047 2034 1191 2086 imitatione
1208 2051 1235 2102 p.
1250 2040 1307 2090 363.

219 2103 348 2171 λοξέναις
373 2109 500 2158 νεανίαιν
521 2108 625 2159 Pindari
652 2108 746 2171 (Bergk
783 2106 983 2168 Edbuebneri,
997 2107 1113 2159 addens:
1128 2111 1171 2160 «iu
1184 2111 1309 2162 omnibus

218 2196 245 2247 p.
258 2181 342 2244 titt,
361 2184 526 2234 automnino
539 2183 691 2232 renuntiare
705 2183 746 2232 in·
783 2183 865 2234 Persii
891 2183 1081 2234 imitationibus
1105 2189 1183 2249 paret
1200 2199 1309 2252 semper

220 2259 298 2321 cepto
316 2255 376 2308 illuc
393 2257 563 2320 navigandi..
595 2259 689 2320 (Atque
707 2259 746 2308 sic
783 2256 871 2322 aitqua
897 2259 1035 2308 mutatio·
1063 2285 1091 2294 -
1123 2273 1186 2309 cous
1215 2261 1309 2329 bonu]

220 2331 352 2397 explicare
369 2333 475 2383 ridetur
492 2333 573 2383 etiarn
590 2332 683 2383 festiva
700 2345 746 2396 pa·
784 2344 962 2396 «magnopore
988 2332 1185 2392 retormidat;·
1212 2336 1308 2388 eedem

220 2407 295 2459 radia
313 2405 436 2457 Nicotaus
453 2408 524 2471 apud
545 2407 618 2458 Stob.
637 2408 684 2457 Tit.
703 2406 745 2468 tt,
784 2407 996 2466 constructione.
1015 2419 1067 2471 qua
1087 2407 1141 2458 Cio.
1160 2409 1195 2460 ad
1211 2413 1264 2461 itt.
1283 2413 1307 2474 ti,

220 2483 244 2532 7.
265 2481 298 2532 da
316 2493 426 2532 scurra:
455 2477 495 2532 Ori
517 2478 625 2546 παντὸς
641 2477 747 2554 ἀνδρὸς
783 2486 825 2544 ia,
838 2484 866 2533 2:
891 2483 988 2546 ingrati
1004 2483 1083 2532 coiri
1099 2484 1194 2534 comeo
1210 2486 1309 2537 horreo.

220 2557 267 2608 ἐπὶ
284 2554 424 2628 τράπεζαν
440 2551 503 2608 ’ἔσθ’
522 2552 540 2606 ὁ
558 2553 669 2622 πλοῦς.)
785 2559 885 2609 Caesar
896 2559 925 2608 B.
939 2560 968 2608 G.
983 2558 1007 2618 i,
1020 2557 1064 2607 32:
1079 2559 1184 2620 quoin
1192 2560 1311 2612 Ariovisti

253 2631 341 2683 3742.
361 2633 437 2697 Sedit]
455 2635 486 2683 ut
496 2629 656 2697 καθῆσθαι,
670 2645 747 2684 «ces—
783 2633 955 2683 crudelitates
963 2659 977 2670 -
985 2633 1147 2682 -iorrerent
1160 2661 1187 2670 -
1199 2635 1249 2684 Aut
1259 2637 1312 2686 viis

221 2709 277 2767 sat,
295 2709 365 2771 turpi
377 2708 430 2757 ctio
442 2709 557 2771 torpet.»
577 2710 682 2758 Terent.
695 2707 744 2758 tid.
784 2713 823 2758 tus
839 2708 903 2768 cet]
926 2707 993 2756 aaut
1010 2705 1147 2756 fatendum
1165 2710 1218 2768 est,
1245 2709 1311 2761 iaisa

221 2781 251 2842 i,
270 2783 299 2843 tt,
317 2782 361 2834 38:
388 2783 426 2832 Aa
447 2784 530 2833 redae
546 2785 656 2845 oportuit
672 2784 748 2832 Derai
785 2782 923 2846 opinione,
952 2791 1004 2828 non
1030 2791 1074 2838 ra,
1102 2780 1147 2828 niti
1173 2781 1309 2842 virtutem,

220 2857 344 2920 virginem
361 2857 574 2921 temptandam?
595 2857 641 2906 ubi
658 2858 748 2907 Dona·
785 2857 844 2914 ant,
863 2854 885 2903 si
903 2853 961 2902 eiua
977 2853 1094 2916 pretium
1111 2851 1180 2901 uitro
1192 2858 1313 2917 agnosci·

222 2935 280 2981 tus:
300 2932 402 2981 «odere
417 2933 524 2996 proprie
537 2935 648 2995 ignarae
660 2943 748 2982 cessa·
785 2941 855 2990 mus,
873 2929 983 2991 propter
994 2937 1053 2976 eam
1067 2924 1219 2977 difficillima
1230 2941 1312 2991 quae-

222 3005 300 3056 tionis
318 3009 384 3056 est.»
412 3007 466 3056 Cic.
486 3007 511 3056 in
529 3007 621 3068 Pisi,
639 3007 685 3056 itt:
710 3007 748 3056 Ao
786 3015 838 3067 que
865 3003 891 3051 et
915 2999 1095 3064 perpetranda
1121 3003 1148 3050 et
1173 3001 1311 3054 toleranda

218 3085 298 3142 potest
315 3081 368 3129 utto
385 3082 587 3143 memorando,
603 3082 748 3130 condicam
785 3077 862 3135 sunt.
897 3073 996 3138 quibus
1023 3074 1115 3124 arduis
1140 3075 1220 3138 atque
1245 3090 1311 3128 vera

221 3155 287 3205 mete
298 3157 425 3217 sentienti,
443 3158 485 3206 red
496 3158 597 3217 sedasti,
610 3157 747 3210 cunctanti,
784 3149 864 3202 laude
889 3149 975 3211 dignis
998 3149 1110 3212 inceptis
1131 3149 1312 3202 adnumeran-

222 3231 379 3280 comisati-
391 3259 407 3269 -
421 3231 538 3280 comati?
561 3233 633 3294 virg.
655 3233 701 3280 Ge.
721 3229 746 3291 3,
785 3225 850 3276 dum
867 3235 979 3283 censeo,
998 3223 1020 3272 si
1038 3222 1098 3286 quis
1116 3236 1168 3272 non
1186 3223 1230 3274 viii
1247 3225 1312 3276 ado-

222 3303 284 3354 teti:
311 3303 418 3354 mouera
439 3305 496 3354 (κω
516 3307 581 3355 sedat
597 3306 682 3354 mnino
699 3318 748 3367 po-
785 3299 899 3360 tatione,
927 3297 975 3347 sed
998 3297 1101 3360 magnis
1118 3298 1220 3348 meritis
1237 3300 1312 3363 prin-

221 3390 299 3427 soeos.
334 3379 376 3428 Sic
402 3379 482 3428 etiam
508 3375 636 3430 ἑστάναι.
666 3379 745 3444 soph.
785 3375 875 3438 cipum
896 3372 1016 3422 virorum
1041 3371 1256 3424 benevolentiam
1279 3387 1310 3424 ao

222 3453 288 3502 Oed.
306 3450 361 3503 Coi.
376 3453 453 3502 toti:
482 3452 582 3519 οἱμὲν
599 3483 614 3492 -
625 3481 639 3491 -
655 3449 748 3504 Zered-
785 3449 903 3499 tavorem
921 3447 971 3498 sibi
988 3449 1089 3510 parat.»
1113 3447 1194 3497 virtut
1214 3448 1312 3512 signiti-

221 3523 463 3594 dovotuwipetgd'
474 3529 505 3578 oi
512 3525 655 3592 παθόντες
666 3524 749 3580 ἵστα·
786 3523 889 3573 catione
919 3535 983 3572 vere
1013 3523 1131 3572 nomana
1157 3522 1191 3572 de
1216 3525 1311 3587 quavis

222 3617 285 3668 μεν.
310 3629 338 3638 -
364 3601 433 3667 Esto]
459 3605 695 3669 meioetwepeot
719 3631 746 3641 -
785 3596 879 3658 laude,
898 3609 979 3661 quam
1003 3596 1151 3654 actionibus
1169 3599 1266 3648 nostris
1284 3599 1311 3648 et

223 3676 307 3737 «Quid
320 3689 445 3728 curamus
457 3679 592 3729 hominem
606 3681 749 3742 ignavnm‘i
786 3671 898 3724 tortibus
916 3675 943 3722 et
960 3671 1079 3722 honestis
1090 3671 1271 3736 adipiscimur.
1281 3697 1308 3708 -

224 3750 397 3812 contraitis,
416 3752 751 3818 quimolestiispericniis-
788 3759 918 3797 -ncmen
934 3745 1019 3811 inane]
1046 3746 1308 3809 Ct.Epp.⁴‚⁶‚³⁴2

223 3838 276 3889 que
293 3826 425 3890 superatis
442 3826 476 3876 ad
494 3826 576 3878 tinem
593 3841 672 3878 suum
689 3831 750 3878 tan-
789 3824 909 3873 Virtutem
918 3821 1080 3884 cerbopatas
1091 3825 1114 3870 et
1125 3821 1221 3870 Lucam
1231 3821 1309 3884 tigata.

223 3901 286 3951 dem
310 3901 444 3963 pervenit,
472 3914 560 3951 nonne
582 3902 674 3964 isegit
690 3903 749 3952 ani·
788 3925 816 3933 -
837 3896 911 3959 recte]
935 3908 1001 3956 non,
1029 3897 1058 3944 ut
1074 3894 1184 3958 quidam
1200 3893 1308 3946 volunt:

224 3977 323 4025 mosei
339 3977 427 4038 Atque
445 3975 471 4024 in
489 3975 540 4025 boc
554 3975 626 4038 ipso,
645 3975 671 4024 in
683 3979 751 4024 stre·
789 3971 964 4028 «nectariam
983 3969 1045 4020 sed:
1061 3969 1134 4017 «inre
1146 3969 1310 4019 acmerito.»

223 4061 276 4100 nne
289 4049 457 4114 impigreque
470 4049 583 4112 agendo,
598 4049 680 4098 cardo
691 4061 751 4098 van
789 4073 816 4080 -
834 4045 966 4106 coperiem
980 4043 1029 4107 vir]
1049 4043 1109 4106 «qui
1127 4044 1215 4093 omnia
1228 4055 1312 4108 expe-

223 4125 287 4175 titur
303 4125 355 4184 rei,
377 4122 410 4174 de
434 4135 487 4186 qua
506 4123 677 4185 quaerimus;
705 4125 751 4173 aut
786 4120 870 4178 ritur,
902 4129 955 4181 quo
980 4116 1015 4168 ad
1040 4118 1206 4181 propositum
1232 4129 1312 4168 suunt

223 4197 326 4247 fortiter
343 4197 464 4261 sciteque
481 4198 617 4261 inceptum
629 4200 750 4247 nostrum
787 4193 959 4260 pervenian-
976 4191 1232 4254 anteroebmeod,
1251 4198 1314 4243 cot·

223 4283 385 4336 peragamus
400 4284 489 4334 neque
501 4283 620 4334 unquam
632 4271 750 4321 animum
787 4269 955 4319 sobiossen.
975 4267 1029 4318 Cio.
1042 4279 1091 4330 pro
1104 4265 1207 4317 Cluent.
1224 4267 1249 4328 8,
1262 4266 1308 4317 23:

224 4344 459 4409 despondeamus,
477 4348 536 4406 aut,
555 4346 576 4396 si
588 4347 699 4410 propter
710 4345 751 4397 in·
787 4345 816 4394 t.
834 4341 939 4404 Auito,
965 4341 1007 4392 oir
1029 4342 1103 4405 sortis
1126 4347 1150 4392 et
1171 4341 1309 4405 ceperim.
