3156 4972
605 453 664 502 iia.
683 453 712 503 ii.
748 453 815 504 sat.
837 455 865 504 V.

241 607 445 694 importunus
468 617 553 672 amat
574 605 720 686 laudari;
743 609 849 676 donec
871 609 943 676 Obe
967 610 1043 676 iamt

240 727 288 794 Ad
310 726 437 796 caelum
459 728 607 794 manibus
628 729 763 796 sublatis
784 730 915 806 dixerit,
939 752 1036 819 urge,

243 851 450 918 Crescentem
472 848 603 916 tumidis
626 849 701 916 infla
723 851 927 918 sermonibus
949 863 1063 920 utrem.

242 971 323 1038 Cum
345 981 376 1037 te
399 971 530 1038 servitio
552 970 648 1058 ionga
671 993 815 1060 curaque
838 972 964 1050 levarit,

241 1093 278 1158 Et
300 1101 426 1160 certum
446 1091 597 1180 vigilans.
621 1095 762 1172 Quartae
784 1095 825 1160 sit
846 1096 945 1181 partis
968 1095 1091 1172 iiiios,
1191 1139 1194 1146 ·
1222 1099 1284 1166 400
1388 1109 1392 1118 “

232 1265 300 1312 teste
317 1263 454 1312 'torrentia
473 1261 657 1327 multoplures
669 1267 695 1312 et
708 1262 831 1314 meliores
842 1261 902 1314 libri
920 1263 1006 1327 (silent
1017 1267 1107 1316 minen
1120 1267 1252 1331 Cruquius

233 1339 260 1385 et
276 1335 433 1398 Bentleiusi:
451 1349 515 1401 urpe
530 1341 554 1386 et
570 1337 722 1388 Crescentem
739 1339 869 1398 ictam.
891 1367 917 1375 -
932 1340 988 1391 icc.
1006 1341 1039 1390 sit
1054 1341 1115 1402 bSc,
1133 1339 1253 1407 plerique

231 1410 343 1460 Bentleii
361 1412 388 1460 et
405 1411 533 1471 Pettierii‚
554 1412 617 1462 bct:
636 1417 671 1460 est
688 1413 754 1463 Feae
765 1411 865 1476 aliquot
877 1415 1003 1477 Codices,
1022 1421 1071 1466 estc
1082 1432 1118 1478 ιν,
1138 1419 1253 1470 Pottierii

231 1485 246 1533 9
264 1487 292 1534 et
308 1483 360 1546 43,,
379 1483 475 1545 beuti„
494 1485 560 1536 FMJ.

231 1631 320 1683 93-95.
352 1632 471 1696 Obsequio
495 1635 626 1698 pressure]
655 1635 726 1684 Ver·
762 1637 784 1686 si
795 1635 892 1699 loquax
905 1640 972 1698 esc»
990 1639 1013 1702 34
1027 1639 1170 1702 «obturam
1187 1641 1211 1705 4)
1226 1655 1286 1692 «au-

197 1708 291 1768 [aare
320 1708 369 1771 (pr.
392 1709 528 1758 scircite
555 1709 620 1772 444)
648 1714 725 1760 atets
762 1709 859 1762 ricuias
877 1713 1130 1776 senispreheude.»

198 1783 251 1832 mit
273 1781 327 1830 der
348 1787 497 1845 qrtssteu
521 1783 725 1847 Gesttttipireit
795 1783 900 1835 att-98.
929 1787 1097 1852 Importunas]
1125 1789 1165 1838 asi
1192 1792 1285 1854 quovis

197 1871 294 1920 peperi
318 1857 375 1906 444.
407 1857 523 1916 Quodsi
545 1857 589 1908 vei
610 1859 723 1908 maxime
762 1861 883 1922 tempore
901 1863 928 1912 et
945 1860 1004 1912 icco
1021 1863 1101 1912 etiam
1118 1863 1207 1914 minus
1224 1867 1286 1928 apto

199 1931 275 1980 Festo
294 1931 362 1980 teste
381 1931 414 1994 (p.
427 1931 466 1980 97.
480 1929 560 1994 iiiiill.)
575 1933 674 1994 antiqui
687 1931 725 1981 di·
762 1931 854 1984 laudes
866 1937 969 1998 captat,
988 1935 1096 1986 adeout
1113 1937 1151 1997 ai,
1170 1950 1287 2000 quocum

197 2007 296 2054 xerunt
312 2006 428 2069 pressuri
443 2007 620 2070 praedaturi,
639 2008 725 2058 iiora-
761 2005 892 2070 loquitur,
918 2021 1049 2074 perquam
1067 2007 1196 2063 molestus
1213 2011 1285 2062 fiat.»

198 2080 264 2129 tium
288 2083 379 2129 tamen
403 2079 474 2130 hunc
498 2093 577 2130 usum
600 2085 723 2131 secutum
763 2108 791 2117 -
811 2081 861 2132 Otre
877 2083 939 2148 turn]
963 2085 1017 2133 Sat.
1039 2087 1068 2144 4,
1091 2086 1120 2144 5,
1146 2086 1191 2135 tt:
1219 2087 1286 2136 Obei

197 2166 258 2204 esse
282 2167 336 2204 non
357 2153 486 2212 arbitrum
513 2153 634 2205 obsoleta
652 2155 723 2204 euim
760 2155 816 2206 Iam
838 2159 899 2206 satis
921 2163 965 2207 cst.
987 2181 1014 2194 -
1034 2159 1151 2208 munaus
1174 2159 1286 2224 adlatis]

196 2227 298 2291 ubique
311 2227 424 2288 devitat,
444 2229 493 2279 nisi
507 2228 553 2278 ubi
564 2229 658 2278 4444444
669 2230 725 2278 444-
762 2231 809 2280 iiic
827 2233 868 2282 est
884 2233 990 2295 signum
1006 2234 1156 2296 precantis,
1178 2236 1208 2284 ut
1227 2236 1286 2284 tan-

195 2307 272 2351 ctura
288 2315 354 2353 usus
378 2304 444 2353 scite
467 2316 499 2352 ea
521 2315 651 2354 renovare
673 2315 723 2366 pc-
761 2303 825 2354 dem
836 2303 945 2356 laudare
961 2307 1086 2367 desistat;
1105 2308 1286 2360 admirationis

197 2377 274 2427 terat.
311 2377 359 2426 Hic
383 2379 472 2426 autem
494 2375 584 2427 addito
607 2391 632 2426 v.
654 2376 724 2426 obse-
761 2381 853 2430 contra
871 2381 925 2432 Cic.
939 2381 1022 2432 Acad.
1035 2383 1064 2442 t,
1084 2383 1129 2443 44,
1148 2383 1193 2432 63:
1219 2384 1287 2434 Hur-

197 2451 256 2512 quio
268 2450 369 2500 dictum
383 2453 425 2500 est
441 2453 470 2500 ut
481 2451 552 2514 apud
564 2451 619 2501 Liv.
633 2450 661 2511 3,
675 2449 722 2502 ti:
760 2455 852 2504 4444444
867 2461 952 2505 autern
966 2457 1120 2506 4444444444·
1145 2459 1285 2520 admirans,

196 2539 221 2576 re
237 2527 293 2574 ture
317 2525 446 2588 praescri,
472 2539 522 2574 444
546 2527 581 2574 ci.
601 2527 645 2588 tt,
673 2524 722 2577 ii:
761 2529 827 2590 quod
852 2531 951 2590 quidem
972 2537 1094 2594 perpetuu
1118 2532 1222 2582 turuito
1246 2533 1285 2584 lc-

196 2600 300 2650 ceeatttc
331 2599 455 2662 praescri.
487 2598 534 2660 45,
567 2600 614 2650 23:
648 2601 724 2650 etium
761 2609 848 2666 querite
858 2605 965 2666 feceret,
984 2607 1099 2656 utetiam
1109 2620 1200 2656 444444
1210 2620 1286 2670 saepe

196 2675 266 2736 4444
282 2687 327 2723 ecs
347 2673 421 2736 sutem
443 2674 543 2735 444444,
569 2675 612 2736 qut
638 2688 723 2726 assen-
760 2679 862 2728 totteret.
890 2705 916 2714 -
941 2693 1018 2744 arpo,
1045 2681 1197 2732 Crescentem
1222 2682 1285 2747 cet]

196 2749 274 2798 tuedo
300 2749 460 2798 multidudiut
483 2754 672 2812 praetereatur.
692 2775 721 2786 ·-
760 2753 915 2813 asyndeton
925 2755 1030 2817 egregie
1040 2754 1129 2804 iacere
1137 2753 1243 2806 videtur
1251 2755 1285 2805 ad

195 2821 342 2885 increbruit]
369 2821 486 2886 «gliscit,
514 2825 667 2886 augescit»
694 2826 724 2873 ut
761 2825 873 2888 urgendi
884 2828 938 2877 vim
950 2827 1109 2890 aagendam
1122 2841 1206 2892 quare
1215 2841 1286 2879 nunc

196 2897 268 2959 virg.
286 2897 332 2946 Ge.
353 2897 380 2956 4,
399 2895 464 2946 359:
491 2909 622 2948 nemorum
639 2899 724 2948 iucre-
760 2901 913 2964 recepimus
936 2899 1093 2958 lectionem.
1120 2914 1202 2965 quam
1219 2902 1286 2952 osie-

196 2971 308 3021 tresecre
329 2984 456 3034 44444444,
483 2973 564 3022 etiam
590 2974 616 3024 iu
642 2987 723 3038 prosa
760 2973 856 3024 rebant
877 2973 984 3038 plurimi
1004 2977 1031 3024 et
1048 2975 1140 3039 optimi
1158 2976 1282 3038 Codices,

196 3047 264 3094 crat.
279 3047 334 3096 Cic.
348 3045 383 3096 ad
400 3047 472 3096 Fam.
486 3048 517 3107 ’4,
535 3048 583 3106 20,
602 3047 630 3098 3:
662 3049 724 3098 Veii·
761 3049 842 3099 etiam
854 3049 1057 3099 FeaeVaticaui.
1072 3075 1098 3086 —
1109 3051 1210 3100 tumidis
1222 3053 1284 3116 cet]

195 3125 236 3170 tas
252 3119 419 3170 increbrescit.
454 3121 619 3184 scripturam
639 3124 724 3172 4444-
761 3120 848 3174 «talsis
874 3121 998 3174 laudibus
1020 3135 1083 3174 cum
1102 3122 1175 3174 velut
1196 3127 1285 3176 utrem

196 3194 264 3244 enm
280 3194 399 3258 praefert
415 3195 501 3246 Haase
516 3195 551 3246 ad
569 3197 654 3260 Reisig
665 3198 721 3248 Lat.
760 3197 847 3247 ventis
876 3197 969 3247 inflare
1000 3196 1159 3248 contende.»
1199 3199 1283 3250 Comi.

196 3270 281 3331 Spnu.
300 3282 327 3332 p.
341 3269 398 3318 459.
412 3272 440 3319 et
456 3271 573 3333 Wagner
594 3271 627 3320 ad
650 3273 721 3335 Virg.
761 3272 840 3328 Caua.

197 3344 288 3403 Get,
307 3343 365 3392 349.
395 3345 510 3407 Utraque
528 3345 555 3396 in
572 3358 622 3396 usu
640 3346 722 3396 tuisse
793 3343 897 3396 tis-ici.
911 3343 1009 3408 levarit]
1025 3348 1111 3394 morta
1126 3358 1183 3396 sua.
1196 3373 1222 3382 —
1233 3360 1286 3398 cer·

195 3418 311 3469 videtur.
349 3417 414 3469 Feae
432 3417 510 3468 lectio
527 3421 650 3484 increpuit
664 3434 723 3470 me·
760 3419 938 3483 tumuipitaus]
954 3412 1059 3490 stirap,
1078 3411 1223 3491 οῧκόναρ,
1236 3435 1285 3486 prc

196 3495 237 3542 tra
263 3491 430 3542 adversatur.
454 3520 482 3530 -
504 3494 542 3542 444
566 3495 636 3558 vetet]
662 3497 722 3558 toga
760 3495 849 3553 certo,
868 3493 936 3544 adeo
948 3495 977 3543 ut
989 3508 1023 3544 ne
1035 3494 1161 3546 minimae
1175 3495 1284 3558 quidem

196 3566 358 3630 superiecta.
384 3593 411 3602 -
436 3565 587 3631 substringe]
611 3580 651 3631 pr.
669 3583 723 3618 44-
760 3567 916 3618 dubitationi
934 3569 986 3618 iam
1009 3567 1084 3620 iocus
1102 3571 1161 3620 sita
1196 3571 1286 3635 Oppe-

195 3640 354 3698 terbiude,·
377 3641 544 3706 urtstriupcre
561 3645 603 3693 est
623 3641 722 3706 aliquid
759 3643 831 3692 uitur
852 3641 927 3692 Ovid.
953 3644 1016 3692 Her.
1038 3645 1084 3702 ic,
1108 3645 1135 3693 9:
1160 3645 1285 3694 Incertum

196 3715 223 3766 ia
240 3714 365 3764 interiore
382 3719 458 3778 parte
470 3717 509 3766 sic
527 3715 620 3779 ligare,
639 3720 670 3766 ut
680 3730 722 3768 su·
758 3716 881 3779 atpium,
907 3731 926 3766 a
947 3729 1032 3766 sorano
1054 3717 1184 3780 tcupuida
1220 3719 1284 3768 Stat.

195 3790 286 3853 perior
314 3790 446 3852 arrigatur
476 3792 631 3855 acutiorque
661 3791 720 3854 fiat,
759 3790 842 3840 Tbeh.
856 3793 884 3852 5,
897 3791 958 3840 tii:
980 3791 1100 3842 Turbidus
1116 3793 1287 3854 incertumque

195 3862 721 3930 idemiereigiturh.l.atque«arrige»
759 3866 836 3915 444444
859 3865 1027 3928 studentium.
1057 3893 1084 3900 -
1111 3865 1284 3931 stt-dures]

195 3951 276 3988 «mere
292 3938 392 3988 sutum
409 3938 501 4003 (Epcd.
515 3940 543 4000 6,
563 3940 597 4002 7.)
615 3939 723 3990 auscui-
760 3938 911 3990 Formuiam
932 3941 1019 4003 ipsam
1042 3942 1183 3990 restituere
1203 3939 1287 3990 veluit

195 4017 248 4064 ta.»
277 4013 378 4064 Verum
400 4026 463 4064 cum
480 4013 564 4077 figura
583 4015 646 4065 huic
662 4014 721 4065 ioco
759 4011 905 4072 Bentleius,
925 4013 1117 4065 scribeusestc.
1149 4015 1243 4076 (Gaius.
1258 4016 1283 4076 2,

194 4090 257 4151 apta
267 4080 346 4150 ἅπαξ
355 4084 513 4153 λεγόμενον
525 4089 571 4150 ait,
591 4087 633 4138 aiii
647 4087 723 4140 aliter
759 4088 825 4137 tii:
854 4088 998 4138 4844444444
1019 4089 1141 4138 instituite
1156 4090 1217 4139 baec
1234 4095 1284 4140 est:

194 4163 393 4226 exposuerunt:
418 4162 441 4224 4)
462 4161 592 4222 44444444,
617 4175 723 4214 accom-
758 4162 839 4212 Titius
856 4162 935 4213 heres
954 4164 1021 4213 esto.
1056 4163 1106 4213 Sed
1122 4169 1145 4212 et
1169 4163 1214 4212 4444
1231 4165 1284 4214 tum

194 4235 286 4296 moda,
296 4235 428 4298 praebe;r
440 4237 465 4298 4)
476 4241 596 4298 «coerce,
608 4238 719 4297 cohibe;
758 4237 921 4299 comprobate
941 4240 1057 4288 uidetur:
1084 4239 1179 4290 Titium
1204 4239 1285 4288 here-

194 4321 290 4360 aurcm
308 4310 407 4360 nemini
426 4309 558 4374 praebeas
575 4313 624 4362 nisi
648 4313 728 4372 huic:
759 4311 901 4362 demessa
929 4310 1017 4362 iubeo.
1052 4313 1084 4364 At
1108 4314 1153 4362 tttu
1177 4327 1227 4362 444
1249 4317 1284 4362 est
