3192 4974
584 493 643 543 nm.
663 494 681 544 1.
716 491 815 544 sersr.
834 493 887 543 vu.
1225 493 1286 557 449

241 654 345 733 Quam
368 649 445 717 mibi
467 649 526 717 das
549 670 661 738 aegro,
686 649 780 716 dabis
802 659 971 738 aegrotare
992 650 1129 726 timenti,

241 776 425 850 Maecenas,
449 772 590 850 veniam,
613 772 692 839 dum
714 773 794 839 licus
817 773 921 861 prima
942 771 1096 860 calorque
1268 779 1287 841 5

241 896 486 984 Designatorem
509 893 642 961 decorat
663 893 830 962 lictoribus
853 895 945 971 atris,

241 1020 324 1085 Dum
345 1017 457 1105 pueris
480 1016 584 1082 omnis
607 1026 700 1104 pater
722 1025 754 1083 et
775 1015 950 1084 matercula
971 1016 1083 1105 pallet,
1147 1051 1149 1056 ·

242 1139 461 1228 Officiosaque
484 1137 640 1206 sedulitas
662 1147 695 1205 et
717 1137 823 1226 opella
844 1138 982 1206 sorensis

241 1260 379 1328 adducit
399 1259 508 1328 febres
530 1268 563 1326 et
584 1269 775 1326 testamenta
796 1260 948 1348 resignat.

242 1382 366 1464 Quodsi
388 1381 505 1450 bruma
526 1383 617 1448 nives
639 1379 770 1448 Albanis
793 1379 894 1449 illinet
914 1382 1013 1470 agria,
1246 1383 1287 1450 40

264 1545 289 1595 5.
304 1545 422 1669 calorgio
436 1543 466 1605 Ε,
485 1557 518 1594 ex
535 1542 592 1594 aliis
608 1541 692 1594 codd.
706 1541 734 1593 C.
749 1569 775 1579 -
790 1542 814 1592 6.
826 1543 1024 1607 Dissiqnatorem
1032 1544 1077 1595 Ec.
1092 1569 1118 1580 -
1132 1545 1170 1595 40.
1187 1559 1253 1608 pm·

232 1633 276 1670 ma
291 1632 358 1669 aiam
398 1657 402 1667 .

198 1760 284 1834 βριας
308 1755 430 1832 Τρώγων
453 1755 582 1832 καθεύδῃ
610 1753 722 1831 χλωρά,
759 1772 807 1809 aaa
822 1759 919 1824 biacia
934 1763 1023 1810 amiur
1038 1773 1141 1812 accenso
1157 1764 1286 1814 etiictari-

199 1833 321 1908 πυρετὸς
332 1830 440 1899 εὐθέως
451 1828 531 1886 ‘Haec
541 1837 658 1907 τρέχων.
680 1837 724 1885 Al·
760 1834 812 1884 ltas.
827 1833 883 1884 Noli
895 1833 1023 1898 igiturvel
1037 1837 1152 1900 cogitare
1162 1836 1196 1887 de
1205 1840 1287 1902 magi-

199 1915 290 1963 tamen
308 1911 390 1962 credo
405 1913 515 1976 patiam
530 1924 574 1961 w.
590 1913 653 1976 {tua
664 1911 725 1973 pri-
760 1911 891 1960 stratuum
912 1908 1050 1961 lictoribus
1071 1912 1179 1975 proprie
1198 1911 1285 1976 dietis,

198 1999 243 2036 ma
267 1988 375 2050 tempus
400 1985 539 2036 dumtaxat
563 1985 638 2042 anni,
670 1999 723 2035 non
761 1983 804 2034 vel
826 1984 852 2034 in
876 1985 934 2048 ipso
953 1983 1085 2035 vocabulo
1107 1984 1203 2037 insoliti
1221 1987 1287 2052 quid

102 2095 106 2102 ·
199 2061 282 2112 labris
297 2073 330 2110 er
341 2061 420 2111 buius
432 2059 534 2111 tructus
546 2060 723 2124 intemperato
761 2061 807 2109 aut
824 2059 904 2109 etiam
921 2057 998 2109 iaceti
1016 2072 1157 2124 quaerere.

198 2149 250 2188 usu
274 2134 424 2200 periculum
450 2134 615 2198 designasse.
652 2136 721 2195 lam,
793 2133 849 2184 7-9.
867 2135 1010 2185 maceraida
1023 2135 1110 2196 pailet]
1129 2137 1285 2188 «materia-

199 2213 264 2275 quot
298 2212 451 2274 meumque
485 2209 638 2260 discrimina
675 2221 724 2274 per
761 2206 910 2272 dulgentiue
928 2207 1050 2273 plausae
1063 2212 1155 2260 tenera
1167 2225 1228 2262 cum
1241 2227 1289 2278 pa·

199 2297 334 2342 summam
352 2287 483 2334 aestatem
494 2285 594 2334 Romae
606 2297 725 2334 commo·
760 2286 800 2334 tre
819 2284 896 2334 anxie
914 2285 1004 2346 timet,
1029 2297 1062 2335 ne
1085 2282 1161 2337 liberi
1185 2287 1287 2340 morbis

198 2358 320 2410 rantibus
343 2359 455 2420 instent,
478 2357 619 2410 artificiosa
643 2371 724 2422 exag·
761 2357 952 2423 abripiuntur.»
972 2388 1000 2396 -
1020 2360 1287 2424 officiosaqaesedali·

199 2436 283 2497 gerat.
297 2461 325 2470 -
339 2435 515 2498 Desiqautores
531 2433 725 2498 (Leicbenbe-
761 2432 809 2499 tas]
834 2434 876 2483 «in
898 2435 1018 2498 patronis
1040 2433 1185 2488 salutandis
1206 2439 1287 2502 atque

199 2507 324 2572 statier)
348 2509 486 2573 mancipas
509 2511 585 2560 erant
607 2511 635 2559 et
651 2509 725 2559 ordi·
762 2511 788 2559 iu
814 2508 911 2559 Forum
935 2508 1113 2570 deducendis,
1141 2513 1167 2562 in
1189 2514 1288 2565 ceteris

200 2585 308 2634 uetares
334 2581 470 2644 lunarum,
502 2585 548 2648 qui
576 2596 626 2647 pro
652 2585 724 2633 carta
763 2585 870 2644 amicis,
889 2584 1019 2648 imprimis
1038 2583 1213 2648 cubantibus,
1233 2586 1288 2638 ire-

200 2657 326 2708 mercede
343 2656 435 2708 lunera
453 2658 584 2710 curabant
597 2658 679 2709 adiuti
691 2656 725 2707 ab
763 2660 878 2721 quanter
897 2658 1031 2710 visendis·
1054 2661 1104 2709 cet.
1134 2659 1210 2710 Adde
1231 2662 1289 2712 evi-

200 2731 360 2783 administris
377 2733 467 2784 atratis
484 2745 506 2784 s.
528 2731 647 2797 pullatis,
666 2731 727 2782 libi-
764 2732 831 2783 dens
841 2731 993 2796 exemplum
1006 2733 1059 2781 Sat.
1073 2734 1100 2792 2,
1115 2733 1143 2794 a,
1162 2733 1208 2784 at:
1227 2734 1290 2785 late

199 2807 299 2857 tinarbs
316 2806 472 2857 minoribus.
500 2806 553 2858 Cir.
567 2809 668 2857 Seneca
681 2806 728 2857 de·
763 2807 899 2856 mmndam
914 2807 1016 2855 Roscius
1026 2806 1116 2856 orabat
1131 2807 1178 2856 sibi
1193 2809 1291 2859 ademar

199 2880 289 2930 Benel.
309 2881 336 2942 6,
356 2881 407 2944 38,
425 2880 472 2932 ubi
489 2882 572 2945 iungit
588 2883 728 2945 decimo-
764 2883 798 2931 ad
817 2880 905 2930 maai
926 2893 993 2929 cras.
1021 2907 1048 2916 -
1073 2881 1155 2943 opalia
1175 2883 1289 2948 faenus]

199 2967 240 3005 res
256 2960 281 3005 ct
298 2955 456 3006 libitinarios.
478 2955 542 3006 Tab.
562 2955 666 3006 Heracl.
681 2955 724 3005 ed.
765 2955 933 3020 «quotidiana
951 2955 1070 3018 negotia,
1089 2953 1187 3019 quibus
1206 2957 1232 3006 in
1244 2958 1291 3008 l'o·

200 3027 332 3080 llerezoll.
345 3031 427 3094 pti:
445 3043 584 3091 neaeman,
598 3031 641 3092 qui
649 3043 726 3093 prae-
764 3043 794 3080 ro
828 3028 967 3079 dumtamt
999 3041 1095 3080 vacare
1128 3044 1288 3095 possumus,

199 3106 313 3166 ccaiaan,
339 3105 542 3169 dissipnatioaem
568 3103 622 3168 (sic)
648 3104 726 3153 iiiiii·
762 3107 902 3168 tamquam
920 3103 1055 3164 advocati,
1074 3118 1232 3169 sponsores,
1251 3111 1291 3157 te·

199 3191 289 3229 mutue
303 3178 392 3241 fadai,
404 3205 435 3216 ··
445 3179 625 3243 mapistratwn
634 3191 727 3228 renuu-
763 3181 844 3230 stes.»
874 3179 928 3229 cir.
942 3181 996 3229 Sat.
1009 3180 1037 3241 2,
1057 3180 1085 3239 6,
1104 3181 1136 3230 20
1148 3193 1188 3244 sq.
1202 3183 1288 3232 Marii-

199 3255 269 3304 tiuto.
288 3255 371 3303 luscr.
382 3266 418 3303 m.
429 3254 485 3303 Lat.
497 3253 528 3302 N.
539 3252 618 3303 tata:
633 3252 726 3303 pnls-
762 3253 824 3304 land
837 3253 870 3304 ad
883 3255 947 3304 Stat.
959 3252 1020 3304 Silv.
1030 3267 1057 3318 p.
1069 3253 1126 3305 344.
1138 3255 1180 3304 ed.
1192 3256 1288 3308 Dresd.

200 3329 247 3380 00.
277 3328 372 3378 lbera.
402 3327 626 3378 DlSSlGNATOll.
657 3327 724 3377 item
764 3357 792 3365 -
810 3329 930 3393 resipiat]
950 3328 1044 3391 «iacit,
1061 3331 1092 3379 ut
1109 3342 1200 3381 coram
1216 3331 1291 3382 testi-

200 3403 413 3455 DlSSlGNATOll
422 3402 493 3468 apud
503 3403 592 3453 Osann
604 3404 723 3467 lusenp.
761 3403 813 3454 bus
841 3404 938 3468 aperiri
967 3403 1101 3465 debeant,
1132 3417 1212 3466 oum,
1244 3407 1289 3470 qui

190 3477 256 3529 Ι475.
284 3476 385 3538 Quibus
403 3471 436 3527 eir
453 3476 519 3529 locis
529 3480 604 3542 patet
614 3477 727 3542 scriptu·
762 3479 940 3542 scripserunt,
959 3481 1074 3530 mortem
1087 3477 1227 3530 obierint·
1246 3479 1285 3530 Cl.

200 3565 257 3602 ram
271 3553 424 3616 dissipaator
436 3565 489 3603 nou
503 3552 608 3603 mediae
618 3552 726 3603 dumia-
762 3554 867 3603 Lucian.
898 3553 963 3603 Tim.
988 3555 1028 3604 22.
1051 3553 1085 3603 de
1114 3556 1288 3605 testamento:

200 3628 244 3676 xat
260 3627 354 3678 aetatis
366 3627 541 3692 scriptoribus
554 3627 667 3679 librariis
679 3627 726 3677 de·
762 3624 877 3678 ἐπειδὰν
894 3622 927 3677 τὸ
942 3631 1066 3694 σημεῖον
1078 3621 1226 3715 ἀφαιρεθῇ
1238 3629 1288 3677 καὶ

200 3699 267 3762 beri,
278 3701 327 3752 sed
339 3703 483 3767 antiquitus
494 3705 547 3754 iam
558 3703 640 3754 luisse
649 3715 728 3754 usur·
762 3699 796 3754 τὸ
819 3701 899 3754 λίνον
921 3701 1051 3774 ἐντμηθῇ
1075 3705 1126 3753 καὶ
1149 3720 1168 3770 η
1191 3700 1289 3764 δέλτος

199 3779 298 3840 patam.
309 3776 558 3828 l‘laut.Poen.Prol.
569 3777 613 3828 ⁴9:
626 3777 725 3839 ll'eulin
762 3773 889 3848 ἀνοιχθῇ
912 3778 962 3828 καὶ
979 3773 1170 3850 ἀνακηρυχθῇ
1189 3769 1206 3827 ὁ
1223 3793 1289 3827 και-

201 3850 312 3914 theatrc)
323 3853 476 3916 dampnatur
485 3857 590 3915 practer
601 3867 628 3903 os
638 3853 726 3903 obam-
762 3849 813 3915 νὸς
829 3848 972 3919 δεσπότης
989 3851 1049 3903 κτλ.

200 3923 272 3976 bidei.
281 3927 553 3976 -V.decoratautem
562 3929 653 3977 nascio
660 3926 725 3990 quid
796 3927 878 3978 40-43.
898 3927 998 3992 Quodsi]
1012 3929 1042 3978 ii.
1054 3925 1071 3976 l.
1085 3927 1214 3990 temporis
1225 3940 1288 3981 con-

199 3999 276 4050 lacati
288 3999 371 4051 babet
385 4014 433 4066 pro
446 4001 530 4063 stipat.
552 4002 678 4051 Ceterum
693 4001 726 4049 li·
763 4002 840 4052 dicio.
872 4000 910 4052 Cf.
924 4003 977 4052 Sat.
990 4003 1019 4063 b,
1034 4001 1062 4059 3,
1077 4001 1115 4050 40.
1135 4001 1205 4064 Virg.
1220 4003 1285 4053 ten.

198 4080 311 4135 amman,
329 4077 359 4125 ut
370 4075 431 4125 alibi
443 4073 591 4136 interdum,
605 4075 726 4126 omnium
762 4079 791 4140 t,
805 4075 850 4127 st:
869 4079 1016 4138 Praeterea,
1035 4077 1135 4124 daona
1145 4075 1209 4124 diem
1221 4090 1289 4126 mor-

199 4151 377 4212 appuriteraan
399 4150 522 4214 generale
547 4153 589 4201 eet
612 4163 724 4209 nomem
761 4151 959 4202 tatibtaalmum
974 4151 1212 4200 Auroracatuierit.
1242 4153 1288 4203 ili·

199 4225 238 4275 sic
256 4225 282 4274 in
294 4223 377 4274 Plauti
394 4226 475 4276 Poen.
490 4223 557 4275 Prcl.
578 4225 616 4276 48.
636 4228 663 4275 et
683 4225 723 4276 49.
761 4239 811 4277 nus
823 4228 897 4276 recte
910 4222 1066 4276 Groebeliue
1078 4225 1193 4276 coniecit
1204 4226 1288 4289 Quid?

199 4301 264 4350 item
284 4299 400 4362 iungitur
416 4299 490 4350 lictor
512 4303 538 4352 et
564 4301 722 4365 dissiqnamr.
760 4302 862 4354 stacta
882 4312 942 4351 uem
959 4298 1042 4350 codd.
1056 4297 1134 4350 lectio
1146 4299 1287 4365 tranquille
1348 4321 1359 4331 ν

200 4373 239 4425 Cl.
253 4375 308 4426 Cic.
322 4373 356 4424 de
374 4375 453 4438 Legg.
466 4376 495 4437 2,
509 4374 555 4437 44,
575 4376 601 4425 al
616 4390 621 4424 :
643 4377 725 4426 domi-
762 4373 933 4426 deliberantis
945 4375 998 4434 est,
1018 4374 1060 4424 bic
1072 4375 1201 4439 imprimis
1214 4379 1283 4440 apta.

256 4466 464 4514 duramenti.
494 4479 535 4514 se.
550 4478 602 4514 ιω.
621 4467 658 4513 ill.
1087 4467 1115 4514 29
