3082 4968
679 408 808 459 florarii
826 409 1011 462 sarlatensi

628 619 991 681 EXCUBSUS
1031 623 1057 680 Ι.

734 755 772 803 An
789 765 833 803 vv.
852 753 893 805 74.
912 755 953 803 75.

361 857 499 919 Ingeniosa
515 855 549 906 de
562 859 734 906 controverso
750 855 803 906 boc
819 853 879 905 loco
891 857 977 906 exstat
988 855 1131 920 disputatio
1142 857 1172 907 C.
1187 858 1213 908 F.
1228 857 1386 920 llermanni‚

297 938 431 1004 blarburgi
448 940 531 1001 ⁴838,
550 952 631 1003 quam
648 939 691 990 bic
709 951 855 1004 excerpere
872 941 952 990 iuvat.
971 942 1000 990 P.
1013 938 1057 990 3l:
1078 940 1170 1001 «Quod
1187 940 1241 992 dixi
1259 941 1331 994 nullo
1342 957 1390 993 ve-

296 1027 386 1074 terum
402 1024 553 1075 testimonio
571 1022 650 1073 aliam
667 1023 805 1073 beatorem
821 1023 1042 1086 significationem
1054 1027 1191 1088 constare,
1210 1026 1261 1077 nisi
1272 1039 1343 1090 quae
1355 1027 1391 1078 ad

295 1109 439 1173 pecuniam
456 1105 553 1158 aliasve
572 1107 629 1158 eius
646 1107 751 1170 generis
773 1119 817 1157 res
839 1107 972 1172 pretiosas
989 1107 1144 1160 condendas
1161 1113 1309 1174 spectaret,
1336 1124 1391 1161 non

297 1205 357 1242 eam
373 1193 429 1242 vim
445 1191 540 1252 babet,
574 1193 604 1241 ut
615 1191 638 1241 si
649 1189 701 1240 loci
712 1188 823 1241 alicuius
836 1191 966 1242 sententia
978 1191 1005 1241 id
1018 1191 1105 1256 ipsum
1117 1191 1242 1257 postulet,
1260 1191 1392 1246 librorum

295 1277 438 1341 pariterue
455 1287 623 1338 gemmarum
634 1271 677 1323 vel
695 1273 808 1324 clavium
821 1274 979 1334 conditoria,
998 1287 1068 1338 quae
1079 1274 1144 1327 alias
1155 1289 1250 1339 capsae
1260 1291 1282 1328 s.
1296 1278 1393 1329 sertata

296 1357 513 1425 appellabantur,
538 1357 685 1422 significare
704 1371 783 1423 posse
801 1371 912 1421 negem,
937 1371 1053 1423 cumque
1072 1359 1185 1410 tabulam
1201 1361 1256 1412 iam
1272 1375 1287 1410 a
1305 1361 1392 1412 Scho-

296 1442 371 1494 liasta
388 1441 422 1492 ad
447 1440 583 1492 scribendi
607 1440 809 1492 meditationem
828 1442 921 1493 reterri
952 1442 1106 1504 videamus,
1134 1445 1236 1495 tantum
1259 1444 1339 1495 abest
1362 1449 1393 1496 ut

296 1524 428 1591 Epistulae
447 1527 471 1585 t,
490 1526 518 1586 l,
537 1525 578 1576 56.
597 1523 688 1578 locum
706 1527 758 1577 boc
774 1527 865 1576 vetare
883 1525 1011 1588 arbitrer,
1034 1541 1068 1578 ne
1085 1527 1178 1580 beatos
1193 1541 1243 1593 pro
1260 1526 1393 1580 librorum

296 1612 504 1673 chartarumque
522 1611 549 1658 et
565 1608 616 1660 stili
633 1610 797 1674 repositoriis
813 1609 975 1672 babeamus,
994 1613 1024 1661 ut
1042 1609 1082 1662 vel
1099 1613 1246 1662 maximum
1257 1613 1315 1663 eius
1327 1625 1393 1663 ecu-

296 1708 359 1746 men
375 1695 526 1759 periturum
548 1705 609 1744 esse
626 1693 728 1755 dicam,
754 1694 776 1744 si
800 1695 945 1756 gestamina
964 1693 1046 1745 laevis
1062 1694 1182 1745 humeris
1200 1707 1332 1760 suspensa
1350 1697 1392 1747 le-

296 1780 451 1830 neratorum
469 1779 571 1828 tanturn
588 1778 764 1828 instrumenta
781 1779 948 1840 necessaria,
973 1791 1028 1828 non
1044 1777 1123 1829 simul
1145 1779 1227 1829 etiam
1248 1778 1392 1832 scholasti-

296 1875 390 1914 corum
407 1862 526 1927 speciem
543 1859 660 1925 aliquam
672 1863 851 1922 continerent,
870 1862 968 1926 quibus
986 1861 1020 1912 illi
1037 1863 1160 1926 quamvis
1172 1862 1253 1913 adulti
1266 1863 1392 1928 adeoque

294 1947 415 2011 provecti
432 1947 520 1995 aetate
538 1948 628 1996 tamen
645 1948 756 2010 propter
768 1947 925 1996 caecitatem
938 1947 965 1996 et
982 1944 1149 1997 illiberalium
1160 1946 1310 1997 studiorum
1323 1950 1392 1999 assi-

295 2027 425 2080 duitatenl
441 2042 495 2079 non
512 2030 568 2080 siue
587 2042 684 2092 magno
701 2027 816 2079 ludibrio
834 2031 861 2079 et
879 2029 933 2080 sale
951 2033 1148 2094 comparantur.
1183 2031 1276 2094 Neque
1300 2031 1328 2082 in
1347 2031 1391 2084 his

295 2114 425 2174 consisto,
444 2111 494 2162 sed
510 2113 610 2162 Satires
629 2125 736 2176 quoque
754 2112 828 2172 loco,
848 2111 891 2162 illo
908 2126 989 2164 versu
1007 2115 1128 2175 servato,
1155 2125 1256 2164 novum
1272 2127 1391 2167 acumen

294 2196 425 2246 accedere
443 2198 522 2260 puto,
549 2196 655 2259 dequo
674 2195 719 2256 iis,
747 2197 792 2258 qui
817 2198 901 2246 totam
918 2197 1066 2248 sententiae
1083 2198 1137 2246 vim
1161 2197 1188 2248 in
1211 2196 1391 2252 calcidatoriis

294 2279 387 2332 studiis
405 2279 546 2330 irridendis
564 2281 692 2330 contineri
712 2280 923 2339 arbitrabantur,
950 2279 1012 2330 nibil
1030 2280 1160 2343 suboluit,
1185 2281 1262 2334 uobis
1280 2285 1389 2344 autem,

294 2365 340 2428 qui
357 2362 543 2415 liberalitatem
561 2364 658 2414 lloratil
675 2363 757 2427 patris
769 2365 956 2415 centurionum
973 2365 1151 2428 parsimoniae
1163 2367 1189 2416 in
1201 2364 1315 2417 tiliorum
1327 2379 1391 2417 suo-

294 2461 355 2499 rum
372 2449 533 2499 institutione
552 2447 651 2512 opponi
667 2446 797 2508 vidimus,
817 2449 1046 2512 exoptatissimum
1058 2447 1189 2499 calculum
1202 2450 1320 2501 adiiciat:
1339 2463 1389 2502 so-

294 2531 433 2583 litudinem
461 2531 536 2593 dico,
564 2543 616 2594 qua
640 2532 826 2581 centurionum
851 2531 927 2595 pueri
952 2530 1054 2582 loculos
1079 2531 1238 2598 tabulasque
1261 2535 1316 2585 suis
1337 2535 1390 2599 ipsi

293 2617 414 2667 humeris
439 2617 558 2679 gestasse
585 2615 720 2676 dicuntur,
748 2628 834 2678 quum
859 2615 982 2666 Horatius
1008 2617 1077 2666 inter
1102 2614 1219 2680 reliquas
1240 2619 1325 2682 patris
1346 2621 1389 2670 sui

294 2699 387 2750 laudes
404 2699 474 2749 banc
491 2711 599 2762 quoque
615 2700 708 2762 ponat:
727 2704 818 2748 vestam
833 2713 966 2762 nouosque
982 2707 1122 2762 sequentes,
1139 2702 1168 2750 ln
1184 2715 1276 2766 magno
1293 2707 1321 2752 at
1334 2717 1386 2766 po·

290 2784 367 2847 peto,
393 2783 414 2832 si
436 2783 492 2846 quis
510 2783 621 2844 emese,
648 2784 719 2832 ovito
739 2784 783 2834 lla
798 2797 827 2833 re
845 2784 963 2846 praebere·
980 2789 1092 2848 suspiras
1107 2785 1168 2835 mili
1185 2787 1295 2838 crcdmet
1311 2787 1386 2838 illos:

293 2879 432 2931 quumque
450 2868 533 2917 totam
551 2865 759 2931 descriptionem
776 2867 811 2917 ita
829 2868 976 2918 institutam
993 2881 1054 2920 esse
1066 2869 1219 2932 videamus,
1237 2872 1268 2920 ut
1283 2870 1388 2935 singula

293 2951 402 3014 singulis
418 2949 613 3014 respondeant,
632 2950 731 3014 optime
749 2951 870 3014 prolecto
888 2951 1030 3003 nobiscum
1047 2955 1151 3014 actum,
1170 2954 1243 3017 quod
1259 2955 1301 3005 bis
1317 2967 1388 3018 quo-

293 3047 346 3097 que
363 3035 508 3096 invenitur,
534 3033 607 3098 qnod
624 3035 722 3098 opponi
739 3036 832 3098 possit.
868 3034 973 3086 Scilicet
993 3049 1093 3100 pueros
1116 3037 1143 3086 in
1163 3035 1269 3089 scholas
1291 3041 1387 3090 euntes

293 3119 414 3169 comitari
439 3117 561 3169 solebant
585 3119 697 3180 capsarii
722 3131 785 3169 cum
810 3119 895 3170 thecis
921 3118 1070 3170 calamariis
1092 3118 1135 3170 vel
1161 3121 1330 3185 graphiaria,
1356 3125 1388 3172 ut

292 3202 410 3252 Suetonii
428 3201 528 3266 (Claud.
542 3202 592 3266 35.)
611 3201 701 3252 verbis
719 3204 790 3263 utar,
809 3202 890 3266 idque
908 3205 1007 3253 liomae
1021 3203 1089 3253 adeo
1107 3203 1232 3254 usitatum
1250 3203 1332 3255 tuisse
1345 3207 1387 3255 ai-

292 3285 383 3349 detur,
407 3287 438 3336 ut
454 3284 583 3337 luvenalis
601 3287 674 3336 certe
692 3287 779 3335 aetate
796 3283 839 3336 vel
860 3285 905 3349 qul
927 3287 1008 3336 adbuc
1024 3300 1075 3336 ooo
1096 3291 1201 3349 portem
1217 3289 1307 3338 coleret
1329 3303 1386 3342 asse

291 3371 447 3430 umore,
474 3381 537 3418 eum
560 3370 650 3419 tamen
673 3373 755 3418 matos
777 3373 899 3433 anmatos
914 3369 1022 3419 amulo
1037 3383 1129 3432 capsas
1146 3373 1306 3436 sequeretur
1325 3373 1384 3436 (til,

292 3451 370 3514 ⁴⁴7·)3
384 3451 481 3514 quodsi
491 3452 559 3501 baec
571 3451 670 3504 Horatii
682 3453 814 3502 sententia
824 3455 874 3514 est,
886 3453 1020 3504 Venusiae
1033 3468 1066 3505 ne
1075 3455 1260 3506 centurionum
1272 3455 1385 3519 quidem

291 3547 403 3600 pueros,
431 3535 477 3597 qui
502 3533 577 3585 facile
603 3534 737 3599 principes
762 3536 789 3587 in
811 3549 843 3585 eo
866 3537 1011 3601 municipio
1029 3541 1134 3599 essent,
1161 3539 1272 3590 comites
1289 3552 1385 3592 secum

291 3620 431 3677 babuisse,
451 3619 496 3682 qui
513 3619 541 3668 in
557 3615 650 3668 ludum
667 3618 793 3670 itautibus
810 3619 903 3670 locutor
920 3619 1080 3682 mittamque
1096 3625 1245 3686 gestarent,
1274 3624 1339 3687 quid
1357 3625 1385 3675 in

291 3703 340 3754 illis
356 3701 449 3754 loculis
465 3701 602 3752 conditum
619 3701 710 3764 luerit,
728 3716 781 3753 non
798 3702 912 3768 multum
929 3705 1024 3769 opinor
1040 3705 1209 3768 canabinas,
1227 3705 1308 3756 modo
1320 3706 1385 3758 lllud

290 3788 467 3846 retineamus,
495 3784 567 3849 quod
592 3784 643 3836 dici
670 3799 723 3836 nou
748 3789 837 3851 potest
863 3791 991 3850 quantum
1017 3791 1096 3839 totius
1122 3790 1243 3853 imaginis
1262 3793 1385 3855 vigorem

290 3873 398 3934 augeat,
416 3871 447 3920 ut
462 3870 514 3920 bac
525 3883 633 3934 quoque
651 3871 677 3920 in
695 3883 723 3920 re
742 3871 841 3921 lloratii
857 3872 941 3935 patris
958 3871 1139 3922 munificentia
1151 3874 1318 3938 apparuerit,
1338 3877 1384 3939 qui

291 3966 354 4006 cum
371 3955 498 4018 lupatria
516 3955 596 4005 etiam
614 3955 754 4005 comitatus
771 3954 922 4019 sumptibus
938 3969 1050 4021 parcere
1068 3960 1173 4021 posset,
1201 3971 1235 4008 ne
1254 3959 1304 4010 bac
1322 3961 1385 4023 qui-

291 4038 353 4090 dem
372 4052 401 4089 re
419 4037 577 4090 absterritus
594 4041 646 4100 est,
666 4039 807 4102 quominus
820 4052 884 4090 eum
901 4041 1012 4091 Romam
1024 4039 1185 4102 deduceret,
1205 4041 1251 4092 ubi
1267 4056 1383 4107 puerum
1403 4053 1408 4060 ·

291 4123 348 4174 sine
366 4123 493 4172 comitatu
510 4122 536 4171 in
554 4119 675 4174 scholam
692 4123 799 4173 mittere
817 4124 926 4174 omuino
944 4138 998 4175 non
1020 4127 1151 4190 poterat.»

356 4207 384 4256 P.
407 4205 453 4256 29:
484 4207 587 4256 «Feriis
609 4205 731 4257 deductis
756 4207 778 4258 si
804 4209 865 4256 ooto
892 4209 994 4257 mnium
1019 4209 1081 4258 anni
1108 4207 1248 4261 mensibus
1274 4208 1382 4261 soboles

289 4289 394 4344 habitas
406 4303 466 4342 esse
479 4291 644 4354 apparuerit,
663 4289 738 4342 facile
755 4289 926 4356 intelligetur,
946 4302 994 4342 cur
1006 4291 1099 4342 oswod
1115 4291 1285 4356 potissimum
1297 4293 1382 4344 lctibus
