3174 4974
619 485 678 536 ΗΒ.
697 488 716 535 l.
751 485 849 536 Epist.
868 485 921 536 iiii.

276 645 369 710 Forte
391 662 498 707 meum
521 641 547 706 si
572 641 645 729 quis
668 651 699 708 te
721 640 962 729 percontabitur
983 661 1113 716 aevum,

274 765 324 830 lde
347 771 462 850 quater
483 761 631 828 undenos
653 761 734 828 sciat
755 761 939 850 implevisse
961 762 1174 839 Decembres,

275 882 438 970 Collegam
459 883 617 970 Lepidum
638 904 704 971 quo
727 881 817 950 duxit
836 882 956 950 Lollius
978 903 1072 949 anno.

300 1063 340 1112 so.
357 1061 563 1125 parcrtnetobitur
579 1063 619 1112 ct.
641 1088 667 1098 -
686 1062 728 1111 st.
747 1061 883 1111 decembris
899 1062 927 1112 E.
949 1088 974 1099 -
995 1061 1035 1110 sti.
1049 1061 1123 1111 detuit
1139 1061 1209 1112 Libri
1221 1065 1284 1125 noti,

264 1137 345 1187 etiem
362 1138 455 1188 nostri:
474 1137 541 1186 dicit
557 1136 697 1199 Doeriugio
715 1137 823 1186 auctore
842 1137 875 1187 it.

232 1297 290 1346 dere
306 1297 420 1345 ttamen.
456 1294 579 1344 Horatius
600 1296 689 1344 sutem
709 1307 757 1344 na·
795 1293 871 1355 quasi
889 1294 1016 1342 comitem
1028 1291 1161 1356 aliquanto
1175 1294 1319 1346 tardiorem

233 1372 275 1420 tus
292 1383 315 1418 a.
329 1383 356 1418 u.
370 1383 394 1419 o.
409 1369 465 1420 689.
484 1381 508 1418 a.
523 1382 549 1418 u.
564 1381 587 1417 c.
600 1369 657 1417 iss.
671 1369 756 1418 liLlV.
794 1367 868 1415 doust
884 1365 1022 1430 Lepidum.
1052 1368 1090 1417 Ex
1101 1367 1205 1418 duabus
1222 1368 1319 1418 horum

232 1456 317 1494 annos
334 1445 412 1510 natus
430 1445 496 1492 erat.
518 1469 545 1478 -
568 1442 694 1505 Cottopom
710 1444 758 1492 Le·
796 1439 934 1490 consulum
959 1442 1173 1504 inscriptionibus
1194 1441 1236 1492 vel
1255 1456 1319 1507 pro-

229 1519 319 1581 ptdum
335 1531 384 1578 quo
399 1515 481 1579 discit]
499 1513 689 1580 Explicandum
706 1517 757 1566 hoc
795 1517 855 1578 pter
863 1514 997 1576 quandam
1007 1515 1187 1567 urbanitatem
1194 1515 1236 1565 vel
1243 1516 1320 1567 dum-

233 1593 275 1642 est
291 1605 324 1640 ex
337 1591 429 1640 Cassio
441 1591 524 1640 Dione
536 1589 580 1650 st,
594 1591 618 1640 6.
645 1592 696 1640 Per
707 1593 759 1639 Au·
795 1590 866 1638 taxat
881 1591 991 1652 propter
1007 1590 1127 1640 variandi
1145 1590 1262 1642 studium
1280 1589 1319 1640 al-

232 1666 302 1730 gusti
319 1663 468 1714 absentiam
487 1663 519 1726 (a.
538 1676 564 1712 u.
585 1677 608 1712 c.
622 1663 689 1724 732.)
708 1677 758 1727 po·
795 1664 851 1713 tera
869 1663 936 1712 lisec
954 1665 1009 1713 est:
1028 1665 1218 1715 it.LOLL1VS.
1239 1667 1275 1714 lli.
1288 1665 1316 1714 F.

232 1738 310 1804 putus
327 1740 461 1789 Romanus
479 1738 504 1786 in
520 1736 643 1788 creandis
660 1749 759 1786 consu·
796 1737 824 1798 ο.
838 1735 982 1786 LEPIDVS.
1001 1739 1046 1788 Μ’.
1059 1738 1099 1796 li„
1112 1737 1209 1788 altera:
1224 1740 1253 1801 0.
1266 1740 1319 1789 Lli-

231 1813 301 1864 libus
318 1809 447 1862 seditione
465 1811 577 1874 agitatus
601 1813 651 1861 est.
687 1811 758 1860 Con·
793 1809 897 1861 PlDVS.
918 1811 963 1860 Μ’.
982 1811 1213 1862 rescidistis
1232 1814 1267 1862 iti.
1288 1813 1316 1862 F.

232 1887 334 1940 sulatds
351 1885 459 1951 quidem
475 1885 549 1936 locus
561 1884 628 1936 alter
639 1886 757 1948 Augusto
794 1883 825 1932 V.
839 1881 909 1933 Piale
918 1884 1011 1934 annoti
1019 1886 1125 1946 ponttdi
1134 1887 1212 1936 imno
1223 1899 1250 1950 p.
1258 1887 1315 1937 208.

232 1962 402 2020 servabatur,
421 1959 537 2024 ideoque
555 1961 617 2010 anni
630 1959 687 2010 733.
707 1961 758 2010 ini·
795 1955 890 2006 colluto
907 1958 1027 2008 Excursu
1038 1960 1057 2008 l.
1075 1959 1109 2008 ad
1121 1961 1174 2010 Sat.
1187 1961 1216 2021 2,
1233 1959 1261 2020 3,
1276 1959 1316 2010 36.

233 2039 268 2087 tio
293 2037 327 2087 ll.
349 2032 446 2084 Lollius
469 2033 584 2098 primum
602 2032 674 2084 solus
692 2046 757 2082 con·
794 2031 832 2080 De
858 2028 980 2080 libertate
1002 2035 1125 2083 autema
1144 2031 1274 2084 nonnullis
1292 2034 1318 2083 in

231 2110 346 2164 sulatum
358 2108 452 2172 gessia
467 2109 580 2158 Caesare
593 2109 755 2158 autemeum
793 2104 950 2156 invertendo
968 2106 1106 2158 consulum
1125 2107 1217 2158 ordine
1235 2109 1318 2158 inter*

231 2187 362 2236 honoram
380 2195 433 2232 nou
450 2181 596 2244 accipiente
615 2181 645 2241 Q.
665 2183 756 2231 lemi—
794 2177 858 2228 dum
884 2183 1011 2243 usurpata
1037 2179 1084 2230 cir.
1103 2182 1195 2232 Marini
1216 2181 1318 2232 iratam

231 2259 281 2310 lius
303 2258 342 2308 itt'.
364 2257 391 2307 F.
414 2255 528 2320 Lepidus
555 2257 582 2304 et
602 2257 630 2305 L.
653 2254 756 2305 Silanus
792 2253 881 2302 Amuli
896 2267 923 2317 p.
942 2253 1000 2304 ill.
1019 2260 1080 2304 noto
1096 2254 1156 2316 tet,
1172 2257 1194 2305 l.
1214 2256 1318 2306 stBor-

232 2347 294 2385 eum
327 2331 495 2395 petiverunt;
531 2329 620 2391 itaque
655 2329 756 2378 ambitu
793 2329 868 2391 ghesi
879 2327 942 2377 Ana.
954 2327 1007 2378 dett
1018 2329 1077 2378 lust.
1088 2329 1141 2378 iiii.
1155 2342 1181 2393 p.
1192 2329 1250 2380 iso.
1270 2331 1319 2379 Cs-

232 2410 321 2459 omnia
345 2407 384 2458 sic
410 2403 618 2464 conturbarunt,
645 2406 675 2452 ut
691 2417 757 2467 pru-
794 2403 882 2450 terum
894 2402 927 2451 de
939 2414 1004 2452 vero
1013 2403 1109 2453 horum
1118 2415 1245 2453 versuum
1254 2415 1318 2453 sen-

231 2485 327 2534 dentes
350 2481 398 2530 vlri
416 2481 563 2542 Augustum
582 2479 693 2528 Romam
712 2491 757 2527 re·
794 2489 826 2526 su
843 2475 890 2525 cir.
910 2477 1144 2527 introductionem.
1173 2477 1317 2542 (Deeringil

231 2560 367 2609 vocarant.
385 2556 445 2618 lpse
458 2553 566 2617 quidem
579 2553 756 2602 Romamnon
794 2551 859 2599 dicit
883 2550 925 2600 est
946 2563 979 2599 ex
1000 2551 1031 2601 lis
1049 2551 1223 2611 coniecturis,
1248 2565 1316 2615 quae

232 2633 322 2693 rediit,
345 2629 394 2680 sed
418 2627 571 2678 candidatos
595 2626 629 2676 ad
646 2639 675 2677 ss
692 2640 757 2690 pro-
793 2625 945 2686 ingeniosae
954 2625 1072 2688 quidem,
1085 2625 1134 2675 sed
1144 2638 1195 2675 nou
1209 2637 1317 2688 prorsus

232 2709 314 2759 lectos
332 2705 428 2754 acriter
444 2701 589 2765 increpuit,
616 2702 756 2764 iussosque
794 2700 962 2747 necessariae
984 2699 1127 2759 certosque
1149 2701 1217 2748 sunt⁴
1263 2699 1318 2748 Pir-

233 2794 294 2832 cum
311 2778 433 2840 sutfragia
451 2776 585 2825 terrentur
601 2773 697 2825 abesse
715 2775 758 2824 di·
794 2783 868 2820 msre
886 2773 976 2821 autem
994 2784 1054 2820 eam
1076 2773 1187 2820 conatus
1204 2773 1245 2819 ast
1261 2773 1315 2820 Liv.

233 2855 312 2905 misit.
337 2850 421 2902 Nihilo
438 2848 500 2899 indo
513 2847 630 2899 sedatius
642 2861 687 2898 res
698 2851 757 2898 acta
793 2846 819 2905 t,
832 2844 877 2895 et:
895 2846 989 2908 inponit
1005 2846 1085 2895 studio
1098 2851 1204 2907 potrum
1220 2849 1319 2894 matus

203 2949 209 2958 ·
233 2931 287 2988 est,
315 2927 364 2978 sed
383 2925 484 2975 tantum
503 2923 591 2973 denuo
612 2923 756 2974 lactionum
793 2918 879 2968 conati
896 2917 1037 2981 (Camillus)
1050 2919 1170 2983 collegam
1180 2918 1226 2980 Ap.
1241 2917 1316 2968 Olou-

232 3015 264 3052 ac
274 3001 414 3052 turbarum
428 2997 538 3058 exstitit,
551 2997 634 3046 utrix
647 2995 756 3046 tandem
794 2995 863 3044 dum
874 2995 966 3044 dixit.
985 2994 1023 3044 ld.
1037 2995 1078 3056 37,
1090 2994 1135 3045 tt:
1149 2995 1251 3045 Μυίας
1261 3009 1318 3045 cort·

233 3075 347 3140 Lepidus
373 3069 464 3123 consul
488 3072 634 3122 crearetur.
664 3072 756 3132 ltaque
792 3069 831 3118 aut
853 3082 920 3118 onus
943 3073 1062 3119 creatae:
1080 3069 1201 3130 --isqua
1216 3075 1317 3132 postero

233 3148 312 3199 veluti
339 3148 488 3212 praecedens
517 3143 613 3195 Lollius
640 3147 702 3207 post
726 3156 755 3194 se
793 3142 1196 3207 decanatuum-uotorum
1212 3145 1316 3208 dimit.)
