3156 4972
599 431 659 480 uro.
678 431 709 480 n.
744 433 812 482 sir.
830 433 872 482 rv.
1221 437 1277 504 291

240 586 400 663 Oblitum,
424 597 544 673 quanto
567 607 678 654 euram
700 599 928 676 sumptumque
955 592 1112 659 minorem
1241 598 1281 662 85

239 710 331 806 llaec
349 707 502 786 habeant,
527 718 613 775 tanto
635 709 830 797 reprehendi
853 711 968 778 iustius
991 711 1067 790 illis,

239 830 332 908 Quae
354 830 414 895 nisi
437 829 588 896 divitibus
610 843 774 919 nequeant
795 833 981 920 contingere
1004 835 1149 901 mensis?

239 950 341 1018 Docte
365 950 446 1028 Cati,
470 970 530 1038 per
552 952 724 1019 amicitiam
746 952 906 1040 divosque
929 963 1076 1042 rogatus,

239 1074 367 1139 Ducere
389 1092 442 1138 me
463 1071 623 1148 auditum,
647 1091 765 1160 perges
787 1093 998 1161 quocunque,
1021 1089 1192 1144 memento.

240 1195 319 1260 Nam
341 1194 490 1280 quamvis
511 1193 646 1264 memori
668 1193 789 1262 referas
811 1195 888 1261 milri
911 1206 1043 1283 pectore
1069 1209 1196 1278 cuncta,
1241 1201 1283 1266 99

240 1317 311 1381 Non
332 1326 439 1381 tamen
460 1313 619 1402 interpres
641 1315 828 1383 tantundem
851 1317 979 1385 iuveris.
1024 1318 1114 1386 Adde

241 1435 368 1502 lloltnm
389 1434 599 1522 habitumque
622 1435 775 1514 hominiS,
802 1459 900 1525 quem
923 1448 955 1504 tu
982 1438 1103 1506 vidisse
1126 1440 1240 1508 beatus

240 1557 310 1622 Non
332 1557 438 1643 magni
461 1556 591 1644 pendis,
615 1558 692 1645 quia
713 1559 857 1646 contigit3
880 1571 912 1625 at
932 1559 1008 1625 mihi
1032 1581 1109 1628 eura

233 1819 261 1829 —
293 1792 335 1843 86.
353 1792 470 1854 reprendi
485 1792 576 1852 suet.
601 1819 627 1828 -
664 1792 705 1842 87.
723 1799 847 1854 nequeumt
862 1795 914 1859 Sep
931 1807 993 1844 cum
1017 1796 1133 1846 Pottierii
1158 1795 1254 1861 pleris-

231 1865 298 1930 que',
318 1866 383 1916 item
400 1867 418 1916 t.
443 1866 484 1928 (lit
499 1878 563 1926 uos.
581 1865 610 1926 ln,
628 1881 645 1915 κ
664 1878 742 1916 «cum
760 1869 885 1929 quattuor
901 1867 974 1918 aliis·
993 1871 1020 1917 et
1036 1868 1152 1919 Pottierii
1169 1871 1248 1933 quin-

229 1940 411 2078 {gildi-df&
430 1941 526 2005 reseres
545 1941 650 1990 meineri
667 1940 727 1990 LCt.
756 1941 796 2002 (Ut
813 1955 873 2000 nos,
893 1953 987 1992 omnes
1005 1943 1102 2002 nostri,
1121 1942 1246 2004 Bentleii,

195 2204 357 2254 «dammum
380 2201 498 2253 dedecus
515 2202 582 2252 haec
599 2203 625 2251 in
642 2200 723 2252 rebus
760 2203 885 2252 lomentis
904 2201 962 2252 larii
979 2206 1056 2253 erant
1072 2207 1200 2268 cooperti.
1228 2207 1282 2257 Sat.

195 2277 331 2329 vilissimis
353 2276 508 2341 negligentia
530 2276 577 2327 tihi
603 2275 721 2326 aderens
759 2276 789 2335 9,
807 2277 835 2337 6,
855 2277 921 2326 tot:
950 2277 1027 2327 moro
1044 2277 1087 2326 uit
1107 2293 1179 2330 cocco
1198 2280 1284 2331 Tincta
1377 2322 1382 2333 .

229 2351 319 2404 83-87.
346 2353 441 2414 lapides
455 2352 548 2416 comos]
568 2351 722 2415 «pavimen-
758 2363 833 2412 neper
853 2351 926 2400 lectos
942 2353 1059 2402 canderet
1077 2355 1152 2402 cestu
1168 2353 1281 2406 eburnos.

196 2431 254 2477 tum
294 2423 503 2498 leddorpsreov,
541 2424 720 2486 tessellatum,
758 2426 870 2490 --iirpo
887 2425 930 2474 uti
949 2439 1082 2488 purpurea
1094 2434 1241 2489 porrectum
1257 2433 1284 2480 in

194 2500 412 2562 vermiculatum,
439 2499 557 2552 sectile.»
593 2501 631 2550 Cl.
653 2501 719 2563 Epp.
756 2504 821 2549 veste
841 2500 933 2549 locorm
954 2501 1006 2550 cet.
1047 2501 1169 2552 Convivis
1193 2505 1282 2554 autom

196 2576 341 2639 r‚ro‚ts.
360 2575 540 2626 permulsa:
566 2575 722 2624 damnarier
757 2573 888 2636 ingratum
911 2586 972 2624 esse
995 2572 1125 2636 debehat,
1152 2575 1284 2626 stanim-

195 2651 261 2712 lopis
276 2651 370 2700 invenit
385 2664 466 2700 nsum.
487 2677 516 2686 -
530 2649 628 2714 patrna]
648 2661 721 2700 «sco
757 2647 933 2698 advertebant
963 2651 1036 2698 toros
1069 2651 1142 2714 ipsos
1173 2650 1283 2714 quidem
1382 2679 1387 2686 =

195 2726 238 2788 pis
261 2737 277 2773 e
300 2723 450 2788 palmarum
475 2723 541 2784 loliis
567 2725 719 2774 conlectis.»
757 2721 896 2786 splendida
914 2735 1032 2787 purpura
1050 2737 1110 2774 esse
1130 2729 1281 2788 coopertos,

195 2800 289 2848 Senot.
319 2797 428 2849 llartial.
448 2798 491 2860 rt,
513 2799 561 2848 82:
589 2799 618 2849 ln
638 2799 721 2860 pretio
756 2796 884 2848 toralibus
910 2811 975 2848 vero
1005 2797 1119 2848 sordidis
1147 2799 1281 2850 instratos.

194 2887 284 2935 acopos
307 2877 413 2923 termine
435 2874 524 2935 palmo
546 2874 633 2936 finisse,
664 2873 721 2922 Otto
756 2872 865 2936 Eppl,
884 2873 914 2932 5,
933 2872 978 2921 22:
1005 2877 1126 2934 nennpe
1146 2873 1226 2933 toral,
1253 2887 1284 2923 ne

193 2942 720 3013 sedecopisnnnconnlectofflvaiineng)
756 2946 860 2995 sordida
883 2959 978 3007 mappa
1004 2946 1124 3010 Compei
1148 2960 1231 2997 nares.
1253 2973 1280 2984 —

194 3021 274 3071 daed.
303 3049 331 3058 -
356 3022 448 3084 inloto]
474 3023 516 3072 Sic
542 3023 609 3086 (non
634 3023 719 3084 doto)
756 3025 826 3070 tanto
842 3021 988 3082 reprehendi
1006 3020 1067 3084 cet]
1088 3021 1207 3072 «Sensus
1225 3023 1280 3071 est:

195 3096 282 3148 Codd.
295 3097 363 3156 mel,
380 3099 411 3146 ut
427 3095 510 3147 edunt
526 3098 606 3148 etiam
623 3097 675 3146 Sat.
689 3098 718 3158 9,
757 3095 850 3144 iustius
867 3093 1089 3157 reprehenderis,
1118 3095 1140 3143 si
1163 3107 1215 3144 uon
1234 3095 1283 3144 ha-

194 3171 226 3230 8,
239 3172 282 3220 59.
302 3172 330 3220 et
347 3169 429 3220 Plaut.
444 3172 512 3222 llen.
528 3171 555 3231 l,
569 3171 599 3232 2,
613 3171 653 3221 57.
668 3173 717 3221 est:
756 3169 848 3219 haeris
865 3167 937 3217 domi
961 3169 1049 3218 omnia
1071 3168 1185 3229 munda,
1213 3182 1282 3232 quae

194 3245 407 3296 odoreinlntibili.
422 3245 564 3308 -toroiio1
577 3246 717 3296 construe:
757 3243 867 3294 minoris
892 3243 1028 3302 constant,
1056 3254 1137 3304 quam
1160 3243 1182 3292 si
1205 3242 1283 3292 deiu-

194 3321 258 3370 dore
282 3319 365 3368 inloto
388 3319 482 3368 toralia
506 3319 601 3368 necno
633 3319 721 3380 ipsios
756 3319 824 3368 en'nt
841 3316 887 3366 tihi
905 3316 1014 3379 pretiosi
1031 3317 1120 3379 pisces
1138 3319 1165 3366 et
1182 3318 1281 3381 optima

192 3400 271 3444 vertes
287 3395 461 3458 (purpureum
476 3393 583 3455 torum).
613 3394 718 3456 Longae
755 3394 829 3452 vina,
848 3403 917 3455 quae
933 3396 988 3440 uon
1006 3389 1092 3442 solent
1108 3391 1210 3442 habere
1231 3393 1281 3444 nisi

192 3469 396 3534 perpetuaeque
416 3481 530 3532 mappae
548 3470 610 3518 sont
626 3469 720 3518 mealia
756 3479 866 3518 mensae
901 3465 1039 3515 divitum.»
1088 3467 1171 3517 Corra.
1201 3467 1279 3524 Cano.

194 3544 297 3594 lsldoro
314 3543 400 3605 origg.
420 3542 465 3600 49,
488 3542 529 3592 96.
559 3543 644 3593 Locus
663 3543 719 3606 pri·
756 3541 923 3591 constructio
935 3541 1025 3589 autem
1038 3542 1093 3590 est:
1113 3541 1283 3590 tontoinctins

193 3617 296 3668 marios
313 3614 535 3666 estromenta:
555 3617 631 3667 donec
642 3619 719 3668 odoe-
754 3616 900 3678 reprehendi
916 3615 976 3664 laec
993 3614 1112 3677 neglecta
1129 3615 1178 3664 illis
1189 3612 1281 3675 negle-

192 3696 286 3742 nernnt
301 3691 410 3740 ministri
426 3703 457 3739 oe
479 3690 573 3740 toralia
591 3705 719 3753 propone-
755 3692 817 3751 ctis,
836 3703 901 3752 qnae
918 3692 969 3740 cet.

193 3765 406 3816 eremitoriscet.
435 3764 519 3813 Varro
530 3765 558 3813 L.
573 3765 601 3814 L.
614 3766 639 3826 5,
654 3766 715 3816 ⁴67:
788 3765 871 3815 99-95.
895 3762 1154 3827 menori-pectorn
1173 3763 1278 3812 Lucrei.

192 3841 222 3890 ln
246 3841 285 3888 nis
307 3839 388 3888 molto
408 3839 564 3902 ponpeium·
579 3863 613 3875 --
629 3844 718 3889 contra
754 3840 783 3900 9,
809 3839 873 3890 583:
903 3840 1008 3889 menori
1031 3838 1180 3887 moneam
1199 3841 1281 3886 mente

193 3914 313 3963 Latinum
337 3911 421 3974 toral,
451 3915 517 3974 qnod
541 3917 600 3964 onte
624 3919 714 3964 tor-nm.
753 3917 843 3962 tenere.
870 3912 900 3974 3,
927 3913 989 3962 att:
1023 3913 1074 3961 Nec
1103 3911 1208 3960 menori
1237 3917 1279 3960 to-

193 3989 337 4051 ·lielrttope,
356 3988 402 4037 mit
418 3988 496 4038 muers
512 3987 557 4038 der
573 3985 716 4038 lectusoon
752 4000 809 4037 men
833 3987 860 4036 id
886 3987 987 4046 quinne
1014 3985 1164 4046 deprendere
1188 3989 1277 4035 mente.

191 4063 248 4112 dem
276 4063 350 4112 torus
374 4076 409 4111 on
436 4061 472 4112 tis
498 4075 557 4112 snm
578 4063 717 4113 liemboden
755 4089 783 4098 -
801 4061 930 4125 inrepere]
954 4061 1029 4124 quasi
1054 4054 1208 4124 ὑποφήτης
1230 4061 1279 4109 sa-

191 4137 309 4186 beirieidet
327 4137 419 4186 rard.»
453 4137 554 4188 Becker
576 4137 664 4186 Golins
684 4138 714 4188 11.
752 4137 848 4201 plantis
866 4135 933 4186 illius
951 4135 1039 4198 ignoti.
1056 4137 1088 4198 (v.
1110 4136 1161 4200 40.)
1179 4163 1206 4174 -
1224 4141 1279 4186 ton-

190 4223 217 4274 p.
238 4209 297 4261 948.
337 4209 426 4272 Tprioe
447 4213 537 4261 autem
556 4216 634 4260 vestes
654 4213 716 4261 sunt
751 4211 859 4275 tnndnn]
879 4211 1024 4273 «quantum
1042 4210 1099 4273 ipse
1119 4213 1279 4275 praeceptor

191 4297 324 4350 purpura,
357 4297 409 4348 qua
441 4283 578 4336 cervicalia
610 4287 714 4349 torique
752 4287 839 4335 tuus.»
863 4311 889 4320 -
913 4283 1079 4348 habitumque]
1108 4287 1278 4349 rprouontia-
