3082 4968
276 379 339 448 106
656 385 983 440 somnusnrrmauu

318 537 405 607 Olim
426 539 482 628 qui
504 525 629 629 magnis
651 538 833 630 legionibus
855 541 1087 630 imperitarent,

318 661 358 730 Ut
379 660 527 752 plerique
550 660 669 742 solent,
693 683 773 730 naso
795 663 969 752 suspendis
992 661 1119 732 adunco
1345 667 1366 731 5

319 785 465 871 Ignotos,
489 793 525 852 ut
544 804 598 851 me
619 783 769 853 libertino
790 794 882 873 patre
903 795 1022 852 natum.

319 907 400 975 Cum
422 905 544 974 referre
566 927 681 996 negas.
705 905 792 995 quali
816 906 857 973 sit
880 905 1020 996 quisque
1042 916 1177 996 parente

318 1029 432 1107 Natus,
456 1027 534 1095 dum
556 1028 731 1118 ingenuus,
755 1027 937 1117 persuades
959 1027 1021 1096 hoo
1044 1027 1101 1096 tibi
1122 1049 1219 1108 vere,

342 1208 411 1261 sni.
429 1209 472 1259 vt.
507 1208 532 1260 i.
550 1208 694 1272 ropionibus
710 1223 743 1261 ex
758 1221 813 1258 uno
831 1207 897 1260 Cod.
916 1207 943 1258 F.
965 1234 993 1245 -
1011 1209 1188 1272 mpetum
1204 1208 1253 1272 bs,
1272 1211 1335 1261 Pot-

310 1285 377 1334 tierii
389 1283 504 1348 septem,
520 1296 535 1334 e
548 1282 654 1334 duobus
666 1283 718 1350 (γκ)
731 1281 879 1335 Bentleius:
898 1283 1069 1345 impertierint
1079 1283 1166 1344 cd,v‹o
1179 1285 1207 1334 et
1215 1285 1334 1336 Pottierii

309 1357 477 1423 complures,
495 1357 588 1420 scin,
607 1359 785 1420 imperitarunt
801 1370 828 1422 p,
847 1369 916 1408 unus
933 1356 1050 1408 Pettierii
1068 1358 1127 1422 (43.)
1147 1360 1221 1408 etex
1237 1357 1334 1410 uiiisF.

312 1461 339 1470 -
359 1434 383 1483 t.
402 1437 477 1483 cento
493 1431 559 1484 eod.
579 1431 643 1483 Coll.
662 1434 732 1485 Trio.
752 1432 803 1498 (φ.)
838 1432 891 1484 Cir.
910 1433 964 1484 Sat.
983 1433 1007 1493 t,
1026 1432 1051 1494 ³,
1070 1432 1111 1482 29.
1132 1459 1160 1469 -·
1188 1433 1213 1482 6.
1233 1437 1280 1484 cut
1295 1447 1336 1486 me

310 1521 337 1570 c,
356 1520 397 1572 pr.
416 1509 433 1558 s
451 1508 478 1558 et
494 1519 564 1558 corr.
583 1505 612 1558 b.
632 1508 669 1572 (In
681 1509 707 1559 S.
719 1521 856 1574 superscr.
868 1510 918 1576 et.)
932 1536 960 1547 -
973 1510 998 1562 8.
1011 1523 1069 1562 vere
1080 1522 1216 1575 superser.
1229 1515 1295 1561 recte
1306 1511 1332 1562 s.

276 1658 342 1720 bus,
373 1657 419 1722 qui
444 1658 613 1708 Lucumones
639 1658 801 1723 (principes)
840 1660 997 1725 contemptu
1022 1659 1151 1722 irridere,
1179 1658 1367 1722 subsannare,

276 1734 372 1785 Arretii
397 1731 511 1784 fuerent.
542 1733 605 1796 (Liv.
627 1735 675 1796 to,
701 1734 726 1786 3.
756 1733 800 1785 Sil.
839 1736 1034 1806 μυκτηρίζειν,
1052 1731 1233 1786 cinctutis.»
1254 1733 1366 1786 Plinii.

276 1806 375 1872 Itali,
392 1807 439 1858 29:
466 1808 575 1870 cilniae,
592 1807 677 1858 Arreti
694 1809 803 1871 webe-
839 1812 871 1862 N.
885 1811 929 1873 tt,
948 1810 994 1872 37,
1012 1811 1057 1862 se:
1075 1810 1370 1860 lituttiorbemiciteo-

275 1885 316 1935 m's
339 1889 410 1934 orire
433 1883 461 1933 io
485 1885 555 1946 oris,
584 1884 688 1936 cionem
713 1897 803 1936 nomen
840 1891 902 1949 nen,
920 1888 1154 1950 primoomnium
1169 1887 1286 1938 modoine
1302 1887 1370 1936 irri-

276 1957 667 2024 erat.)-mcpntsieqionic1e]
688 1959 804 2012 «exerei-
839 1963 905 2013 sioni
932 1963 1048 2014 dionem
1073 1976 1159 2014 oeno.
1191 1989 1220 1999 -
1247 1961 1366 2026 Ipnetos]

276 2033 374 2095 tibus-3
391 2035 492 2098 mappis
506 2036 598 2085 eutem
615 2035 650 2098 (iu
667 2048 721 2099 quo
741 2034 805 2086 bee-
841 2035 1016 2101 «ignobilesnt
1041 2038 1212 2101 opponuntur
1232 2037 1367 2100 emeretis,

276 2110 383 2171 serunt,
402 2108 475 2173 quod
486 2121 581 2160 omues
592 2107 712 2173 legiones
723 2123 803 2174 peres
840 2114 871 2162 ui
886 2125 912 2162 v.
930 2109 972 2162 ii.
997 2137 1025 2148 ·-
1048 2111 1170 2174 tiber-tim]
1196 2111 1239 2160 sic
1258 2109 1369 2162 illustris

278 2184 377 2246 essent)
396 2183 469 2245 dixit,
491 2186 523 2234 ut
538 2185 565 2236 in
580 2197 662 2236 versu
681 2185 803 2234 saturnio
840 2183 883 2236 ilie
901 2185 1001 2236 Horatii
1020 2184 1152 2249 aequalis,
1179 2187 1209 2236 G.
1228 2183 1370 2237 Cornelius

277 2259 305 2309 iu
321 2256 395 2308 Acilii
407 2256 555 2309 Glabrionis
567 2257 657 2309 tabule
669 2257 741 2323 apud
751 2258 805 2308 Att-
841 2257 942 2320 Gallus,
959 2258 1002 2310 cui
1013 2258 1131 2310 nonnulli
1143 2259 1225 2311 Cirim
1236 2258 1367 2322 tribuunt,

277 2329 342 2384 lium
369 2333 585 2384 Fortunatienum
612 2346 639 2397 p.
669 2333 743 2384 2680.
773 2335 802 2383 P.
841 2332 927 2385 Sullae
944 2332 987 2384 vel
1005 2333 1106 2386 Cinnae
1122 2333 1211 2386 liberti
1227 2332 1366 2385 tiliusiuit.

278 2405 358 2459 Goisi.
375 2420 403 2472 p.
422 2407 485 2460 ssi:
512 2407 618 2470 Frmdit,
635 2407 723 2472 Μαι,
737 2419 804 2469 pro-
873 2408 946 2460 4-44.
966 2409 1028 2460 Gom
1051 2410 1115 2472 cet]
1136 2410 1223 2461 Minus
1245 2409 1370 2474 apposite

277 2482 365 2534 mii
383 2483 541 2532 maximos
564 2482 684 2546 apione,
711 2483 739 2532 et
755 2483 804 2531 Se·
840 2484 910 2535 hoec
926 2481 1044 2534 nonnulli
1061 2495 1123 2534 cum
1144 2483 1290 2548 pruecedd.
1309 2484 1371 2534 iuu-

277 2554 372 2608 lustius
390 2554 464 2607 Catil.
478 2556 524 2607 53:
551 2555 666 2606 Sciebam
681 2569 805 2619 saepem
841 2562 919 2625 gunt,
937 2571 999 2610 cum
1015 2559 1130 2624 protasis
1146 2559 1181 2610 sit
1196 2559 1371 2623 sequentium

277 2644 347 2682 mero
373 2628 514 2695 (populum
536 2631 697 2695 Romanum)
720 2643 805 2694 paroc
842 2638 871 2686 ei
886 2648 944 2684 een
960 2645 1023 2683 eum
1040 2632 1119 2684 indie.
1132 2633 1246 2684 retineat
1263 2635 1372 2698 tempo-

277 2719 357 2756 mooe
366 2719 424 2756 cum
433 2707 534 2770 moenis
548 2705 684 2770 legionibus
698 2706 805 2756 besdum
841 2709 878 2760 ris
890 2707 1122 2772 significationem:
1143 2707 1239 2770 «ium,
1258 2719 1320 2758 eum
1333 2709 1373 2772 (ut

277 2781 443 2832 concidisse:
481 2794 550 2845 quae
579 2779 700 2845 exemplu
729 2779 805 2832 suffi-
842 2795 951 2846 semper
968 2781 1041 2844 iscis)
1059 2780 1160 2832 referre
1179 2794 1275 2845 negas,
1302 2793 1370 2834 vere

279 2857 352 2907 ciunt
379 2855 414 2906 ed
441 2855 610 2906 retutendem
638 2853 805 2906 Wakefieldii
842 2856 889 2908 tibi
912 2855 1073 2922 persuades,
1095 2857 1169 2906 reete
1190 2855 1243 2908 hoc
1260 2856 1371 2908 sentis»

279 2931 348 2982 coni.
363 2929 549 2982 confirmatum
560 2929 595 2980 nb
607 2942 659 2980 uno
672 2931 739 2981 Fece
752 2930 806 2980 Co-
844 2959 872 2968 -
886 2931 956 2994 quoti
966 2929 1218 2995 --pcrenteNatiss1
1232 2929 1370 2983 Claudiae.

279 3003 340 3056 dice
356 3005 507 3068 ropionibus.
542 3005 623 3066 Quid,
642 3004 715 3069 quod
729 3017 806 3069 pree-
841 3005 877 3056 de
894 3005 976 3056 Laud.
994 3002 1137 3068 stilicus,
1157 3004 1217 3056 tsi:
1240 3006 1371 3068 metimus,

278 3079 361 3132 tuisse
378 3077 435 3131 illes
452 3080 555 3144 mugnis
572 3077 733 3131 exercitibus
754 3093 807 3144 po·
841 3095 892 3131 nco
903 3093 968 3144 cuce
978 3079 1117 3142 mide,
1131 3080 1246 3142 quoeris,
1264 3081 1372 3142 stoec-

278 3155 377 3205 teutiae
398 3154 542 3219 imaginem
565 3155 649 3218 magis
667 3153 805 3206 efficacem
841 3156 884 3218 iit,
909 3169 961 3206 occ
982 3155 1048 3206 uode
1069 3159 1147 3204 roim.
1166 3180 1197 3190 -
1216 3155 1277 3206 dieo
1298 3157 1372 3220 biae·

279 3229 393 3295 praebet
408 3233 520 3294 propter
541 3243 586 3282 res
608 3231 635 3282 iu
657 3228 734 3281 bellis
757 3242 806 3293 ge·
841 3229 913 3294 num]
932 3231 1005 3280 Haec
1022 3229 1100 3280 unice
1112 3229 1299 3293 estexceptio;
1318 3231 1372 3282 sci·

280 3307 348 3364 stas,
378 3316 448 3366 queo
473 3303 551 3354 nobis
578 3304 631 3354 hoe
655 3301 806 3367 legentibus
841 3303 904 3355 licet
924 3315 1032 3364 servos,
1055 3315 1089 3353 ue
1112 3303 1293 3356 manumissos
1309 3305 1373 3368 qui·

279 3377 458 3428 obversentur
474 3389 587 3428 neeesse
599 3377 653 3437 est,
672 3389 755 3440 quem
766 3375 806 3426 al-
843 3378 918 3439 dem,
937 3378 967 3427 ut
978 3375 1029 3428 sibi
1045 3389 1126 3441 peres
1138 3378 1240 3430 amieos
1255 3379 1371 3430 uasere

279 3451 384 3502 terum?
406 3448 502 3502 Similis
514 3451 596 3501 etiem
607 3449 681 3500 color
694 3451 737 3500 est
752 3450 806 3500 Lu·
842 3466 896 3503 nou
912 3452 1031 3516 poteret,
1051 3451 1124 3515 quod
1141 3452 1195 3504 iem
1211 3453 1303 3504 contre
1314 3455 1373 3504 eret

280 3525 346 3576 eret.
368 3523 396 3586 3,
422 3522 500 3575 toto:
528 3524 623 3587 (reges)
646 3525 747 3589 moesis
762 3525 807 3587 qui
843 3526 870 3576 in
891 3523 1008 3576 libertini
1030 3523 1092 3578 olio.
1128 3526 1238 3590 Proprie
1257 3539 1281 3576 v.
1299 3527 1372 3592 tope-

279 3598 392 3665 pentibus
416 3597 601 3660 imperitarunt.
622 3625 651 3635 -
674 3599 807 3661 onpea‘tc-
842 3612 908 3650 nutu
935 3599 1123 3664 accipiendum
1150 3598 1284 3664 arbitror,
1317 3613 1371 3652 uon

278 3673 343 3739 rent]
364 3673 557 3738 imperfectum
576 3673 604 3723 h.
622 3669 641 3722 l.
659 3675 747 3738 aptius
766 3677 808 3726 est
844 3687 906 3726 cum
923 3673 980 3727 aliis
998 3674 1032 3726 de
1054 3672 1157 3727 liberali
1178 3673 1251 3726 cultu
1268 3673 1311 3726 vel
1335 3675 1371 3726 de

279 3762 362 3814 quem
378 3748 528 3813 perlectum
545 3748 615 3798 coni·
635 3747 709 3812 (peri.
723 3748 805 3801 indic.
843 3761 950 3802 morum
967 3748 1114 3815 probitate,
1133 3749 1176 3800 hic
1194 3751 1267 3802 euim
1278 3748 1312 3802 de
1323 3749 1372 3800 ho-

279 3837 390 3889 prorsus
410 3822 586 3874 reiiciendum
603 3822 667 3884 est),
692 3825 720 3875 et
740 3836 807 3874 eon·
844 3825 947 3876 minum
969 3823 1102 3876 natalibus
1124 3823 1262 3876 dumtaxat
1283 3821 1372 3888 loqui-
1405 3839 1408 3848 ·

280 3897 377 3948 sociari
392 3896 500 3948 videtur
522 3909 584 3948 cum
606 3897 675 3962 peri.
692 3898 742 3962 fnit
758 3911 807 3948 ee-
844 3902 895 3950 tur.
926 3898 980 3950 Cir.
1005 3901 1114 3950 sueton.
1133 3899 1224 3950 octav.
1244 3898 1290 3951 ii:
1321 3899 1372 3950 Vc·

281 3969 345 4022 dem
361 3971 559 4023 constructione
577 3973 659 4036 etque
676 3971 749 4037 apud
759 3974 808 4023 Se·-
844 3973 921 4025 leriae
934 3975 1055 4027 nescite
1072 3975 1164 4036 trudit,
1182 3975 1305 4026 cunm
1320 3987 1372 4024 ωι-

279 4043 342 4097 lust.
361 4044 435 4097 Catil.
449 4047 493 4098 ii:
511 4048 591 4099 Fuere
607 4060 639 4098 eo
653 4052 805 4111 merten,
844 4060 923 4110 ouem
943 4049 1116 4100 libertinorum
1135 4047 1274 4100 odlsbwum
1293 4047 1326 4098 ab
1343 4060 1372 4100 ee

282 4121 327 4184 qui
362 4121 478 4172 dommi.
516 4151 543 4159 -
578 4135 641 4173 seso
679 4122 809 4186 suspendis
846 4123 979 4188 (Augodm
1007 4136 1116 4186 coenae,
1146 4128 1249 4186 παρὰ)
1275 4124 1370 4184 Herc,

282 4194 389 4261 mco]
415 4195 544 4250 Cinset.
568 4198 598 4259 i,
624 4197 653 4259 8,
680 4195 720 4250 ti.
762 4198 809 4250 Est
845 4196 1372 4262 cadmioiniopentitetm.-Aste

281 4271 363 4324 nosse
385 4275 539 4337 corrugeto,
565 4285 628 4326 cum
653 4271 757 4326 lastidio
780 4275 808 4324 et
846 4273 908 4336 eet]
927 4271 1003 4324 ceni.
1022 4272 1057 4325 ed
1074 4274 1127 4324 Set.
1150 4274 1178 4335 4,
1205 4273 1235 4336 ³,
1263 4272 1320 4323 tor.
1341 4299 1368 4308 -
