3178 4972
227 437 231 446 ·
271 432 334 498 546
635 432 764 482 Hoaarll
781 431 1001 495 EPISTOLARUM

313 588 485 658 Rettuleris
507 607 658 676 pannum.
702 587 798 654 Refer
820 596 852 653 et
873 587 943 654 sine
965 587 1051 653 vivat
1072 587 1209 674 ineptus.

314 713 379 778 lies
401 730 516 798 gerere
539 717 572 776 et
590 717 703 796 captos
725 707 898 775 ostendere
921 707 1046 774 civibus
1068 707 1178 775 hostes

314 831 444 918 attingit
466 829 582 896 solium
605 829 690 895 lovi's
713 839 745 894 et
766 829 918 896 caelestia
940 839 1052 896 tentat:

312 951 517 1040 Principibus
539 949 701 1038 placuisse
723 951 801 1017 viris
823 972 888 1018 non
908 950 1021 1018 ultima
1042 949 1113 1017 laus
1135 961 1193 1018 est.
1321 951 1362 1017 35

313 1077 383 1142 Non
405 1075 508 1142 cuivis
530 1074 651 1141 homini
675 1072 828 1159 contingit
849 1071 940 1140 adire
963 1071 1158 1140 Corinthum.

337 1309 377 1359 33.
396 1309 471 1358 hostis
488 1309 550 1358 SEc.

271 1545 352 1596 quem
370 1530 489 1595 conspici
506 1530 531 1580 in
546 1533 621 1581 veste
636 1541 796 1595 purpurea».
836 1528 919 1579 verbu
935 1531 1024 1580 statim
1039 1532 1179 1595 sequentia
1190 1544 1362 1597 nequemram

269 1607 412 1658 Historiam
429 1603 556 1666 similem,
576 1604 638 1666 sed,
657 1605 725 1654 utin
741 1604 798 1668 phi·
835 1604 986 1655 admittunt.
1002 1632 1030 1640 -
1043 1605 1159 1656 coelestia
1169 1607 1256 1672 ιοιιιοι]
1273 1606 1363 1659 «lubo-

269 1679 444 1744 losopborum
460 1677 559 1730 scholis
575 1677 632 1728 fieri
644 1677 756 1736 solebat,
771 1680 796 1728 ln
834 1679 910 1730 ribus
921 1679 977 1729 sois
989 1679 1214 1731 immortalitatem
1226 1683 1360 1746 petit.»-

269 1757 391 1820 personis
408 1768 440 1806 ec
457 1751 644 1826 περιστάσεσι
656 1755 818 1818 ιιιιιιιιῑιιιι,ι
835 1756 891 1806 Nou
908 1754 987 1804 cutcts
1003 1755 1066 1817 cet]
1091 1756 1267 1807 Proverbium
1278 1759 1362 1808 Gree-

225 1885 229 1896 ,
269 1831 359 1880 narrat
367 1831 484 1880 Serenus
494 1827 565 1894 apud
575 1829 649 1878 Stob
660 1829 709 1878 rit.
720 1829 744 1887 5,
754 1827 794 1879 le:
814 1831 898 1879 Ιοιιιιι
918 1821 970 1891 (Οὐ
993 1823 1101 1891 παντὸς
1122 1824 1176 1879 avo
1176 1825 1227 1900 ρὸς
1244 1831 1285 1893 εις
1301 1827 1362 1882 Κό-

268 1901 423 1967 Διονύσιος
457 1897 637 1954 Ἀίστιππον
671 1895 795 1963 ἔπειθεν,
835 1901 935 1974 ριιθον
957 1895 1020 1952 aar
1043 1896 1180 1965 ὁπλοῦς.
1182 1904 1206 1968 ),
1234 1903 1268 1954 de
1286 1905 1361 1956 cuius

268 1919 664 2049 ἀποθέμενοντὲντρίβωνα,
681 1991 797 2047 πορφο-
835 1979 936 2041 origine
968 1976 1141 2040 ambigebant
1168 1979 1222 2030 iam
1250 1980 1360 2042 antiqui.

268 2051 339 2140 ροῦν
358 2049 474 2118 ἱμάτιον
494 2051 719 2140 περιβαλέσθαι·
747 2051 797 2100 κο)
834 2052 961 2103 Primaria
986 2055 1075 2102 mmen
1097 2053 1155 2104 elus
1172 2054 1304 2104 sententia
1321 2054 1362 2104 vi·

268 2122 308 2190 ὠς
325 2127 447 2192 ἐπείσθη
462 2125 587 2189 ἐκεῖνος,
608 2141 642 2176 τα
632 2121 729 2177 αὐτὰ
747 2127 797 2176 καὶ
835 2127 914 2177 detur
933 2139 979 2188 sa,
999 2139 1081 2189 quam
1098 2129 1249 2178 memorant
1266 2130 1363 2178 Parce-

268 2198 410 2252 Πλάτωνα
427 2204 521 2252 ποιεῖν
533 2195 627 2266 ηξιοο
643 2193 741 2251 ‘³'Odt
727 2215 795 2266 εφη,
835 2200 983 2264 miogrophi
996 2199 1133 2252 Gsieiordii
1148 2215 1257 2254 omnes:
1277 2196 1363 2268 ἡΚό-

271 2271 339 2327 Οὐκ
365 2271 408 2326 ἄν
430 2274 603 2342 δυναίμην
619 2271 797 2340 θηλονιν
834 2275 947 2362 ρινθος
953 2269 1092 2337 πολλας
1077 2289 1163 2335 sexes
1180 2275 1309 2360 ἑταίροις,
1329 2278 1363 2328 αἲ

270 2345 373 2403 δῦναι
388 2348 525 2414 στολήν.
539 2351 595 2402 Καὶ
605 2345 794 2422 Αριστιππος,
834 2344 903 2412 τοὺς
928 2343 1163 2415 ἀφικνουμένους
1190 2345 1247 2400 τῶν
1271 2348 1361 2416 ξένων

272 2426 330 2476 Τοῦ
351 2419 458 2488 αὐτοῦ,
486 2417 558 2490 ἔφη,
579 2424 672 2476 ἐστι
663 2423 795 2491 ποιητοῦ,
834 2420 1053 2491 ἐδασμολόγοιιν
1077 2421 1114 2476 τὰ
1138 2423 1244 2488 ἐφόδια
1264 2421 1360 2478 αὐτῶν

271 2501 333 2550 καὶ
374 2497 440 2590 γὰρ
478 2498 514 2552 ἐν
547 2496 796 2565 βακχεύμασιν
835 2495 1059 2564 λαμβάνουσαι.
1073 2502 1361 2553 commentatorem-

271 2567 401 2628 οι]σ”’
380 2594 399 2642 η
425 2591 463 2643 γε
488 2572 638 2642 σώφρων
664 2571 797 2628 οὖδια-
835 2574 905 2638 quii:
926 2576 998 2624 «Non
1017 2575 1361 2628 omuihomlnitutumest

270 2649 543 2722 φθαρήσεται·
555 2652 724 2717 defecetw]
712 2653 795 2712 «Quin
835 2648 990 2698 Corinthum
1008 2649 1147 2712 navigare,
1172 2651 1359 2714 propterte}

269 2726 347 2789 igitur
371 2725 501 2776 desinis
495 2727 576 2777 iocari
599 2738 662 2777 cum
686 2725 729 2776 tali
746 2727 796 2776 bo·
834 2721 897 2772 dem
915 2721 1022 2774 elalius
1036 2725 1206 2786 meretrices,
1226 2737 1360 2788 quaemn

268 2801 340 2851 mine
357 2802 385 2850 et
401 2800 493 2852 reddis
511 2801 535 2850 ei
551 2797 697 2861 διπλοΐδα,
719 2801 795 2852 lncils
834 2797 884 2848 nisi
909 2795 998 2848 multis
1023 2796 1128 2848 talentis
1153 2810 1236 2848 unam
1252 2801 1361 2850 nocmm

269 2875 295 2925 ei
312 2873 479 2935 concedens,
495 2877 526 2924 ut
536 2887 646 2940 semper
657 2879 683 2926 et
695 2875 795 2940 ubique
834 2873 875 2922 sui
887 2871 1162 2935 copiamlaciebant.»
1182 2872 1221 2923 Cl.
1235 2871 1358 2934 Streb.,8

268 2947 404 3010 indulgeat
420 2950 475 3000 suis
490 2950 635 3013 ineptiist·
651 2952 795 3013 -tneptud
834 2946 912 3006 sao
941 2946 1030 2996 Sotion
1047 2946 1119 3011 apud
1137 2945 1201 2997 Geli.
1216 2949 1240 3004 t,
1252 2947 1277 2998 8.
1302 2947 1361 2998 Pri-

269 3023 363 3085 Gynici
388 3022 458 3072 ridet
483 3025 659 3074 rusticitatem
683 3037 715 3074 uc
733 3038 796 3104 pro·
834 3022 946 3072 mariam
964 3021 1033 3071 hanc
1051 3022 1123 3082 dico,
1146 3021 1209 3084 quin
1227 3023 1253 3071 iu
1270 3021 1360 3074 verbis

269 3097 397 3156 turriam,
420 3097 459 3146 sic
476 3097 607 3160 Epicurus
624 3096 740 3160 dixerat,
760 3087 795 3149 οὐ
834 3095 899 3158 ipsis
916 3093 980 3144 nibil
997 3093 1068 3146 aliud
1083 3095 1287 3156 inestnisihoc,
1306 3109 1360 3146 non

268 3165 551 3232 κοιιεϊιιὸισοφόιι.
570 3172 644 3235 Dios.
656 3173 741 3222 baert.
754 3173 794 3234 lt),
834 3167 1268 3230 ouirlslicerecorintbumsdire,
1279 3183 1360 3221 causa

269 3245 326 3295 rte.
589 3283 594 3290 .
834 3255 888 3293 non
905 3241 1008 3305 addita,
1027 3244 1076 3294 sed
1092 3257 1173 3308 quam
1186 3242 1360 3306 facilequivis

301 3318 390 3370 33-36.
409 3320 455 3368 llos
470 3332 558 3383 perere
576 3320 637 3383 cet]
650 3315 724 3370 'alies
741 3333 796 3370 ma·
834 3317 964 3368 divinaret
980 3321 1019 3378 et,
1041 3331 1104 3370 cum
1122 3317 1306 3378 intellexisset,
1326 3319 1361 3368 ri-

270 3405 335 3455 guus
353 3405 447 3456 gerere
464 3395 491 3443 ln
503 3392 580 3444 bellis
593 3396 620 3444 et
631 3395 795 3459 triumphare
834 3393 919 3442 deret.
947 3392 1062 3454 Quodsi,
1088 3395 1119 3443 ut
1135 3392 1177 3442 alii
1193 3392 1306 3452 iaciunt,
1324 3392 1359 3444 de

269 3466 303 3517 de
321 3465 443 3518 hostibus
457 3467 570 3517 devictis
581 3481 662 3531 quam
674 3468 795 3533 proxime
834 3465 986 3518 difficultate
1016 3481 1048 3516 eo
1078 3467 1220 3531 navigandi
1244 3466 1360 3531 explices

269 3539 374 3592 accedit
391 3538 425 3590 ad
443 3539 609 3590 divinitatem
621 3544 648 3590 et
660 3541 796 3594 immorto-
834 3542 954 3607 (Suidas:
974 3535 995 3606 ἧ
1010 3537 1058 3592 διὰ
1074 3537 1109 3592 τὸ
1120 3537 1360 3603 δοσιισβολονιῖ-

268 3614 323 3666 lem
334 3613 445 3677 gloriam
456 3617 591 3672 meretum
608 3617 794 3667 verumetiam
833 3633 881 3668 ναι
897 3611 948 3668 τὸν
965 3612 1090 3682 alonim),
1112 3620 1139 3668 et
1156 3616 1219 3668 nihil
1236 3617 1306 3668 inest
1323 3617 1360 3668 ia-

264 3687 422 3752 pauentem
439 3691 508 3738 cet.»
538 3688 671 3751 Significat
688 3693 797 3753 praeter
833 3691 1198 3755 oetinecmarispsriculnm
1211 3691 1358 3744 ulloverbo

269 3765 374 3814 ceteros
405 3764 553 3826 Augustum
582 3765 610 3812 et
635 3763 793 3828 Agrippam,
834 3766 1004 3830 significator.
1032 3768 1174 3818 Praeterea
1199 3771 1268 3831 quae
1292 3767 1360 3818 sffe-

270 3837 438 3888 -cuiusrnodi
451 3837 513 3888 viris
525 3837 594 3887 inter
605 3836 731 3900 aequales
745 3839 796 3902 pri·
834 3843 895 3890 runt
912 3853 943 3890 ex
961 3840 1035 3890 initio
1052 3841 1102 3892 loci
1123 3840 1261 3892 Strabonis
1277 3853 1360 3905 supra

269 3912 359 3962 mariis
384 3911 430 3962 ubi
459 3910 607 3976 placueris,
639 3911 795 3964 meritorum
834 3915 983 3976 memorati,
998 3929 1051 3965 uon
1061 3915 1095 3966 ud
1105 3916 1262 3966 Corinthum
1273 3917 1359 3981 ipsam

269 3981 376 4035 tuorrun
402 3989 483 4050 atque
506 3986 603 4053 ingenit
626 3985 728 4048 insigne
746 3987 797 4036 erit
832 3990 979 4054 pertinent,
998 3990 1047 4040 sed
1059 3989 1093 4039 ad
1106 3991 1300 4054 navigationem
1311 4003 1361 4042 su·

269 4058 482 4110 testimonium.»
520 4061 566 4112 lies
593 4063 683 4110 autem
709 4074 796 4124 perere
833 4077 882 4128 per
907 4062 1019 4114 Maleam
1045 4065 1258 4129 promontorium
1282 4063 1359 4127 longe

269 4129 322 4180 noli
347 4133 515 4198 interpretari
540 4147 603 4186 cum
627 4134 746 4185 Laudine
769 4137 796 4186 st
833 4137 867 4187 ab
893 4135 933 4186 illa
955 4137 1023 4189 urbe
1047 4138 1178 4191 dissitum.
1207 4139 1263 4189 lloc
1283 4138 1361 4202 igitur

268 4207 401 4257 Diiutzsro
428 4222 505 4260 orem
529 4209 663 4275 publicam
683 4211 710 4260 in
728 4222 794 4275 pace
833 4210 914 4262 dicit:
940 4209 1147 4264 «Difficillimum
1164 4215 1207 4264 est
1222 4213 1361 4278 inceptum

268 4281 485 4340 administrarem
498 4297 579 4348 quam
592 4284 794 4349 explicationem
812 4331 817 4342 ,
834 4285 976 4336 amicitiani
1002 4287 1181 4348 potentiorum
1211 4296 1358 4346 quaerere,
