3174 4974
597 455 656 505 llll.
676 456 707 504 ll.
743 457 839 507 Epist.
860 459 877 506 l.

241 609 393 676 Aestimat
415 619 462 684 et,
486 611 546 675 nisi
569 629 654 697 quae
677 611 772 678 terris
794 623 918 678 semota
942 615 1098 706 suisque·

241 728 452 817 Temporibus
474 729 623 798 defuncta
645 729 745 810 videt,
771 732 888 800 fastidit
909 744 942 800 et
963 734 1043 812 odit,

242 851 295 918 Sic
317 851 421 918 lautor
442 861 602 926 veterum,
626 865 662 918 ut
684 853 809 920 tabulas
831 874 969 942 peccare
990 867 1150 931 vetantes,

242 974 331 1052 Quas
353 971 404 1039 bis
425 973 571 1061 quinque
592 975 653 1040 viri
675 988 863 1052 senuerunt,
893 976 1024 1044 foedera
1047 999 1159 1066 regum

243 1092 299 1160 Vel
322 1093 431 1161 Gabiis
454 1095 504 1161 vel
528 1115 602 1161 cum
624 1095 736 1183 rigidis
758 1107 895 1184 aequata
918 1097 1059 1176 Sabinis,
1246 1103 1287 1166 25

235 1263 274 1314 l8.
293 1265 338 1314 ior
355 1277 370 1313 e
389 1264 454 1314 Cod.
474 1261 539 1314 Coll.
557 1263 627 1314 Trin.
647 1263 730 1315 ilenti.
759 1266 799 1328 (Ut
820 1279 882 1328 nos,
900 1279 995 1318 omnes
1020 1267 1100 1329 Fene,
1125 1271 1253 1330 Pnttierii,

235 1338 361 1390 Schmidil
379 1341 407 1388 et
423 1339 524 1400 nostrl.)
539 1367 564 1375 -
585 1339 625 1389 49,
645 1339 721 1390 Grais
736 1339 811 1390 hSEc
828 1343 855 1390 et
872 1345 998 1406 quattuor
1013 1343 1153 1393 Schmidii:
1172 1345 1258 1394 Graiis

235 1414 253 1464 d
271 1416 298 1463 et
314 1427 377 1464 cum
394 1413 528 1478 plerisque
546 1413 612 1464 Edd.
631 1413 779 1476 Bentleiue‚
799 1415 866 1466 Flls.
887 1441 914 1452 -
934 1415 976 1467 43.
993 1419 1101 1468 nomnen
1117 1431 1140 1466 c.

204 1565 465 1614 monumentorum.»
494 1565 530 1613 Ex
548 1564 590 1613 his
605 1566 727 1614 veterum
766 1565 910 1615 contritus
931 1567 961 1628 tlt
984 1567 1062 1616 etium
1082 1567 1165 1616 uerbis
1187 1567 1219 1614 οο
1243 1579 1291 1616 unt

203 1637 350 1689 lautoribus
362 1643 487 1702 superest
502 1639 654 1689 etiamnunc
666 1652 729 1688 ver-
765 1641 879 1701 rnnotis,
906 1647 947 1701 ut,
976 1643 997 1690 si
1021 1643 1212 1692 ommentorios
1236 1643 1292 1703 quis

203 1713 321 1764 silicator
337 1711 379 1762 ille
397 1713 546 1764 rhetoricus
558 1727 573 1763 a
586 1713 730 1773 Quichero·
763 1713 910 1778 pontificum
925 1720 949 1764 et
964 1717 1129 1765 octaatistiosu
1144 1715 1246 1778 foedos
1268 1721 1292 1766 et

204 1789 253 1848 tio,
273 1789 388 1852 Souppio
406 1799 466 1838 meo
484 1791 512 1837 et
528 1789 729 1840 schneiderlno
767 1788 875 1838 αοοὶοιοο
890 1794 1017 1840 οοοαιαιαο
1033 1793 1148 1839 auctores
1167 1791 1194 1839 id
1208 1791 1292 1852 tpnnn

204 1863 307 1922 editus,
332 1863 377 1926 qui
399 1875 464 1912 sane
491 1863 590 1912 Horatii
611 1861 730 1926 aequalis
763 1867 835 1924 potul
851 1865 904 1913 cet.
919 1891 946 1900 -
962 1863 1057 1928 Gabiis]
1074 1865 1113 1914 Dc
1131 1863 1242 1915 loedere
1254 1865 1292 1914 in-

205 1938 260 1988 luit.
290 1937 431 1988 Suetonius
450 1939 506 1987 Oct.
519 1937 560 1989 844.
580 1939 650 1988 iuter
665 1937 731 1988 suli·
767 1938 810 1987 ter
825 1939 997 2000 Tarquinium
1015 1937 1167 2002 Superbum
1191 1941 1219 1988 et
1241 1941 1294 1989 Ga-

205 2014 313 2078 quarios
339 2011 373 2062 ab
402 2014 521 2075 Augusto
551 2013 732 2076 reprehensos
768 2010 846 2060 binos
864 2011 915 2061 icto
926 2025 952 2061 v.
964 2013 1019 2062 liv.
1034 2014 1062 2073 4,
1082 2011 1122 2062 nl.
1142 2015 1170 2061 et
1181 2013 1291 2076 Dionys.

205 2089 325 2138 nominat
349 2087 494 2150 Veranium
521 2086 657 2149 Flaccum,
685 2087 731 2150 qul
769 2085 850 2139 ilalic.
871 2087 902 2146 4,
924 2087 977 2148 te,
1002 2089 1047 2152 qui
1068 2089 1176 2150 praeter
1195 2099 1292 2152 exspe-

206 2165 273 2214 leste
291 2163 368 2212 Festo
385 2163 412 2212 ln
430 2175 454 2211 v.
467 2161 537 2212 llltta
546 2161 647 2211 orbim
659 2175 731 2212 cum·
769 2162 913 2212 clationem
942 2173 1059 2226 aequum
1089 2161 1168 2212 luisse
1197 2162 1292 2222 trudit,

205 2237 295 2301 posuit
308 2235 419 2295 librum,
434 2245 516 2298 quem
528 2237 661 2300 inscripsit
675 2237 733 2298 pri-
769 2237 837 2286 haec
868 2235 1047 2299 subiungens:
1083 2232 1200 2287 Τούτων
1232 2235 1295 2288 ἐστὶ

205 2325 308 2362 scuram
323 2323 419 2360 uocum.
450 2311 498 2360 llic
519 2311 598 2374 igilur
617 2309 732 2361 slmiles·
769 2307 826 2360 τῶν
851 2305 959 2382 ὁρκίων
981 2313 1127 2376 μνημεῖον
1149 2311 1180 2362 ἐν
1201 2307 1294 2382 Ῥώμῃ

207 2399 260 2448 que
275 2385 374 2434 Horatii
386 2384 438 2435 loci
449 2397 612 2450 magnopere
623 2385 731 2450 plaeere
770 2387 905 2450 κείμενον
927 2385 958 2436 ἐν
984 2383 1050 2456 ἱερῷ
1067 2381 1136 2448 Διὸς
1155 2383 1292 2446 Πιστίου,

206 2461 325 2523 Angusto
342 2458 487 2510 debebant.
503 2487 531 2496 -
550 2459 659 2526 laomor]
676 2461 730 2510 4444.
770 2455 805 2510 ὃν
827 2454 964 2526 Ῥωμαῖοι
988 2455 1119 2526 >atym
1139 2458 1294 2523 καλοῦσιν,

208 2550 223 2585 a
240 2535 399 2585 decemviris
417 2536 542 2598 quattuor
558 2535 656 2588 seculis
671 2539 732 2586 unte
770 2529 859 2598 ἀσπὶς
880 2533 980 2601 ξυλίνη
1001 2533 1096 2606 βύρσῃ
1117 2533 1201 2604 βοείᾳ
1218 2539 1297 2607 πορί-

208 2611 278 2660 lmnc
294 2607 434 2674 epistolam
451 2610 630 2674 conscriptam
648 2612 734 2660 sancl-
771 2625 856 2672 τονος
872 2607 924 2660 τοῦ
937 2610 1172 2677 σφαγιασθέντος
1182 2609 1229 2660 ἐπὶ
1240 2607 1298 2660 τῶν

208 2689 258 2736 las.
288 2684 392 2735 Cic.de
411 2684 496 2744 ont,
516 2683 561 2744 43,
586 2685 649 2735 tet:
672 2685 734 2747 plu-
772 2680 954 2754 ὁρκίωντότο
970 2681 1052 2747 βοός,
1070 2679 1299 2756 γράμμασινάρ-

208 2761 276 2809 rinno
292 2763 326 2808 est
350 2759 376 2807 in
397 2759 465 2807 moni
489 2759 545 2808 iure
566 2759 634 2808 ciuili
659 2763 682 2810 ct
708 2761 735 2809 in
772 2761 888 2820 χαῖκοτς
904 2757 1134 2830 ἐπιγεγραμμένη
1150 2754 1203 2821 τὰς
1219 2773 1298 2824 γονο-

207 2833 354 2898 pnntitlcwn
370 2832 441 2882 tons
451 2837 474 2882 et
490 2832 680 2882 transmonte
690 2847 736 2882 un·
772 2836 862 2900 μένας
870 2827 970 2895 αὐτοῖς
979 2827 1147 2899 ὁμολογίας.
1161 2833 1200 2883 Cl.
1213 2835 1300 2883 omni-

209 2907 333 2972 liquentis
348 2907 454 2970 effipies,
482 2907 548 2968 quod
564 2912 587 2956 at
602 2907 736 2957 uotorum
773 2923 808 2961 no
820 2906 959 2959 lliillerum
971 2907 1005 2956 ad
1019 2909 1125 2958 Festum
1134 2907 1208 2971 put.
1223 2909 1300 2958 Cete-

207 2985 294 3048 priscu
309 2987 419 3032 oenotri
434 2982 593 3045 coprtoscitur
607 2985 670 3042 cet,
689 2981 736 3032 ubl
773 2995 834 3034 rum
852 2995 914 3032 oum
931 2980 1026 3045 reliqui
1043 2983 1203 3044 interpretes
1222 2993 1299 3046 prae·

211 3057 369 3110 Ellendtius:
393 3057 523 3119 «Peraple
540 3057 637 3106 dicitur
649 3058 737 3118 prisca
774 3071 833 3124 pos.
851 3071 909 3107 crim
925 3057 1093 3106 retrahentes
1112 3055 1189 3118 (conl.
1203 3056 1238 3106 ad
1249 3057 1297 3107 0d.

209 3137 332 3192 οοααιοο,
351 3132 368 3180 i.
387 3143 412 3181 e.
431 3132 564 3190 vetustas,
583 3143 652 3194 quae
671 3131 737 3182 elle-
775 3134 804 3192 3,
822 3133 869 3193 25,
892 3131 927 3192 4.)
953 3131 1040 3182 Gabiis
1065 3128 1196 3194 explicent
1222 3143 1299 3181 acum

212 3209 259 3267 cit,
275 3209 305 3256 ut
316 3204 399 3256 verba
412 3219 445 3256 ex
456 3207 586 3256 memoria
597 3206 737 3256 hominum
776 3205 909 3267 Gabinis.»
928 3205 1067 3268 singularis
1080 3207 1120 3255 est
1137 3203 1243 3254 llarcilii
1256 3217 1301 3254 es·

212 3281 316 3334 sublata
333 3281 359 3330 in
371 3280 577 3331 desuetudinem
589 3282 736 3332 venirent.»
774 3283 872 3348 positio
893 3279 1005 3345 probata
1026 3293 1042 3330 a
1059 3278 1194 3329 schmidio
1211 3280 1243 3348 et
1265 3278 1299 3329 sb

213 3357 252 3408 Cl.
265 3359 367 3406 Seneca
378 3355 460 3419 Epist.
475 3355 535 3416 444,
554 3353 600 3406 la:
620 3355 694 3406 Malli
706 3369 739 3405 aa
775 3355 878 3407 llandlo
890 3357 964 3405 Turs.
979 3357 1009 3404 ll.
1023 3367 1050 3418 p.
1064 3354 1136 3404 tos:
1157 3355 1229 3404 «Non
1242 3353 1301 3416 qui·

213 3433 295 3482 ntimo
317 3431 397 3481 secuto
416 3435 504 3492 petum
523 3429 617 3480 vomu:
645 3431 738 3480 duod&
776 3433 840 3482 dem
858 3442 937 3481 «cum
954 3428 1072 3490 (labilem
1090 3431 1120 3478 ut
1142 3429 1300 3491 interpretes

212 3505 380 3557 cimTubutur
390 3505 534 3567 inquitatur.
552 3503 674 3569 Plerique
686 3507 740 3556 sta-
775 3505 831 3565 alii;
858 3503 907 3554 sed
933 3503 1043 3553 «loedus
1070 3503 1152 3553 ictum
1177 3499 1299 3551 Gabiisa

214 3583 291 3632 luunt
309 3580 398 3645 ipsum
415 3580 558 3630 duodecim
578 3579 738 3631 Tabularum
776 3578 918 3642 Tarquinio
939 3577 1087 3641 Superbo.»
1117 3576 1206 3639 captis
1229 3575 1301 3624 enim

215 3654 365 3719 exemplar,
385 3654 457 3718 quod
470 3656 618 3705 Decemviri
630 3656 685 3706 aeri
698 3657 739 3705 in-
777 3655 866 3705 Gahlls
892 3653 918 3702 ln
940 3651 1008 3701 urbe
1033 3653 1090 3715 ipsa
1114 3663 1176 3699 cum
1198 3648 1301 3699 civibus

215 3728 359 3780 oldendum
377 3731 515 3789 curarant,
534 3730 632 3779 Romae
651 3741 739 3780 serva·
777 3729 852 3779 victis
865 3726 1021 3790 Tarquinius
1032 3724 1127 3775 loedus
1138 3723 1215 3773 lenit.
1234 3724 1302 3773 Nar-

215 3808 273 3855 tum
290 3815 350 3854 esse
367 3815 454 3865 usque
472 3802 506 3852 ad
524 3805 630 3866 tempus
644 3803 739 3854 saltem
777 3806 819 3853 rut
839 3813 898 3851 rem
915 3800 1024 3864 copiose
1046 3797 1187 3859 Dionysius
1205 3797 1232 3845 L.
1257 3796 1300 3845 441.

216 3879 353 3942 cypriani,
372 3877 464 3942 utpote
482 3878 527 3941 qui
544 3879 626 3940 Epist.
639 3879 658 3927 4.
672 3891 699 3941 p.
713 3879 738 3926 ll.
778 3875 803 3938 ll.
817 3875 860 3938 lla
882 3875 983 3925 Verum
995 3874 1022 3922 in
1035 3873 1142 3936 poetam
1154 3869 1221 3919 mua
1233 3870 1301 3919 liaeo

217 3955 297 4004 Paris.
317 3953 391 4003 46446.
405 3951 519 4004 scribat:
538 3953 633 4002 Incisae
649 3953 741 4001 sintii-
778 3949 911 4000 accuratio
943 3945 1079 3998 inlerenda
1111 3957 1163 3995 non
1191 3945 1240 3994 est.
1272 3973 1298 3982 -

217 4033 255 4078 cot
270 4027 334 4091 lepus
351 4027 404 4076 Xll.
423 4026 514 4076 tulus
529 4031 553 4075 el
567 4025 665 4088 pontice
682 4039 742 4077 uere
777 4023 874 4087 mpidu]
900 4023 989 4074 Sabini
1014 4033 1095 4084 saepe
1118 4022 1247 4069 vocantur
1267 4020 1304 4069 ri-

214 4103 333 4166 praefixo
348 4103 409 4152 iura
423 4101 581 4163 praescripta
597 4101 659 4160 sint,
677 4099 742 4150 inter·
779 4097 845 4162 gidi,
865 4097 936 4158 duri,
963 4095 1049 4146 tetrici
1071 4093 1106 4145 ob
1130 4105 1236 4144 morum
1258 4106 1303 4143 se-

217 4179 282 4241 lrpes
305 4176 467 4238 admonium.
497 4175 558 4228 llihl
578 4175 645 4224 haec
665 4175 742 4226 vide·
779 4172 928 4222 veritatem.
953 4171 1047 4221 Cicero
1064 4169 1186 4218 inVatin.
1201 4168 1245 4228 to,
1260 4167 1301 4244 (ll.

219 4254 263 4300 tur
279 4249 436 4301 sententiola
453 4261 529 4300 mere
549 4249 691 4300 rhetorica.
712 4275 739 4286 -
779 4245 891 4298 sobiam
907 4245 1071 4295 maistans
1086 4244 1196 4294 tornines
1214 4245 1301 4294 vocnt.

218 4324 433 4400 imperspicua]
457 4322 562 4383 Quintil.
584 4323 612 4384 8,
639 4323 667 4384 2,
695 4323 740 4372 tt:
781 4323 876 4372 Fronto
899 4332 926 4384 p.
946 4319 1004 4370 446.
1030 4318 1074 4374 ed.
1101 4319 1175 4369 llom.
1202 4316 1302 4381 ll8lli.l:
