<?xml version="1.0" encoding="UTF-8"?>
<!DOCTYPE html PUBLIC "-//W3C//DTD XHTML 1.0 Transitional//EN"
    "http://www.w3.org/TR/xhtml1/DTD/xhtml1-transitional.dtd">
<html xmlns="http://www.w3.org/1999/xhtml" xml:lang="en" lang="en">
 <head>
  <title>
</title>
<meta http-equiv="Content-Type" content="text/html;charset=utf-8" />
  <meta name='ocr-system' content='tesseract 3.04.00' />
  <meta name='ocr-capabilities' content='ocr_page ocr_carea ocr_par ocr_line ocrx_word'/>
</head>
<body>
  <div class='ocr_page' id='page_1' title='image "./qhoratiusflaccu01baitgoog_0640.png"; bbox 0 0 3174 4974; ppageno 0'>
   <div class='ocr_carea' id='block_1_1' title="bbox 584 492 1267 556">
    <p class='ocr_par' dir='ltr' id='par_1_1' title="bbox 584 492 1267 556">
     <span class='ocr_line' id='line_1_1' title="bbox 584 492 1267 556; baseline 0.022 -14"><span class='ocrx_word' id='word_1_1' title='bbox 584 493 643 543; x_wconf 83' lang='lat' dir='ltr'>nra.</span> <span class='ocrx_word' id='word_1_2' title='bbox 664 493 692 542; x_wconf 88' lang='lat' dir='ltr'>n.</span> <span class='ocrx_word' id='word_1_3' title='bbox 730 493 828 544; x_wconf 79' lang='lat' dir='ltr'>errsr.</span> <span class='ocrx_word' id='word_1_4' title='bbox 847 495 866 543; x_wconf 90' lang='lat' dir='ltr'>t.</span> <span class='ocrx_word' id='word_1_5' title='bbox 1205 492 1267 556; x_wconf 80' lang='lat' dir='ltr'>iiii</span> 
     </span>
    </p>
   </div>
   <div class='ocr_carea' id='block_1_2' title="bbox 224 649 1266 1105">
    <p class='ocr_par' dir='ltr' id='par_1_2' title="bbox 225 649 1266 852">
     <span class='ocr_line' id='line_1_2' title="bbox 225 649 1266 739; baseline -0.005 -19"><span class='ocrx_word' id='word_1_6' title='bbox 225 651 327 720; x_wconf 85' lang='lat' dir='ltr'>Gestit</span> <span class='ocrx_word' id='word_1_7' title='bbox 347 649 432 718; x_wconf 89' lang='lat' dir='ltr'>enim</span> <span class='ocrx_word' id='word_1_8' title='bbox 449 669 613 716; x_wconf 89' lang='lat' dir='ltr'>nummum</span> <span class='ocrx_word' id='word_1_9' title='bbox 633 651 664 714; x_wconf 94' lang='lat' dir='ltr'>in</span> <span class='ocrx_word' id='word_1_10' title='bbox 680 649 803 718; x_wconf 87' lang='lat' dir='ltr'>loculos</span> <span class='ocrx_word' id='word_1_11' title='bbox 818 651 1002 728; x_wconf 78' lang='lat' dir='ltr'>demittere,</span> <span class='ocrx_word' id='word_1_12' title='bbox 1027 663 1100 739; x_wconf 90' lang='lat' dir='ltr'>post</span> <span class='ocrx_word' id='word_1_13' title='bbox 1114 652 1174 718; x_wconf 89' lang='lat' dir='ltr'>hcc</span> <span class='ocrx_word' id='word_1_14' title='bbox 1206 651 1266 717; x_wconf 78' lang='lat' dir='ltr'>tia</span> 
     </span>
     <span class='ocr_line' id='line_1_3' title="bbox 225 771 983 852; baseline -0.007 -9"><span class='ocrx_word' id='word_1_15' title='bbox 225 777 381 852; x_wconf 90' lang='lat' dir='ltr'>Securus,</span> <span class='ocrx_word' id='word_1_16' title='bbox 406 774 501 841; x_wconf 88' lang='lat' dir='ltr'>cadat</span> <span class='ocrx_word' id='word_1_17' title='bbox 521 793 562 840; x_wconf 88' lang='lat' dir='ltr'>an</span> <span class='ocrx_word' id='word_1_18' title='bbox 585 784 675 840; x_wconf 89' lang='lat' dir='ltr'>recto</span> <span class='ocrx_word' id='word_1_19' title='bbox 698 784 760 840; x_wconf 87' lang='lat' dir='ltr'>stet</span> <span class='ocrx_word' id='word_1_20' title='bbox 781 773 887 840; x_wconf 83' lang='lat' dir='ltr'>fabula</span> <span class='ocrx_word' id='word_1_21' title='bbox 910 771 983 839; x_wconf 89' lang='lat' dir='ltr'>talo.</span> 
     </span>
    </p>

    <p class='ocr_par' dir='ltr' id='par_1_3' title="bbox 225 894 1059 977">
     <span class='ocr_line' id='line_1_4' title="bbox 225 894 1059 977; baseline -0.004 -14"><span class='ocrx_word' id='word_1_22' title='bbox 225 897 330 977; x_wconf 88' lang='lat' dir='ltr'>Quem</span> <span class='ocrx_word' id='word_1_23' title='bbox 352 896 422 962; x_wconf 91' lang='lat' dir='ltr'>tulit</span> <span class='ocrx_word' id='word_1_24' title='bbox 443 895 484 963; x_wconf 91' lang='lat' dir='ltr'>ad</span> <span class='ocrx_word' id='word_1_25' title='bbox 507 916 638 962; x_wconf 87' lang='lat' dir='ltr'>scenam</span> <span class='ocrx_word' id='word_1_26' title='bbox 660 905 795 962; x_wconf 90' lang='lat' dir='ltr'>ventoso</span> <span class='ocrx_word' id='word_1_27' title='bbox 819 894 926 962; x_wconf 84' lang='lat' dir='ltr'><strong>Gloria</strong></span> <span class='ocrx_word' id='word_1_28' title='bbox 949 915 1059 972; x_wconf 90' lang='lat' dir='ltr'>curru,</span> 
     </span>
    </p>

    <p class='ocr_par' dir='ltr' id='par_1_4' title="bbox 224 1015 997 1105">
     <span class='ocr_line' id='line_1_5' title="bbox 224 1015 997 1105; baseline -0.005 -21"><span class='ocrx_word' id='word_1_29' title='bbox 224 1019 389 1085; x_wconf 85' lang='lat' dir='ltr'>Exanimat</span> <span class='ocrx_word' id='word_1_30' title='bbox 410 1018 515 1086; x_wconf 86' lang='lat' dir='ltr'>lentus</span> <span class='ocrx_word' id='word_1_31' title='bbox 536 1027 713 1105; x_wconf 88' lang='lat' dir='ltr'>spectator,</span> <span class='ocrx_word' id='word_1_32' title='bbox 737 1015 871 1084; x_wconf 87' lang='lat' dir='ltr'>sedulus</span> <span class='ocrx_word' id='word_1_33' title='bbox 894 1015 997 1082; x_wconf 84' lang='lat' dir='ltr'>inflat:</span> 
     </span>
    </p>
   </div>
   <div class='ocr_carea' id='block_1_3' title="bbox 215 1216 1237 1430">
    <p class='ocr_par' dir='ltr' id='par_1_5' title="bbox 215 1216 1237 1430">
     <span class='ocr_line' id='line_1_6' title="bbox 215 1216 1233 1283; baseline 0.003 -14"><span class='ocrx_word' id='word_1_34' title='bbox 215 1222 289 1283; x_wconf 90' lang='lat' dir='ltr'>quot.</span> <span class='ocrx_word' id='word_1_35' title='bbox 303 1245 328 1254; x_wconf 90' lang='lat'><em>-</em></span> <span class='ocrx_word' id='word_1_36' title='bbox 343 1218 407 1268; x_wconf 89' lang='lat' dir='ltr'>inda</span> <span class='ocrx_word' id='word_1_37' title='bbox 425 1231 439 1266; x_wconf 89' lang='lat' dir='ltr'>a</span> <span class='ocrx_word' id='word_1_38' title='bbox 457 1230 538 1268; x_wconf 90' lang='lat' dir='ltr'>versu</span> <span class='ocrx_word' id='word_1_39' title='bbox 557 1218 613 1267; x_wconf 84' lang='grc'><strong>476.</strong></span> <span class='ocrx_word' id='word_1_40' title='bbox 633 1229 718 1280; x_wconf 89' lang='lat' dir='ltr'>usque</span> <span class='ocrx_word' id='word_1_41' title='bbox 736 1216 770 1267; x_wconf 86' lang='lat' dir='ltr'>ad</span> <span class='ocrx_word' id='word_1_42' title='bbox 788 1231 813 1267; x_wconf 87' lang='lat' dir='ltr'>v.</span> <span class='ocrx_word' id='word_1_43' title='bbox 826 1218 884 1268; x_wconf 75' lang='grc'><strong>249.</strong></span> <span class='ocrx_word' id='word_1_44' title='bbox 904 1217 995 1268; x_wconf 83' lang='lat' dir='ltr'>deficit</span> <span class='ocrx_word' id='word_1_45' title='bbox 1012 1218 1078 1268; x_wconf 93' lang='lat' dir='ltr'>Cod.</span> <span class='ocrx_word' id='word_1_46' title='bbox 1092 1219 1120 1269; x_wconf 90' lang='lat' dir='ltr'>E.</span> <span class='ocrx_word' id='word_1_47' title='bbox 1137 1247 1164 1256; x_wconf 91' lang='lat'><em>-</em></span> <span class='ocrx_word' id='word_1_48' title='bbox 1178 1221 1233 1272; x_wconf 78' lang='lat' dir='ltr'>tta.</span> 
     </span>
     <span class='ocr_line' id='line_1_7' title="bbox 215 1290 1237 1358; baseline 0.001 -16"><span class='ocrx_word' id='word_1_49' title='bbox 215 1295 292 1343; x_wconf 82' lang='lat' dir='ltr'>instat</span> <span class='ocrx_word' id='word_1_50' title='bbox 309 1295 443 1344; x_wconf 86' lang='lat' dir='ltr'>Gesnerus</span> <span class='ocrx_word' id='word_1_51' title='bbox 460 1306 475 1342; x_wconf 90' lang='lat' dir='ltr'>e</span> <span class='ocrx_word' id='word_1_52' title='bbox 494 1290 636 1342; x_wconf 80' lang='lat' dir='ltr'>collatione</span> <span class='ocrx_word' id='word_1_53' title='bbox 649 1291 771 1350; x_wconf 75' lang='lat' dir='ltr'>Susiana,</span> <span class='ocrx_word' id='word_1_54' title='bbox 790 1292 883 1356; x_wconf 86' lang='lat' dir='ltr'>sicque</span> <span class='ocrx_word' id='word_1_55' title='bbox 896 1293 1021 1343; x_wconf 88' lang='lat' dir='ltr'>Schmidii</span> <span class='ocrx_word' id='word_1_56' title='bbox 1034 1294 1176 1345; x_wconf 87' lang='lat' dir='ltr'>secundus.</span> <span class='ocrx_word' id='word_1_57' title='bbox 1197 1296 1237 1358; x_wconf 82' lang='lat' dir='ltr'>(Ut</span> 
     </span>
     <span class='ocr_line' id='line_1_8' title="bbox 216 1367 919 1430; baseline -0.003 -11"><span class='ocrx_word' id='word_1_58' title='bbox 216 1381 279 1426; x_wconf 89' lang='lat' dir='ltr'>nos,</span> <span class='ocrx_word' id='word_1_59' title='bbox 298 1368 380 1418; x_wconf 87' lang='lat' dir='ltr'>nostri</span> <span class='ocrx_word' id='word_1_60' title='bbox 399 1370 425 1418; x_wconf 85' lang='lat' dir='ltr'>et</span> <span class='ocrx_word' id='word_1_61' title='bbox 443 1367 556 1416; x_wconf 84' lang='lat' dir='ltr'>Pottierii</span> <span class='ocrx_word' id='word_1_62' title='bbox 575 1379 682 1423; x_wconf 84' lang='lat' dir='ltr'>omnes,</span> <span class='ocrx_word' id='word_1_63' title='bbox 702 1369 756 1416; x_wconf 86' lang='lat' dir='ltr'>tres</span> <span class='ocrx_word' id='word_1_64' title='bbox 773 1367 919 1430; x_wconf 82' lang='lat' dir='ltr'>Schmidii.)</span> 
     </span>
    </p>
   </div>
   <div class='ocr_carea' id='block_1_4' title="bbox 130 1535 1274 4425">
    <p class='ocr_par' dir='ltr' id='par_1_6' title="bbox 130 1535 1274 4425">
     <span class='ocr_line' id='line_1_9' title="bbox 183 1535 1269 1604; baseline 0.005 -16"><span class='ocrx_word' id='word_1_65' title='bbox 183 1538 217 1588; x_wconf 89' lang='lat' dir='ltr'>de</span> <span class='ocrx_word' id='word_1_66' title='bbox 235 1535 360 1587; x_wconf 79' lang='lat' dir='ltr'>Atellanis</span> <span class='ocrx_word' id='word_1_67' title='bbox 377 1548 403 1600; x_wconf 87' lang='lat' dir='ltr'>p.</span> <span class='ocrx_word' id='word_1_68' title='bbox 420 1535 461 1585; x_wconf 81' lang='lat'>35.</span> <span class='ocrx_word' id='word_1_69' title='bbox 480 1537 560 1598; x_wconf 88' lang='lat' dir='ltr'>atque</span> <span class='ocrx_word' id='word_1_70' title='bbox 577 1536 707 1598; x_wconf 79' lang='lat' dir='ltr'>imprimis</span> <span class='ocrx_word' id='word_1_71' title='bbox 779 1536 898 1587; x_wconf 76' lang='lat' dir='ltr'>tat-tat.</span> <span class='ocrx_word' id='word_1_72' title='bbox 922 1539 999 1599; x_wconf 77' lang='lat' dir='ltr'>(tuem</span> <span class='ocrx_word' id='word_1_73' title='bbox 1010 1539 1065 1588; x_wconf 88' lang='lat' dir='ltr'>tuiit</span> <span class='ocrx_word' id='word_1_74' title='bbox 1076 1539 1139 1604; x_wconf 79' lang='lat' dir='ltr'>cet]</span> <span class='ocrx_word' id='word_1_75' title='bbox 1157 1542 1269 1593; x_wconf 82' lang='lat' dir='ltr'>«Contra</span> 
     </span>
     <span class='ocr_line' id='line_1_10' title="bbox 183 1610 1270 1681; baseline 0.008 -22"><span class='ocrx_word' id='word_1_76' title='bbox 183 1626 210 1678; x_wconf 88' lang='lat' dir='ltr'>p.</span> <span class='ocrx_word' id='word_1_77' title='bbox 224 1611 281 1660; x_wconf 78' lang='lat' dir='ltr'>tit.</span> <span class='ocrx_word' id='word_1_78' title='bbox 297 1637 325 1648; x_wconf 90' lang='lat'>·-</span> <span class='ocrx_word' id='word_1_79' title='bbox 337 1610 454 1660; x_wconf 74' lang='lat' dir='ltr'>edacibus</span> <span class='ocrx_word' id='word_1_80' title='bbox 468 1611 495 1658; x_wconf 83' lang='lat' dir='ltr'>in</span> <span class='ocrx_word' id='word_1_81' title='bbox 510 1611 638 1675; x_wconf 76' lang='lat' dir='ltr'>parasitis]</span> <span class='ocrx_word' id='word_1_82' title='bbox 656 1611 708 1659; x_wconf 86' lang='lat' dir='ltr'>Te·</span> <span class='ocrx_word' id='word_1_83' title='bbox 745 1610 783 1672; x_wconf 89' lang='lat' dir='ltr'>ei,</span> <span class='ocrx_word' id='word_1_84' title='bbox 808 1612 853 1673; x_wconf 92' lang='lat' dir='ltr'>qui</span> <span class='ocrx_word' id='word_1_85' title='bbox 870 1611 915 1662; x_wconf 86' lang='lat' dir='ltr'>viii</span> <span class='ocrx_word' id='word_1_86' title='bbox 932 1613 1097 1674; x_wconf 81' lang='lat' dir='ltr'>quaesticulo</span> <span class='ocrx_word' id='word_1_87' title='bbox 1114 1619 1270 1681; x_wconf 88' lang='lat' dir='ltr'>contempto</span> 
     </span>
     <span class='ocr_line' id='line_1_11' title="bbox 183 1682 1272 1752; baseline 0.006 -16"><span class='ocrx_word' id='word_1_88' title='bbox 183 1688 251 1736; x_wconf 90' lang='lat' dir='ltr'>rent.</span> <span class='ocrx_word' id='word_1_89' title='bbox 262 1685 358 1736; x_wconf 79' lang='lat' dir='ltr'>fleant.</span> <span class='ocrx_word' id='word_1_90' title='bbox 370 1682 436 1734; x_wconf 83' lang='lat' dir='ltr'>Prol.</span> <span class='ocrx_word' id='word_1_91' title='bbox 448 1683 489 1733; x_wconf 80' lang='lat'>37:</span> <span class='ocrx_word' id='word_1_92' title='bbox 501 1686 644 1746; x_wconf 81' lang='lat' dir='ltr'>Nescmper</span> <span class='ocrx_word' id='word_1_93' title='bbox 653 1697 708 1733; x_wconf 78' lang='lat' dir='ltr'>aar·</span> <span class='ocrx_word' id='word_1_94' title='bbox 744 1697 824 1735; x_wconf 86' lang='lat' dir='ltr'>verae</span> <span class='ocrx_word' id='word_1_95' title='bbox 842 1685 927 1736; x_wconf 88' lang='lat' dir='ltr'>laudis</span> <span class='ocrx_word' id='word_1_96' title='bbox 944 1689 1074 1752; x_wconf 87' lang='lat' dir='ltr'>appetens</span> <span class='ocrx_word' id='word_1_97' title='bbox 1088 1689 1183 1742; x_wconf 84' lang='lat' dir='ltr'>tabulis</span> <span class='ocrx_word' id='word_1_98' title='bbox 1195 1705 1272 1742; x_wconf 89' lang='lat' dir='ltr'>com-</span> 
     </span>
     <span class='ocr_line' id='line_1_12' title="bbox 182 1759 1272 1832; baseline 0.006 -22"><span class='ocrx_word' id='word_1_99' title='bbox 182 1775 228 1810; x_wconf 82' lang='lat' dir='ltr'>cos</span> <span class='ocrx_word' id='word_1_100' title='bbox 244 1773 360 1820; x_wconf 74' lang='lat' dir='ltr'>currem,</span> <span class='ocrx_word' id='word_1_101' title='bbox 379 1761 555 1819; x_wconf 76' lang='lat' dir='ltr'>iratusscnan,</span> <span class='ocrx_word' id='word_1_102' title='bbox 573 1760 707 1820; x_wconf 76' lang='lat' dir='ltr'>Edaxpa-</span> <span class='ocrx_word' id='word_1_103' title='bbox 745 1759 875 1823; x_wconf 87' lang='lat' dir='ltr'>ponendis</span> <span class='ocrx_word' id='word_1_104' title='bbox 892 1775 1002 1826; x_wconf 86' lang='lat' dir='ltr'>operam</span> <span class='ocrx_word' id='word_1_105' title='bbox 1016 1763 1075 1824; x_wconf 88' lang='lat' dir='ltr'>dat,</span> <span class='ocrx_word' id='word_1_106' title='bbox 1094 1764 1175 1815; x_wconf 88' lang='lat' dir='ltr'>muita</span> <span class='ocrx_word' id='word_1_107' title='bbox 1188 1767 1272 1832; x_wconf 86' lang='lat' dir='ltr'>impe-</span> 
     </span>
     <span class='ocr_line' id='line_1_13' title="bbox 183 1834 1270 1903; baseline 0.005 -18"><span class='ocrx_word' id='word_1_108' title='bbox 183 1837 288 1894; x_wconf 73' lang='lat' dir='ltr'>raritut,</span> <span class='ocrx_word' id='word_1_109' title='bbox 306 1834 461 1896; x_wconf 73' lang='lat' dir='ltr'>sicophanta</span> <span class='ocrx_word' id='word_1_110' title='bbox 474 1839 558 1882; x_wconf 80' lang='lat' dir='ltr'>autom</span> <span class='ocrx_word' id='word_1_111' title='bbox 569 1834 706 1895; x_wconf 80' lang='lat' dir='ltr'>impudens,</span> <span class='ocrx_word' id='word_1_112' title='bbox 745 1835 862 1886; x_wconf 87' lang='lat' dir='ltr'>dimenta</span> <span class='ocrx_word' id='word_1_113' title='bbox 880 1837 950 1900; x_wconf 91' lang='lat' dir='ltr'>apud</span> <span class='ocrx_word' id='word_1_114' title='bbox 969 1851 1018 1890; x_wconf 91' lang='lat' dir='ltr'>nos</span> <span class='ocrx_word' id='word_1_115' title='bbox 1034 1840 1185 1903; x_wconf 88' lang='lat' dir='ltr'>superanda</span> <span class='ocrx_word' id='word_1_116' title='bbox 1199 1843 1270 1902; x_wconf 90' lang='lat' dir='ltr'>sunt,</span> 
     </span>
     <span class='ocr_line' id='line_1_14' title="bbox 183 1908 1272 1980; baseline 0.005 -19"><span class='ocrx_word' id='word_1_117' title='bbox 183 1910 356 1969; x_wconf 67' lang='lat' dir='ltr'>atanarico,</span> <span class='ocrx_word' id='word_1_118' title='bbox 370 1909 468 1958; x_wconf 82' lang='lat' dir='ltr'>assidua</span> <span class='ocrx_word' id='word_1_119' title='bbox 476 1909 567 1972; x_wconf 76' lang='lat' dir='ltr'>aporii</span> <span class='ocrx_word' id='word_1_120' title='bbox 578 1909 626 1957; x_wconf 85' lang='lat' dir='ltr'>sint</span> <span class='ocrx_word' id='word_1_121' title='bbox 637 1908 706 1956; x_wconf 82' lang='lat' dir='ltr'>mitt.</span> <span class='ocrx_word' id='word_1_122' title='bbox 745 1923 815 1973; x_wconf 85' lang='lat' dir='ltr'>quae</span> <span class='ocrx_word' id='word_1_123' title='bbox 827 1911 948 1961; x_wconf 89' lang='lat' dir='ltr'>oriuntur</span> <span class='ocrx_word' id='word_1_124' title='bbox 959 1926 991 1962; x_wconf 87' lang='lat' dir='ltr'>ex</span> <span class='ocrx_word' id='word_1_125' title='bbox 1005 1917 1186 1977; x_wconf 90' lang='lat' dir='ltr'>spectatorum</span> <span class='ocrx_word' id='word_1_126' title='bbox 1198 1916 1272 1980; x_wconf 87' lang='lat' dir='ltr'>ipso-</span> 
     </span>
     <span class='ocr_line' id='line_1_15' title="bbox 130 1982 1270 2052; baseline 0.006 -19"><span class='ocrx_word' id='word_1_127' title='bbox 130 2012 133 2020; x_wconf 89' lang='lat'>·</span> <span class='ocrx_word' id='word_1_128' title='bbox 186 2014 212 2027; x_wconf 81' lang='lat'><em>-</em></span> <span class='ocrx_word' id='word_1_129' title='bbox 232 1983 310 2047; x_wconf 80' lang='lat' dir='ltr'>rocco]</span> <span class='ocrx_word' id='word_1_130' title='bbox 337 1982 498 2033; x_wconf 77' lang='lat' dir='ltr'>Comoedias</span> <span class='ocrx_word' id='word_1_131' title='bbox 519 1995 603 2032; x_wconf 78' lang='lat' dir='ltr'>socam</span> <span class='ocrx_word' id='word_1_132' title='bbox 623 1995 708 2046; x_wconf 89' lang='lat' dir='ltr'>oppo-</span> <span class='ocrx_word' id='word_1_133' title='bbox 745 1997 805 2034; x_wconf 91' lang='lat' dir='ltr'>rum</span> <span class='ocrx_word' id='word_1_134' title='bbox 831 1987 966 2049; x_wconf 84' lang='lat' dir='ltr'>perversis</span> <span class='ocrx_word' id='word_1_135' title='bbox 984 1986 1086 2038; x_wconf 89' lang='lat' dir='ltr'>indiciis</span> <span class='ocrx_word' id='word_1_136' title='bbox 1103 2001 1135 2038; x_wconf 91' lang='lat' dir='ltr'>ac</span> <span class='ocrx_word' id='word_1_137' title='bbox 1160 1989 1270 2052; x_wconf 83' lang='lat' dir='ltr'>studiis3</span> 
     </span>
     <span class='ocr_line' id='line_1_16' title="bbox 184 2055 1271 2123; baseline 0.005 -13"><span class='ocrx_word' id='word_1_138' title='bbox 184 2061 255 2110; x_wconf 87' lang='lat' dir='ltr'>nitur</span> <span class='ocrx_word' id='word_1_139' title='bbox 272 2057 424 2122; x_wconf 75' lang='lat' dir='ltr'>tragoediae</span> <span class='ocrx_word' id='word_1_140' title='bbox 441 2058 608 2107; x_wconf 68' lang='lat' dir='ltr'>cothurnos.</span> <span class='ocrx_word' id='word_1_141' title='bbox 625 2057 652 2106; x_wconf 88' lang='grc' dir='ltr'>Ρ.</span> <span class='ocrx_word' id='word_1_142' title='bbox 665 2055 706 2106; x_wconf 84' lang='lat'>8⁰.</span> <span class='ocrx_word' id='word_1_143' title='bbox 745 2061 870 2123; x_wconf 81' lang='lat' dir='ltr'>quocirca</span> <span class='ocrx_word' id='word_1_144' title='bbox 890 2060 1040 2111; x_wconf 87' lang='lat' dir='ltr'>mirandum</span> <span class='ocrx_word' id='word_1_145' title='bbox 1058 2067 1177 2122; x_wconf 89' lang='lat' dir='ltr'>nonest,</span> <span class='ocrx_word' id='word_1_146' title='bbox 1196 2066 1217 2114; x_wconf 90' lang='lat' dir='ltr'>si</span> <span class='ocrx_word' id='word_1_147' title='bbox 1229 2065 1271 2115; x_wconf 90' lang='lat' dir='ltr'>his</span> 
     </span>
     <span class='ocr_line' id='line_1_17' title="bbox 183 2131 1270 2199; baseline 0.005 -16"><span class='ocrx_word' id='word_1_148' title='bbox 183 2136 253 2194; x_wconf 89' lang='lat' dir='ltr'>lam,</span> <span class='ocrx_word' id='word_1_149' title='bbox 271 2133 317 2196; x_wconf 91' lang='lat' dir='ltr'>qui</span> <span class='ocrx_word' id='word_1_150' title='bbox 334 2133 420 2182; x_wconf 91' lang='lat' dir='ltr'>soccis</span> <span class='ocrx_word' id='word_1_151' title='bbox 437 2145 487 2181; x_wconf 85' lang='lat' dir='ltr'>noo</span> <span class='ocrx_word' id='word_1_152' title='bbox 498 2132 562 2182; x_wconf 89' lang='lat' dir='ltr'>satis</span> <span class='ocrx_word' id='word_1_153' title='bbox 573 2131 708 2190; x_wconf 79' lang='lat' dir='ltr'>adstrictis,</span> <span class='ocrx_word' id='word_1_154' title='bbox 745 2134 912 2197; x_wconf 86' lang='lat' dir='ltr'>temporibus</span> <span class='ocrx_word' id='word_1_155' title='bbox 938 2137 1015 2198; x_wconf 89' lang='lat' dir='ltr'>pauci</span> <span class='ocrx_word' id='word_1_156' title='bbox 1041 2139 1103 2188; x_wconf 90' lang='lat' dir='ltr'>sunt</span> <span class='ocrx_word' id='word_1_157' title='bbox 1120 2139 1162 2199; x_wconf 83' lang='lat' dir='ltr'>(ut</span> <span class='ocrx_word' id='word_1_158' title='bbox 1178 2137 1270 2199; x_wconf 88' lang='lat' dir='ltr'>Poiiio,</span> 
     </span>
     <span class='ocr_line' id='line_1_18' title="bbox 184 2204 1271 2275; baseline 0.004 -17"><span class='ocrx_word' id='word_1_159' title='bbox 184 2207 232 2258; x_wconf 90' lang='lat' dir='ltr'>sed</span> <span class='ocrx_word' id='word_1_160' title='bbox 250 2207 315 2258; x_wconf 86' lang='lat' dir='ltr'>taxis</span> <span class='ocrx_word' id='word_1_161' title='bbox 327 2205 518 2270; x_wconf 71' lang='lat' dir='ltr'>(scitottrtp)</span> <span class='ocrx_word' id='word_1_162' title='bbox 530 2204 644 2266; x_wconf 84' lang='lat' dir='ltr'>incedit,</span> <span class='ocrx_word' id='word_1_163' title='bbox 663 2217 709 2253; x_wconf 90' lang='lat' dir='ltr'>nc·</span> <span class='ocrx_word' id='word_1_164' title='bbox 744 2208 853 2268; x_wconf 77' lang='lat' dir='ltr'>Verius,</span> <span class='ocrx_word' id='word_1_165' title='bbox 872 2208 1045 2272; x_wconf 76' lang='lat' dir='ltr'>Fundanius),</span> <span class='ocrx_word' id='word_1_166' title='bbox 1067 2211 1112 2274; x_wconf 89' lang='lat' dir='ltr'>qui</span> <span class='ocrx_word' id='word_1_167' title='bbox 1129 2212 1271 2275; x_wconf 82' lang='lat' dir='ltr'>tragoediis</span> 
     </span>
     <span class='ocr_line' id='line_1_19' title="bbox 184 2279 1273 2347; baseline 0.006 -14"><span class='ocrx_word' id='word_1_168' title='bbox 184 2279 709 2346; x_wconf 79' lang='lat' dir='ltr'>giigentemetrusticumseesseosten·</span> <span class='ocrx_word' id='word_1_169' title='bbox 746 2283 1273 2347; x_wconf 85' lang='lat' dir='ltr'>comoediisquescribendismuiiasmo·</span> 
     </span>
     <span class='ocr_line' id='line_1_20' title="bbox 184 2353 1271 2424; baseline 0.004 -17"><span class='ocrx_word' id='word_1_170' title='bbox 184 2357 231 2408; x_wconf 91' lang='lat' dir='ltr'>dit.</span> <span class='ocrx_word' id='word_1_171' title='bbox 261 2359 323 2407; x_wconf 88' lang='lat' dir='ltr'>Sine</span> <span class='ocrx_word' id='word_1_172' title='bbox 349 2357 463 2418; x_wconf 78' lang='lat' dir='ltr'>imagine</span> <span class='ocrx_word' id='word_1_173' title='bbox 489 2353 618 2418; x_wconf 79' lang='lat' dir='ltr'>significat</span> <span class='ocrx_word' id='word_1_174' title='bbox 640 2354 707 2404; x_wconf 84' lang='lat' dir='ltr'>rude</span> <span class='ocrx_word' id='word_1_175' title='bbox 745 2357 836 2410; x_wconf 89' lang='lat' dir='ltr'>iestias</span> <span class='ocrx_word' id='word_1_176' title='bbox 853 2360 990 2411; x_wconf 87' lang='lat' dir='ltr'>incurrere</span> <span class='ocrx_word' id='word_1_177' title='bbox 1008 2357 1104 2420; x_wconf 71' lang='lat' dir='ltr'>veiint,</span> <span class='ocrx_word' id='word_1_178' title='bbox 1130 2374 1179 2424; x_wconf 77' lang='lat' dir='ltr'>ego</span> <span class='ocrx_word' id='word_1_179' title='bbox 1198 2363 1271 2412; x_wconf 90' lang='lat' dir='ltr'>cerie</span> 
     </span>
     <span class='ocr_line' id='line_1_21' title="bbox 184 2429 1271 2499; baseline 0.004 -17"><span class='ocrx_word' id='word_1_180' title='bbox 184 2446 216 2484; x_wconf 90' lang='lat' dir='ltr'>ac</span> <span class='ocrx_word' id='word_1_181' title='bbox 242 2429 401 2482; x_wconf 89' lang='lat' dir='ltr'>dissolutum</span> <span class='ocrx_word' id='word_1_182' title='bbox 426 2430 532 2480; x_wconf 88' lang='lat' dir='ltr'>dicendi</span> <span class='ocrx_word' id='word_1_183' title='bbox 555 2441 655 2493; x_wconf 77' lang='lat' dir='ltr'>genus,</span> <span class='ocrx_word' id='word_1_184' title='bbox 682 2429 709 2478; x_wconf 88' lang='lat' dir='ltr'>ei</span> <span class='ocrx_word' id='word_1_185' title='bbox 746 2447 884 2498; x_wconf 92' lang='lat' dir='ltr'>nunquam</span> <span class='ocrx_word' id='word_1_186' title='bbox 906 2435 1039 2496; x_wconf 88' lang='lat' dir='ltr'>adducar,</span> <span class='ocrx_word' id='word_1_187' title='bbox 1067 2437 1096 2484; x_wconf 90' lang='lat' dir='ltr'>ut</span> <span class='ocrx_word' id='word_1_188' title='bbox 1117 2435 1168 2486; x_wconf 89' lang='lat' dir='ltr'>hoc</span> <span class='ocrx_word' id='word_1_189' title='bbox 1186 2449 1271 2499; x_wconf 80' lang='lat' dir='ltr'>genus</span> 
     </span>
     <span class='ocr_line' id='line_1_22' title="bbox 184 2505 1272 2573; baseline 0 -16"><span class='ocrx_word' id='word_1_190' title='bbox 184 2508 271 2558; x_wconf 89' lang='lat' dir='ltr'>onmis</span> <span class='ocrx_word' id='word_1_191' title='bbox 297 2505 402 2569; x_wconf 78' lang='lat' dir='ltr'>generis</span> <span class='ocrx_word' id='word_1_192' title='bbox 422 2505 485 2554; x_wconf 85' lang='lat' dir='ltr'>vitia</span> <span class='ocrx_word' id='word_1_193' title='bbox 502 2507 583 2567; x_wconf 89' lang='lat' dir='ltr'>atqua</span> <span class='ocrx_word' id='word_1_194' title='bbox 602 2517 708 2554; x_wconf 90' lang='lat' dir='ltr'>errores</span> <span class='ocrx_word' id='word_1_195' title='bbox 745 2511 885 2560; x_wconf 75' lang='lat' dir='ltr'>tractem.»</span> <span class='ocrx_word' id='word_1_196' title='bbox 910 2511 1036 2560; x_wconf 79' lang='lat' dir='ltr'>ceterum</span> <span class='ocrx_word' id='word_1_197' title='bbox 1054 2510 1219 2573; x_wconf 73' lang='lat' dir='ltr'>timensque</span> <span class='ocrx_word' id='word_1_198' title='bbox 1237 2510 1272 2562; x_wconf 77' lang='lat' dir='ltr'>ad</span> 
     </span>
     <span class='ocr_line' id='line_1_23' title="bbox 184 2579 1272 2648; baseline 0 -15"><span class='ocrx_word' id='word_1_199' title='bbox 184 2580 339 2633; x_wconf 81' lang='lat' dir='ltr'>tumoribus</span> <span class='ocrx_word' id='word_1_200' title='bbox 353 2579 485 2630; x_wconf 89' lang='lat' dir='ltr'>imitandis</span> <span class='ocrx_word' id='word_1_201' title='bbox 497 2579 706 2630; x_wconf 80' lang='lat' dir='ltr'>commissos-</span> <span class='ocrx_word' id='word_1_202' title='bbox 745 2597 771 2634; x_wconf 90' lang='lat' dir='ltr'>v.</span> <span class='ocrx_word' id='word_1_203' title='bbox 793 2585 851 2636; x_wconf 78' lang='lat' dir='ltr'>att.</span> <span class='ocrx_word' id='word_1_204' title='bbox 879 2584 913 2635; x_wconf 86' lang='lat' dir='ltr'>de</span> <span class='ocrx_word' id='word_1_205' title='bbox 940 2583 1074 2648; x_wconf 76' lang='lat' dir='ltr'>tragoedis</span> <span class='ocrx_word' id='word_1_206' title='bbox 1103 2585 1272 2648; x_wconf 86' lang='lat' dir='ltr'>potissimum</span> 
     </span>
     <span class='ocr_line' id='line_1_24' title="bbox 185 2647 1272 2722; baseline 0 -15"><span class='ocrx_word' id='word_1_207' title='bbox 185 2657 260 2708; x_wconf 82' lang='lat' dir='ltr'>Gestit</span> <span class='ocrx_word' id='word_1_208' title='bbox 278 2655 341 2717; x_wconf 84' lang='lat' dir='ltr'>cet]</span> <span class='ocrx_word' id='word_1_209' title='bbox 359 2655 435 2704; x_wconf 82' lang='lat' dir='ltr'>«Non</span> <span class='ocrx_word' id='word_1_210' title='bbox 454 2655 524 2703; x_wconf 86' lang='lat' dir='ltr'>enim</span> <span class='ocrx_word' id='word_1_211' title='bbox 543 2651 628 2702; x_wconf 85' lang='lat' dir='ltr'>laudis</span> <span class='ocrx_word' id='word_1_212' title='bbox 645 2657 710 2716; x_wconf 81' lang='lat' dir='ltr'>poit-</span> <span class='ocrx_word' id='word_1_213' title='bbox 747 2659 807 2720; x_wconf 77' lang='lat' dir='ltr'>agit.</span> <span class='ocrx_word' id='word_1_214' title='bbox 832 2685 858 2694; x_wconf 80' lang='lat'>—</span> <span class='ocrx_word' id='word_1_215' title='bbox 882 2658 978 2722; x_wconf 82' lang='lat' dir='ltr'>Gloria]</span> <span class='ocrx_word' id='word_1_216' title='bbox 1005 2656 1061 2708; x_wconf 86' lang='lat' dir='ltr'>Noli</span> <span class='ocrx_word' id='word_1_217' title='bbox 1079 2647 1191 2708; x_wconf 75' lang='lat' dir='ltr'>credere</span> <span class='ocrx_word' id='word_1_218' title='bbox 1210 2673 1272 2710; x_wconf 89' lang='lat' dir='ltr'>cum</span> 
     </span>
     <span class='ocr_line' id='line_1_25' title="bbox 184 2723 1272 2795; baseline 0.001 -13"><span class='ocrx_word' id='word_1_219' title='bbox 184 2733 252 2782; x_wconf 89' lang='lat' dir='ltr'>ticae</span> <span class='ocrx_word' id='word_1_220' title='bbox 277 2741 357 2779; x_wconf 87' lang='lat' dir='ltr'>causa</span> <span class='ocrx_word' id='word_1_221' title='bbox 384 2727 484 2790; x_wconf 86' lang='lat' dir='ltr'>antiqui</span> <span class='ocrx_word' id='word_1_222' title='bbox 510 2725 559 2786; x_wconf 86' lang='lat' dir='ltr'>ilii,</span> <span class='ocrx_word' id='word_1_223' title='bbox 585 2723 707 2786; x_wconf 65' lang='lat' dir='ltr'>Plautus,</span> <span class='ocrx_word' id='word_1_224' title='bbox 747 2730 1272 2795; x_wconf 83' lang='lat' dir='ltr'>nonnuliisobitoratioreprcirendieos,</span> 
     </span>
     <span class='ocr_line' id='line_1_26' title="bbox 185 2799 1272 2870; baseline -0.011 -13"><span class='ocrx_word' id='word_1_225' title='bbox 185 2809 354 2865; x_wconf 80' lang='lat' dir='ltr'>Dossennus,</span> <span class='ocrx_word' id='word_1_226' title='bbox 382 2801 437 2862; x_wconf 86' lang='lat' dir='ltr'>aiii,</span> <span class='ocrx_word' id='word_1_227' title='bbox 460 2799 615 2851; x_wconf 86' lang='lat' dir='ltr'>comoedias</span> <span class='ocrx_word' id='word_1_228' title='bbox 633 2811 710 2849; x_wconf 90' lang='lat' dir='ltr'>com·</span> <span class='ocrx_word' id='word_1_229' title='bbox 747 2808 792 2870; x_wconf 78' lang='lat' dir='ltr'>qui</span> <span class='ocrx_word' id='word_1_230' title='bbox 814 2806 896 2855; x_wconf 59' lang='lat' dir='ltr'>Musis</span> <span class='ocrx_word' id='word_1_231' title='bbox 918 2807 995 2854; x_wconf 75' lang='lat' dir='ltr'>avari</span> <span class='ocrx_word' id='word_1_232' title='bbox 1011 2805 1045 2855; x_wconf 70' lang='lat' dir='ltr'>ad</span> <span class='ocrx_word' id='word_1_233' title='bbox 1062 2819 1172 2856; x_wconf 65' lang='lat' dir='ltr'>scenam</span> <span class='ocrx_word' id='word_1_234' title='bbox 1191 2821 1272 2858; x_wconf 66' lang='lat'>3000.</span> 
     </span>
     <span class='ocr_line' id='line_1_27' title="bbox 184 2874 1274 2948; baseline -0.007 -10"><span class='ocrx_word' id='word_1_235' title='bbox 184 2874 658 2948; x_wconf 64' lang='lat' dir='ltr'>posuerunt,⁵0did00d¹1ffl¹³¹t³it</span> <span class='ocrx_word' id='word_1_236' title='bbox 681 2876 710 2923; x_wconf 83' lang='lat' dir='ltr'>ut</span> <span class='ocrx_word' id='word_1_237' title='bbox 747 2882 826 2938; x_wconf 85' lang='lat' dir='ltr'>dant;</span> <span class='ocrx_word' id='word_1_238' title='bbox 853 2882 935 2930; x_wconf 87' lang='lat' dir='ltr'>immo</span> <span class='ocrx_word' id='word_1_239' title='bbox 961 2883 1133 2944; x_wconf 87' lang='lat' dir='ltr'>opponuntur</span> <span class='ocrx_word' id='word_1_240' title='bbox 1157 2881 1183 2932; x_wconf 87' lang='lat' dir='ltr'>hi</span> <span class='ocrx_word' id='word_1_241' title='bbox 1208 2883 1274 2931; x_wconf 83' lang='lat' dir='ltr'>tucri</span> 
     </span>
     <span class='ocr_line' id='line_1_28' title="bbox 185 2949 1271 3022; baseline -0.002 -16"><span class='ocrx_word' id='word_1_242' title='bbox 185 2969 266 3022; x_wconf 91' lang='lat' dir='ltr'>quam</span> <span class='ocrx_word' id='word_1_243' title='bbox 292 2955 407 3019; x_wconf 90' lang='lat' dir='ltr'>primum</span> <span class='ocrx_word' id='word_1_244' title='bbox 434 2950 537 3002; x_wconf 85' lang='lat' dir='ltr'>tabulas</span> <span class='ocrx_word' id='word_1_245' title='bbox 561 2949 711 2999; x_wconf 83' lang='lat' dir='ltr'>venderent</span> <span class='ocrx_word' id='word_1_246' title='bbox 746 2957 851 3018; x_wconf 71' lang='lat' dir='ltr'>cupidis.</span> <span class='ocrx_word' id='word_1_247' title='bbox 878 2953 963 3004; x_wconf 84' lang='lat' dir='ltr'>Gloria</span> <span class='ocrx_word' id='word_1_248' title='bbox 989 2955 1069 3018; x_wconf 77' lang='lat' dir='ltr'>igitur</span> <span class='ocrx_word' id='word_1_249' title='bbox 1090 2955 1141 3006; x_wconf 85' lang='lat' dir='ltr'>dea</span> <span class='ocrx_word' id='word_1_250' title='bbox 1164 2959 1271 3019; x_wconf 73' lang='lat' dir='ltr'>poetam</span> 
     </span>
     <span class='ocr_line' id='line_1_29' title="bbox 184 3022 1272 3090; baseline 0 -8"><span class='ocrx_word' id='word_1_251' title='bbox 184 3027 498 3090; x_wconf 71' lang='lat' dir='ltr'>aedilibusn-locuios]</span> <span class='ocrx_word' id='word_1_252' title='bbox 517 3022 654 3089; x_wconf 73' lang='lat' dir='ltr'>«capsulas</span> <span class='ocrx_word' id='word_1_253' title='bbox 669 3035 711 3072; x_wconf 75' lang='lat' dir='ltr'>as-</span> <span class='ocrx_word' id='word_1_254' title='bbox 747 3043 827 3080; x_wconf 83' lang='lat' dir='ltr'>verae</span> <span class='ocrx_word' id='word_1_255' title='bbox 854 3029 939 3080; x_wconf 89' lang='lat' dir='ltr'>laudis</span> <span class='ocrx_word' id='word_1_256' title='bbox 968 3029 1074 3079; x_wconf 87' lang='lat' dir='ltr'>avidum</span> <span class='ocrx_word' id='word_1_257' title='bbox 1102 3029 1136 3079; x_wconf 90' lang='lat' dir='ltr'>ad</span> <span class='ocrx_word' id='word_1_258' title='bbox 1162 3043 1272 3082; x_wconf 87' lang='lat' dir='ltr'>scenam</span> 
     </span>
     <span class='ocr_line' id='line_1_30' title="bbox 185 3099 1273 3168; baseline -0.01 -11"><span class='ocrx_word' id='word_1_259' title='bbox 185 3104 334 3158; x_wconf 83' lang='lat' dir='ltr'>servandae</span> <span class='ocrx_word' id='word_1_260' title='bbox 352 3099 665 3168; x_wconf 77' lang='lat' dir='ltr'>pecuniaedestinatas.»</span> <span class='ocrx_word' id='word_1_261' title='bbox 680 3121 707 3133; x_wconf 92' lang='lat'>-</span> <span class='ocrx_word' id='word_1_262' title='bbox 747 3105 812 3164; x_wconf 73' lang='lat' dir='ltr'>tert,</span> <span class='ocrx_word' id='word_1_263' title='bbox 836 3104 863 3154; x_wconf 75' lang='lat' dir='ltr'>jd</span> <span class='ocrx_word' id='word_1_264' title='bbox 886 3107 943 3164; x_wconf 65' lang='lat' dir='ltr'>est,</span> <span class='ocrx_word' id='word_1_265' title='bbox 974 3104 1007 3154; x_wconf 71' lang='lat' dir='ltr'>ad</span> <span class='ocrx_word' id='word_1_266' title='bbox 1030 3103 1132 3154; x_wconf 68' lang='lat' dir='ltr'>tabutas</span> <span class='ocrx_word' id='word_1_267' title='bbox 1154 3107 1273 3156; x_wconf 67' lang='lat' dir='ltr'>conseri.</span> 
     </span>
     <span class='ocr_line' id='line_1_31' title="bbox 182 3173 1274 3244; baseline 0.003 -15"><span class='ocrx_word' id='word_1_268' title='bbox 182 3185 238 3244; x_wconf 85' lang='lat' dir='ltr'>post</span> <span class='ocrx_word' id='word_1_269' title='bbox 259 3180 305 3229; x_wconf 83' lang='lat' dir='ltr'>tor</span> <span class='ocrx_word' id='word_1_270' title='bbox 327 3177 390 3242; x_wconf 82' lang='lat' dir='ltr'>cet]</span> <span class='ocrx_word' id='word_1_271' title='bbox 415 3177 478 3226; x_wconf 84' lang='lat' dir='ltr'>Post</span> <span class='ocrx_word' id='word_1_272' title='bbox 496 3173 601 3225; x_wconf 81' lang='lat' dir='ltr'>lucrum</span> <span class='ocrx_word' id='word_1_273' title='bbox 619 3176 709 3222; x_wconf 71' lang='lat' dir='ltr'>autem</span> <span class='ocrx_word' id='word_1_274' title='bbox 746 3179 851 3230; x_wconf 81' lang='lat' dir='ltr'>bandus</span> <span class='ocrx_word' id='word_1_275' title='bbox 871 3179 984 3237; x_wconf 58' lang='lat' dir='ltr'>excitam</span> <span class='ocrx_word' id='word_1_276' title='bbox 1011 3178 1061 3228; x_wconf 84' lang='lat' dir='ltr'>ssd</span> <span class='ocrx_word' id='word_1_277' title='bbox 1084 3191 1147 3230; x_wconf 89' lang='lat' dir='ltr'>cum</span> <span class='ocrx_word' id='word_1_278' title='bbox 1164 3181 1221 3243; x_wconf 86' lang='lat' dir='ltr'>ipsa</span> <span class='ocrx_word' id='word_1_279' title='bbox 1240 3181 1274 3232; x_wconf 88' lang='lat' dir='ltr'>sit</span> 
     </span>
     <span class='ocr_line' id='line_1_32' title="bbox 185 3248 1271 3318; baseline -0.013 0"><span class='ocrx_word' id='word_1_280' title='bbox 185 3257 325 3318; x_wconf 62' lang='lat' dir='ltr'>receptum</span> <span class='ocrx_word' id='word_1_281' title='bbox 358 3263 454 3316; x_wconf 62' lang='lat' dir='ltr'>Pirum</span> <span class='ocrx_word' id='word_1_282' title='bbox 482 3248 585 3299; x_wconf 66' lang='lat' dir='ltr'>⁵⁰¹¹50ffi</span> <span class='ocrx_word' id='word_1_283' title='bbox 618 3249 708 3308; x_wconf 62' lang='lat' dir='ltr'>“anit</span> <span class='ocrx_word' id='word_1_284' title='bbox 745 3261 880 3306; x_wconf 73' lang='lat' dir='ltr'>cariosas.</span> <span class='ocrx_word' id='word_1_285' title='bbox 894 3254 1060 3312; x_wconf 88' lang='lat' dir='ltr'>inconstans,</span> <span class='ocrx_word' id='word_1_286' title='bbox 1078 3252 1159 3313; x_wconf 88' lang='lat' dir='ltr'>levis,</span> <span class='ocrx_word' id='word_1_287' title='bbox 1173 3254 1271 3318; x_wconf 88' lang='lat' dir='ltr'>quippe</span> 
     </span>
     <span class='ocr_line' id='line_1_33' title="bbox 185 3322 1272 3393; baseline -0.007 -8"><span class='ocrx_word' id='word_1_288' title='bbox 185 3334 274 3382; x_wconf 83' lang='lat' dir='ltr'>utrum</span> <span class='ocrx_word' id='word_1_289' title='bbox 286 3326 390 3379; x_wconf 69' lang='lat' dir='ltr'>fabulae</span> <span class='ocrx_word' id='word_1_290' title='bbox 402 3327 533 3385; x_wconf 61' lang='lat' dir='ltr'>cadmi,</span> <span class='ocrx_word' id='word_1_291' title='bbox 552 3323 577 3373; x_wconf 71' lang='lat' dir='ltr'>id</span> <span class='ocrx_word' id='word_1_292' title='bbox 590 3325 642 3383; x_wconf 61' lang='lat'>0⁸²,</span> <span class='ocrx_word' id='word_1_293' title='bbox 662 3335 708 3371; x_wconf 73' lang='lat'>0¹·</span> <span class='ocrx_word' id='word_1_294' title='bbox 746 3322 816 3393; x_wconf 85' lang='lat' dir='ltr'>qu&#39;ae</span> <span class='ocrx_word' id='word_1_295' title='bbox 834 3343 848 3378; x_wconf 91' lang='lat' dir='ltr'>a</span> <span class='ocrx_word' id='word_1_296' title='bbox 866 3326 1040 3378; x_wconf 88' lang='lat' dir='ltr'>multitudinis</span> <span class='ocrx_word' id='word_1_297' title='bbox 1063 3341 1144 3392; x_wconf 83' lang='lat' dir='ltr'>saepe</span> <span class='ocrx_word' id='word_1_298' title='bbox 1161 3329 1272 3392; x_wconf 84' lang='lat' dir='ltr'>imperi-</span> 
     </span>
     <span class='ocr_line' id='line_1_34' title="bbox 185 3397 1271 3469; baseline -0.007 -9"><span class='ocrx_word' id='word_1_299' title='bbox 185 3397 591 3469; x_wconf 63' lang='grc' dir='ltr'>9104144044ῦῆ(ϋῐέκπίπῐδίνι)</span> <span class='ocrx_word' id='word_1_300' title='bbox 609 3409 642 3447; x_wconf 73' lang='lat'>⁰¹1</span> <span class='ocrx_word' id='word_1_301' title='bbox 655 3401 710 3445; x_wconf 71' lang='lat'>³²⁰·</span> <span class='ocrx_word' id='word_1_302' title='bbox 746 3408 789 3456; x_wconf 87' lang='lat' dir='ltr'>tae</span> <span class='ocrx_word' id='word_1_303' title='bbox 807 3401 916 3453; x_wconf 87' lang='lat' dir='ltr'>arbitrio</span> <span class='ocrx_word' id='word_1_304' title='bbox 928 3402 1056 3466; x_wconf 83' lang='lat' dir='ltr'>pendeat,</span> <span class='ocrx_word' id='word_1_305' title='bbox 1076 3403 1127 3452; x_wconf 89' lang='lat' dir='ltr'>hoc</span> <span class='ocrx_word' id='word_1_306' title='bbox 1138 3401 1271 3453; x_wconf 75' lang='grc' dir='ltr'>ἐπίθετον</span> 
     </span>
     <span class='ocr_line' id='line_1_35' title="bbox 184 3471 1273 3537; baseline -0.001 -8"><span class='ocrx_word' id='word_1_307' title='bbox 184 3485 242 3529; x_wconf 80' lang='lat' dir='ltr'>rent</span> <span class='ocrx_word' id='word_1_308' title='bbox 265 3477 292 3527; x_wconf 90' lang='lat' dir='ltr'>in</span> <span class='ocrx_word' id='word_1_309' title='bbox 315 3489 409 3532; x_wconf 79' lang='lat' dir='ltr'>scena.</span> <span class='ocrx_word' id='word_1_310' title='bbox 437 3473 510 3537; x_wconf 83' lang='lat' dir='ltr'>quod</span> <span class='ocrx_word' id='word_1_311' title='bbox 532 3475 574 3524; x_wconf 75' lang='lat' dir='ltr'>eii</span> <span class='ocrx_word' id='word_1_312' title='bbox 596 3471 708 3521; x_wconf 74' lang='lat' dir='ltr'>verbum</span> <span class='ocrx_word' id='word_1_313' title='bbox 746 3479 803 3529; x_wconf 86' lang='lat' dir='ltr'>eius</span> <span class='ocrx_word' id='word_1_314' title='bbox 821 3477 910 3527; x_wconf 86' lang='lat' dir='ltr'>currui</span> <span class='ocrx_word' id='word_1_315' title='bbox 928 3476 1060 3527; x_wconf 83' lang='lat' dir='ltr'>tribuitur.</span> <span class='ocrx_word' id='word_1_316' title='bbox 1092 3477 1195 3528; x_wconf 74' lang='lat' dir='ltr'>Gloriae</span> <span class='ocrx_word' id='word_1_317' title='bbox 1210 3491 1273 3528; x_wconf 85' lang='lat' dir='ltr'>cur-</span> 
     </span>
     <span class='ocr_line' id='line_1_36' title="bbox 185 3547 1268 3618; baseline -0.003 -17"><span class='ocrx_word' id='word_1_318' title='bbox 185 3553 323 3618; x_wconf 87' lang='lat' dir='ltr'>pnoprium</span> <span class='ocrx_word' id='word_1_319' title='bbox 340 3551 374 3600; x_wconf 89' lang='lat' dir='ltr'>de</span> <span class='ocrx_word' id='word_1_320' title='bbox 392 3551 422 3600; x_wconf 87' lang='lat' dir='ltr'>iis</span> <span class='ocrx_word' id='word_1_321' title='bbox 440 3547 548 3610; x_wconf 86' lang='lat' dir='ltr'>tabuiis,</span> <span class='ocrx_word' id='word_1_322' title='bbox 571 3559 640 3612; x_wconf 89' lang='lat' dir='ltr'>quae</span> <span class='ocrx_word' id='word_1_323' title='bbox 659 3557 708 3609; x_wconf 88' lang='lat' dir='ltr'>po·</span> <span class='ocrx_word' id='word_1_324' title='bbox 745 3566 803 3602; x_wconf 74' lang='lat' dir='ltr'>tam</span> <span class='ocrx_word' id='word_1_325' title='bbox 818 3551 952 3616; x_wconf 76' lang='lat' dir='ltr'>sutpontam</span> <span class='ocrx_word' id='word_1_326' title='bbox 968 3550 1083 3600; x_wconf 89' lang='lat' dir='ltr'>vidimus</span> <span class='ocrx_word' id='word_1_327' title='bbox 1101 3551 1152 3600; x_wconf 89' lang='lat' dir='ltr'>iam</span> <span class='ocrx_word' id='word_1_328' title='bbox 1171 3553 1223 3600; x_wconf 90' lang='lat' dir='ltr'>Sat.</span> <span class='ocrx_word' id='word_1_329' title='bbox 1241 3552 1268 3610; x_wconf 96' lang='grc'>4,</span> 
     </span>
     <span class='ocr_line' id='line_1_37' title="bbox 185 3624 1269 3693; baseline -0.003 -16"><span class='ocrx_word' id='word_1_330' title='bbox 185 3626 247 3693; x_wconf 89' lang='lat' dir='ltr'>pulo</span> <span class='ocrx_word' id='word_1_331' title='bbox 270 3625 376 3691; x_wconf 80' lang='lat' dir='ltr'>placent</span> <span class='ocrx_word' id='word_1_332' title='bbox 398 3625 605 3688; x_wconf 79' lang='lat' dir='ltr'>frequenterque</span> <span class='ocrx_word' id='word_1_333' title='bbox 627 3635 708 3687; x_wconf 86' lang='lat' dir='ltr'>repo·</span> <span class='ocrx_word' id='word_1_334' title='bbox 746 3628 773 3689; x_wconf 85' lang='lat'>6,</span> <span class='ocrx_word' id='word_1_335' title='bbox 796 3627 837 3678; x_wconf 78' lang='lat'>23.</span> <span class='ocrx_word' id='word_1_336' title='bbox 873 3624 996 3675; x_wconf 88' lang='lat' dir='ltr'>Simiiiter</span> <span class='ocrx_word' id='word_1_337' title='bbox 1024 3625 1173 3675; x_wconf 88' lang='lat' dir='ltr'>Simonides</span> <span class='ocrx_word' id='word_1_338' title='bbox 1199 3625 1269 3674; x_wconf 87' lang='lat' dir='ltr'>Ceus</span> 
     </span>
     <span class='ocr_line' id='line_1_38' title="bbox 185 3692 1268 3764; baseline -0.006 -10"><span class='ocrx_word' id='word_1_339' title='bbox 185 3702 304 3754; x_wconf 83' lang='lat' dir='ltr'>scantur.</span> <span class='ocrx_word' id='word_1_340' title='bbox 331 3699 436 3751; x_wconf 86' lang='lat' dir='ltr'>Terent.</span> <span class='ocrx_word' id='word_1_341' title='bbox 458 3701 522 3750; x_wconf 86' lang='lat' dir='ltr'>itec.</span> <span class='ocrx_word' id='word_1_342' title='bbox 540 3699 609 3750; x_wconf 89' lang='lat' dir='ltr'>Proi.</span> <span class='ocrx_word' id='word_1_343' title='bbox 628 3699 657 3759; x_wconf 74' lang='lat'>2,</span> <span class='ocrx_word' id='word_1_344' title='bbox 675 3700 705 3748; x_wconf 79' lang='lat' dir='ltr'>i:</span> <span class='ocrx_word' id='word_1_345' title='bbox 746 3700 910 3752; x_wconf 71' lang='lat' dir='ltr'>Schneider.</span> <span class='ocrx_word' id='word_1_346' title='bbox 932 3699 988 3750; x_wconf 87' lang='lat' dir='ltr'>Dei.</span> <span class='ocrx_word' id='word_1_347' title='bbox 1009 3713 1036 3764; x_wconf 87' lang='lat' dir='ltr'>p.</span> <span class='ocrx_word' id='word_1_348' title='bbox 1055 3699 1116 3751; x_wconf 81' lang='lat' dir='ltr'>tta:</span> <span class='ocrx_word' id='word_1_349' title='bbox 1136 3692 1268 3761; x_wconf 78' lang='grc' dir='ltr'><em>Εὐδόξου</em></span> 
     </span>
     <span class='ocr_line' id='line_1_39' title="bbox 184 3766 1269 3842; baseline -0.004 -14"><span class='ocrx_word' id='word_1_350' title='bbox 184 3779 230 3828; x_wconf 75' lang='lat' dir='ltr'>oica</span> <span class='ocrx_word' id='word_1_351' title='bbox 246 3777 301 3826; x_wconf 82' lang='lat' dir='ltr'>steti</span> <span class='ocrx_word' id='word_1_352' title='bbox 318 3777 391 3838; x_wconf 79' lang='lat' dir='ltr'>(ego,</span> <span class='ocrx_word' id='word_1_353' title='bbox 410 3775 503 3837; x_wconf 89' lang='lat' dir='ltr'>idest,</span> <span class='ocrx_word' id='word_1_354' title='bbox 522 3773 628 3838; x_wconf 77' lang='lat' dir='ltr'>sebnia).</span> <span class='ocrx_word' id='word_1_355' title='bbox 651 3775 706 3824; x_wconf 91' lang='lat' dir='ltr'>Cic.</span> <span class='ocrx_word' id='word_1_356' title='bbox 745 3777 837 3838; x_wconf 71' lang='grc' dir='ltr'><strong><em>Νίκας</em></strong></span> <span class='ocrx_word' id='word_1_357' title='bbox 853 3769 963 3842; x_wconf 79' lang='grc' dir='ltr'><strong><em>ἀγλαὸν</em></strong></span> <span class='ocrx_word' id='word_1_358' title='bbox 979 3766 1046 3842; x_wconf 79' lang='grc' dir='ltr'>ἅρμ’</span> <span class='ocrx_word' id='word_1_359' title='bbox 1064 3769 1178 3837; x_wconf 78' lang='grc' dir='ltr'><em>ἐπέβης.</em></span> <span class='ocrx_word' id='word_1_360' title='bbox 1206 3774 1269 3824; x_wconf 87' lang='lat' dir='ltr'>Pin-</span> 
     </span>
     <span class='ocr_line' id='line_1_40' title="bbox 186 3843 1268 3914; baseline -0.006 -12"><span class='ocrx_word' id='word_1_361' title='bbox 186 3853 257 3903; x_wconf 86' lang='lat' dir='ltr'>Orat.</span> <span class='ocrx_word' id='word_1_362' title='bbox 275 3851 321 3912; x_wconf 74' lang='lat'>28,</span> <span class='ocrx_word' id='word_1_363' title='bbox 341 3851 386 3901; x_wconf 81' lang='lat'>98:</span> <span class='ocrx_word' id='word_1_364' title='bbox 405 3861 513 3914; x_wconf 73' lang='lat' dir='ltr'>sompnus</span> <span class='ocrx_word' id='word_1_365' title='bbox 529 3853 630 3910; x_wconf 83' lang='lat' dir='ltr'>orator,</span> <span class='ocrx_word' id='word_1_366' title='bbox 647 3849 709 3896; x_wconf 81' lang='lat' dir='ltr'>--st</span> <span class='ocrx_word' id='word_1_367' title='bbox 745 3851 802 3901; x_wconf 88' lang='lat' dir='ltr'>dar.</span> <span class='ocrx_word' id='word_1_368' title='bbox 820 3851 912 3900; x_wconf 91' lang='lat' dir='ltr'>isthm.</span> <span class='ocrx_word' id='word_1_369' title='bbox 925 3850 950 3908; x_wconf 64' lang='grc' dir='ltr'>ἱ,</span> <span class='ocrx_word' id='word_1_370' title='bbox 965 3851 991 3897; x_wconf 89' lang='lat' dir='ltr'>t:</span> <span class='ocrx_word' id='word_1_371' title='bbox 1011 3847 1041 3896; x_wconf 80' lang='lat' dir='ltr'>oi</span> <span class='ocrx_word' id='word_1_372' title='bbox 1050 3843 1268 3914; x_wconf 75' lang='grc' dir='ltr'><strong><em>χρυσαμπύκων</em></strong></span> 
     </span>
     <span class='ocr_line' id='line_1_41' title="bbox 186 3918 1269 3994; baseline -0.006 -17"><span class='ocrx_word' id='word_1_373' title='bbox 186 3927 259 3977; x_wconf 77' lang='lat' dir='ltr'>sarriet</span> <span class='ocrx_word' id='word_1_374' title='bbox 270 3927 457 3988; x_wconf 83' lang='lat' dir='ltr'>constiterit,</span> <span class='ocrx_word' id='word_1_375' title='bbox 468 3937 599 3986; x_wconf 82' lang='lat' dir='ltr'>nunquam</span> <span class='ocrx_word' id='word_1_376' title='bbox 610 3923 706 3974; x_wconf 83' lang='lat' dir='ltr'>cadet.</span> <span class='ocrx_word' id='word_1_377' title='bbox 742 3919 788 3987; x_wconf 79' lang='grc' dir='ltr'>Ἐς</span> <span class='ocrx_word' id='word_1_378' title='bbox 810 3921 913 3994; x_wconf 73' lang='grc' dir='ltr'><strong><em>δίφρον</em></strong></span> <span class='ocrx_word' id='word_1_379' title='bbox 929 3919 1043 3972; x_wconf 85' lang='grc' dir='ltr'><strong><em>Μοισᾶν</em></strong></span> <span class='ocrx_word' id='word_1_380' title='bbox 1059 3918 1186 3981; x_wconf 70' lang='grc' dir='ltr'>ἔβαινον.</span> <span class='ocrx_word' id='word_1_381' title='bbox 1216 3923 1269 3972; x_wconf 86' lang='lat' dir='ltr'>Eu-</span> 
     </span>
     <span class='ocr_line' id='line_1_42' title="bbox 186 3989 1270 4068; baseline -0.004 -16"><span class='ocrx_word' id='word_1_382' title='bbox 186 4001 224 4052; x_wconf 87' lang='lat' dir='ltr'>Ci.</span> <span class='ocrx_word' id='word_1_383' title='bbox 239 4001 290 4052; x_wconf 86' lang='lat' dir='ltr'>Sat.</span> <span class='ocrx_word' id='word_1_384' title='bbox 305 4004 329 4062; x_wconf 86' lang='lat' dir='ltr'>t,</span> <span class='ocrx_word' id='word_1_385' title='bbox 344 4001 383 4058; x_wconf 87' lang='lat' dir='ltr'>to,</span> <span class='ocrx_word' id='word_1_386' title='bbox 398 4001 437 4050; x_wconf 80' lang='grc'>47.</span> <span class='ocrx_word' id='word_1_387' title='bbox 453 4027 479 4036; x_wconf 89' lang='grc'>-</span> <span class='ocrx_word' id='word_1_388' title='bbox 496 4003 562 4050; x_wconf 81' lang='lat' dir='ltr'>recto</span> <span class='ocrx_word' id='word_1_389' title='bbox 573 3999 632 4062; x_wconf 85' lang='lat' dir='ltr'>toto]</span> <span class='ocrx_word' id='word_1_390' title='bbox 651 3997 711 4047; x_wconf 74' lang='lat' dir='ltr'>«iir-</span> <span class='ocrx_word' id='word_1_391' title='bbox 744 4000 794 4062; x_wconf 92' lang='lat' dir='ltr'>rip.</span> <span class='ocrx_word' id='word_1_392' title='bbox 815 3999 890 4048; x_wconf 87' lang='lat' dir='ltr'>Herc.</span> <span class='ocrx_word' id='word_1_393' title='bbox 910 3997 960 4048; x_wconf 88' lang='lat' dir='ltr'>iur.</span> <span class='ocrx_word' id='word_1_394' title='bbox 974 3997 1033 4047; x_wconf 79' lang='lat'><strong>780:</strong></span> <span class='ocrx_word' id='word_1_395' title='bbox 1061 3991 1203 4068; x_wconf 73' lang='grc' dir='ltr'>ἔθραυσεν</span> <span class='ocrx_word' id='word_1_396' title='bbox 1220 3989 1270 4048; x_wconf 82' lang='grc' dir='ltr'>ὅλ-</span> 
     </span>
     <span class='ocr_line' id='line_1_43' title="bbox 186 4063 1269 4142; baseline -0.003 -17"><span class='ocrx_word' id='word_1_397' title='bbox 186 4077 294 4134; x_wconf 80' lang='lat' dir='ltr'>miter,·</span> <span class='ocrx_word' id='word_1_398' title='bbox 328 4079 359 4125; x_wconf 90' lang='lat' dir='ltr'>ut</span> <span class='ocrx_word' id='word_1_399' title='bbox 385 4075 457 4139; x_wconf 89' lang='lat' dir='ltr'>apud</span> <span class='ocrx_word' id='word_1_400' title='bbox 485 4077 600 4124; x_wconf 85' lang='lat' dir='ltr'>Graecos</span> <span class='ocrx_word' id='word_1_401' title='bbox 629 4066 708 4142; x_wconf 76' lang='grc' dir='ltr'>ὀρθῷ</span> <span class='ocrx_word' id='word_1_402' title='bbox 745 4071 801 4133; x_wconf 85' lang='grc' dir='ltr'>βου</span> <span class='ocrx_word' id='word_1_403' title='bbox 818 4067 951 4121; x_wconf 79' lang='grc' dir='ltr'><strong><em>κελαινὸν</em></strong></span> <span class='ocrx_word' id='word_1_404' title='bbox 968 4063 1056 4140; x_wconf 75' lang='grc' dir='ltr'><strong><em>ἅρμα.</em></strong></span> <span class='ocrx_word' id='word_1_405' title='bbox 1077 4097 1105 4106; x_wconf 94' lang='grc'><strong>-</strong></span> <span class='ocrx_word' id='word_1_406' title='bbox 1124 4071 1204 4122; x_wconf 63' lang='lat' dir='ltr'>katus</span> <span class='ocrx_word' id='word_1_407' title='bbox 1213 4085 1269 4134; x_wconf 82' lang='lat' dir='ltr'>spe-</span> 
     </span>
     <span class='ocr_line' id='line_1_44' title="bbox 185 4143 1270 4220; baseline -0.001 -20"><span class='ocrx_word' id='word_1_408' title='bbox 185 4143 312 4212; x_wconf 79' lang='grc' dir='ltr'><strong><em>ἔστασας</em></strong></span> <span class='ocrx_word' id='word_1_409' title='bbox 334 4147 381 4200; x_wconf 76' lang='grc' dir='ltr'>ἐπὶ</span> <span class='ocrx_word' id='word_1_410' title='bbox 398 4147 500 4220; x_wconf 77' lang='grc' dir='ltr'><em>σφυρῷ</em></span> <span class='ocrx_word' id='word_1_411' title='bbox 522 4147 595 4199; x_wconf 85' lang='lat' dir='ltr'>Pind.</span> <span class='ocrx_word' id='word_1_412' title='bbox 616 4149 707 4198; x_wconf 88' lang='lat' dir='ltr'>isthm.</span> <span class='ocrx_word' id='word_1_413' title='bbox 744 4147 834 4210; x_wconf 77' lang='lat' dir='ltr'>stator]</span> <span class='ocrx_word' id='word_1_414' title='bbox 854 4149 1042 4211; x_wconf 74' lang='lat' dir='ltr'>«spectatores</span> <span class='ocrx_word' id='word_1_415' title='bbox 1055 4146 1171 4210; x_wconf 81' lang='lat' dir='ltr'>languidi</span> <span class='ocrx_word' id='word_1_416' title='bbox 1183 4149 1270 4199; x_wconf 90' lang='lat' dir='ltr'>etmi-</span> 
     </span>
     <span class='ocr_line' id='line_1_45' title="bbox 186 4217 1270 4292; baseline 0.002 -19"><span class='ocrx_word' id='word_1_417' title='bbox 186 4223 216 4284; x_wconf 86' lang='lat'>6,</span> <span class='ocrx_word' id='word_1_418' title='bbox 235 4225 291 4282; x_wconf 77' lang='lat' dir='ltr'>tt..</span> <span class='ocrx_word' id='word_1_419' title='bbox 314 4217 392 4292; x_wconf 79' lang='grc' dir='ltr'>ὀρθῷ</span> <span class='ocrx_word' id='word_1_420' title='bbox 409 4221 499 4290; x_wconf 70' lang='grc' dir='ltr'>βῆναι</span> <span class='ocrx_word' id='word_1_421' title='bbox 516 4221 599 4284; x_wconf 75' lang='grc' dir='ltr'><strong>ποδί,</strong></span> <span class='ocrx_word' id='word_1_422' title='bbox 619 4223 707 4286; x_wconf 88' lang='lat' dir='ltr'>Enrip.</span> <span class='ocrx_word' id='word_1_423' title='bbox 746 4225 817 4274; x_wconf 89' lang='lat' dir='ltr'>nima</span> <span class='ocrx_word' id='word_1_424' title='bbox 835 4222 926 4271; x_wconf 87' lang='lat' dir='ltr'>attenti</span> <span class='ocrx_word' id='word_1_425' title='bbox 946 4225 1052 4286; x_wconf 73' lang='lat' dir='ltr'>poetam</span> <span class='ocrx_word' id='word_1_426' title='bbox 1070 4224 1225 4274; x_wconf 85' lang='lat' dir='ltr'>contristant</span> <span class='ocrx_word' id='word_1_427' title='bbox 1242 4227 1270 4274; x_wconf 86' lang='lat' dir='ltr'>at</span> 
     </span>
     <span class='ocr_line' id='line_1_46' title="bbox 186 4295 1269 4362; baseline 0 -14"><span class='ocrx_word' id='word_1_428' title='bbox 186 4296 278 4348; x_wconf 82' lang='lat' dir='ltr'>licien.</span> <span class='ocrx_word' id='word_1_429' title='bbox 293 4297 365 4349; x_wconf 86' lang='grc'><strong>4449,</strong></span> <span class='ocrx_word' id='word_1_430' title='bbox 384 4301 458 4350; x_wconf 84' lang='lat' dir='ltr'>Pers.</span> <span class='ocrx_word' id='word_1_431' title='bbox 472 4301 502 4362; x_wconf 77' lang='lat' dir='ltr'>a,</span> <span class='ocrx_word' id='word_1_432' title='bbox 517 4297 577 4350; x_wconf 84' lang='lat' dir='ltr'>tot:</span> <span class='ocrx_word' id='word_1_433' title='bbox 596 4303 663 4348; x_wconf 82' lang='lat' dir='ltr'>recto</span> <span class='ocrx_word' id='word_1_434' title='bbox 673 4298 710 4346; x_wconf 83' lang='lat' dir='ltr'>vi·</span> <span class='ocrx_word' id='word_1_435' title='bbox 745 4299 860 4361; x_wconf 79' lang='lat' dir='ltr'>angunt,</span> <span class='ocrx_word' id='word_1_436' title='bbox 879 4295 1108 4360; x_wconf 87' lang='lat' dir='ltr'>quemadmodum</span> <span class='ocrx_word' id='word_1_437' title='bbox 1119 4298 1164 4360; x_wconf 90' lang='lat' dir='ltr'>qui</span> <span class='ocrx_word' id='word_1_438' title='bbox 1175 4299 1269 4348; x_wconf 85' lang='lat' dir='ltr'>intenti</span> 
     </span>
     <span class='ocr_line' id='line_1_47' title="bbox 185 4369 1269 4425; baseline 0.002 -3"><span class='ocrx_word' id='word_1_439' title='bbox 185 4385 244 4422; x_wconf 82' lang='lat' dir='ltr'>cere</span> <span class='ocrx_word' id='word_1_440' title='bbox 259 4371 319 4422; x_wconf 84' lang='lat' dir='ltr'>toto.</span> <span class='ocrx_word' id='word_1_441' title='bbox 746 4375 807 4422; x_wconf 89' lang='lat' dir='ltr'>sunt</span> <span class='ocrx_word' id='word_1_442' title='bbox 824 4373 850 4421; x_wconf 91' lang='lat' dir='ltr'>et</span> <span class='ocrx_word' id='word_1_443' title='bbox 865 4369 967 4421; x_wconf 87' lang='lat' dir='ltr'>alacres</span> <span class='ocrx_word' id='word_1_444' title='bbox 985 4371 1103 4422; x_wconf 88' lang='lat' dir='ltr'>animum</span> <span class='ocrx_word' id='word_1_445' title='bbox 1121 4373 1145 4422; x_wconf 86' lang='lat' dir='ltr'>ei</span> <span class='ocrx_word' id='word_1_446' title='bbox 1168 4372 1269 4425; x_wconf 83' lang='lat' dir='ltr'>addunt</span> 
     </span>
    </p>
   </div>
   <div class='ocr_carea' id='block_1_5' title="bbox 0 0 1597 4974">
    <p class='ocr_par' dir='ltr' id='par_1_7' title="bbox 0 0 1597 4974">
     <span class='ocr_line' id='line_1_48' title="bbox 0 0 1597 4974; baseline 0 0"><span class='ocrx_word' id='word_1_447' title='bbox 0 0 1597 4974; x_wconf 95' lang='lat' dir='ltr'> </span> 
     </span>
    </p>
   </div>
  </div>
 </body>
</html>
