3082 4968
550 419 610 470 nia.
629 419 648 468 1.
687 419 754 470 sar.
773 421 815 470 ix.
1172 415 1233 484 465

142 589 298 630 sermonem
315 577 511 639 intermissum,
531 589 677 640 quaereus,
697 575 805 641 qualem
823 589 885 640 erge
903 591 947 628 me
966 591 996 628 se
1013 577 1144 642 praebeat
1160 578 1234 628 Mae-

142 673 237 713 cenas:
261 661 327 722 diri,
347 674 410 712 eum
428 673 504 722 esse,
523 661 569 725 qui
585 661 703 712 insuam
721 659 925 712 familiaritatem
943 675 1044 726 paucos
1061 661 1188 725 recipiat,
1207 663 1234 712 et

143 745 255 797 eusdem
272 743 349 795 valde
366 743 527 810 prudentem
549 745 659 808 insuper
676 744 763 794 virum
780 757 856 806 esse,
875 745 920 808 qui
939 743 1088 809 quamlibet
1099 744 1234 795 sermnem

142 830 212 882 ierre
230 830 300 880 norit
316 831 344 879 et
359 829 453 893 possit.
489 829 558 878 Sane
577 825 627 890 [ille
650 827 736 890 dicit),
756 828 778 878 si
796 829 840 878 tua
861 841 945 892 opera
966 827 1001 878 illi
1019 827 1153 880 familiaris
1172 841 1234 879 esse

142 925 269 979 mecm,
287 925 351 963 eum
367 925 412 963 me
430 911 560 973 haberes,
579 912 625 974 qui
636 910 786 962 seeundum
798 913 859 976 post
870 914 896 962 te
909 912 935 961 in
947 913 1108 963 Maecenatis
1120 911 1235 962 amicitie

145 997 233 1049 lucum
251 997 345 1060 posset
361 994 496 1046 obtinere:
523 995 623 1045 moriar
639 995 744 1056 eutem,
772 995 794 1045 si
812 1007 856 1046 me
873 992 908 1046 illi
926 995 1118 1046 commendare
1135 993 1233 1054 velles,

144 1083 192 1133 nisi
210 1082 365 1145 quicunque
377 1080 461 1143 gratia
473 1078 543 1144 apud
562 1079 745 1130 Maecenatem
762 1078 809 1130 tibi
827 1079 975 1140 antestant,
994 1091 1089 1129 omnes
1101 1091 1145 1128 me
1157 1077 1235 1130 adiu-

144 1168 201 1216 tore
228 1163 288 1214 loco
311 1162 495 1229 depulissent»
529 1165 616 1226 Atque
640 1161 760 1213 similiter
781 1161 916 1227 dialogum
941 1163 985 1214 bie
1006 1163 1160 1227 repperisse
1184 1162 1234 1215 sibi

144 1249 193 1300 visi
210 1250 274 1300 sunt
291 1246 448 1306 Lambinus,
467 1247 513 1310 qui
529 1259 576 1296 vv.
594 1247 868 1297 Paucorum-wando
885 1248 1007 1308 lloratio,
1025 1247 1104 1298 Nemo
1115 1248 1167 1296 cet.
1182 1243 1235 1296 «lo-

144 1333 238 1397 quaci»
258 1331 362 1393 tribuit,
380 1327 517 1391 wieland,
536 1330 616 1390 Voss,
635 1327 763 1393 Gargallo.

209 1416 305 1466 Paucis
323 1414 435 1474 addam,
455 1425 518 1474 eos,
535 1415 581 1478 qui
597 1413 785 1466 detestabilem
798 1427 942 1478 operarum
953 1412 1191 1466 Mediolanensium
1208 1425 1233 1463 u.

145 1500 218 1552 iili.
238 1512 360 1550 errorem
381 1498 489 1548 demes
507 1511 558 1563 pm
580 1499 709 1548 deuterius
730 1497 809 1548 nimis
832 1497 928 1562 cupida
951 1496 1066 1562 amplexi
1091 1499 1167 1558 sunt,
1198 1497 1237 1549 eie

144 1584 200 1635 iere
218 1581 283 1634 illud
300 1583 452 1647 importuno
470 1581 619 1633 tribuentes
636 1582 817 1646 interpretari:
847 1584 947 1632 «Nemo
963 1584 1019 1632 mm
1036 1579 1125 1642 laeve,
1144 1582 1236 1645 utique

144 1666 228 1718 multo
246 1665 409 1726 modestius,
428 1677 511 1728 quam
528 1665 641 1716 formasa
659 1663 739 1716 talem
750 1667 838 1716 virum
850 1663 979 1726 decebat,
999 1663 1119 1716 secunde
1131 1663 1236 1715 lortuna

144 1763 209 1802 nsua
226 1753 283 1809 est;
302 1762 335 1800 ac
351 1761 436 1813 prope
454 1750 551 1811 miror,
570 1747 657 1810 illum,
677 1749 722 1812 qni
739 1761 916 1813 quoscunque
933 1749 1103 1812 magistratus
1125 1753 1237 1812 cuperet

144 1847 240 1898 gerere
257 1834 312 1884 iam
329 1835 461 1898 potuisset
477 1835 516 1894 et,
541 1833 563 1883 si
580 1831 673 1893 vellet,
698 1832 871 1896 postmodum
895 1831 1029 1882 obtineret
1050 1831 1088 1894 (ut
1103 1832 1237 1895 angustus

145 1920 177 1969 ll.
196 1919 343 1982 Agrippam
368 1917 501 1980 geniculis
525 1915 694 1966 conmintibm
716 1917 807 1966 aetedit
830 1929 855 1966 a.
879 1929 905 1965 u.
925 1929 949 1966 c.
969 1915 1018 1966 ite
1039 1916 1066 1964 et
1090 1915 1147 1964 727.
1173 1915 1234 1966 Tac.

144 2005 212 2053 Ann.
229 2003 259 2061 t,
279 2000 325 2060 3.),
345 2001 463 2063 equestri
481 1999 574 2051 ordine
586 2011 695 2065 semper
711 1997 790 2050 malle
808 2012 919 2051 manere
931 2000 1112 2050 contemum.»
1137 1999 1238 2050 verum

145 2083 293 2136 inteliciore
309 2081 443 2134 vocabulo
461 2083 496 2134 ad
519 2085 571 2135 hoc
589 2082 806 2147 significandum,
833 2084 856 2135 si
878 2081 921 2134 vel
943 2084 1059 2134 manime
1077 2083 1238 2134 sententiam

142 2171 207 2220 huie
223 2168 285 2220 loeo
302 2169 507 2220 convenientem
525 2167 682 2228 iudicasset,
711 2169 748 2218 uti
765 2169 808 2218 vix
829 2168 960 2232 potuisset
982 2167 1114 2217 Horatius.
1150 2164 1199 2216 liiii
1215 2172 1239 2218 te

142 2254 268 2319 precario
287 2250 444 2316 supplentes
467 2253 501 2302 ita
519 2251 663 2316 explicant:
695 2252 748 2301 «Tu
765 2251 887 2314 quidam,
907 2249 1014 2314 Flacca,
1032 2248 1112 2316 paulu
1129 2252 1151 2300 si
1163 2248 1236 2301 calli-

143 2339 203 2388 dior
220 2349 297 2388 esses
316 2337 456 2400 magisque
474 2335 633 2396 industrius,
657 2336 818 2387 Maecenatis
840 2335 929 2386 levore
947 2335 981 2385 ad
999 2335 1114 2386 maiores
1132 2333 1236 2386 divitius

143 2421 326 2488 acquirendae
343 2420 419 2472 laeile
436 2420 474 2471 uti
496 2420 641 2484 potuisses,
667 2417 839 2482 demirorque
860 2420 887 2469 ta
909 2419 936 2469 id
953 2417 1042 2470 adbuc
1059 2417 1235 2482 neglexisse.»
