3192 4974
259 475 321 541 386
628 475 756 526 nonant
775 471 993 525 sntsromttun

303 635 337 702 Si
359 643 447 701 recte
469 633 577 700 facies.
623 633 681 699 Hic
704 651 815 696 murus
838 637 960 697 adneus
983 643 1068 697 esto:

304 755 351 822 Nil
375 756 521 823 conscire
544 754 618 830 sibi,
643 752 727 820 nulla
752 753 930 841 pallescere
952 753 1057 841 culpa.

303 878 432 952 Roscia,
456 876 509 944 dic
532 849 645 950 sodes,
669 874 784 942 melior
805 874 872 950 lex,
896 896 937 941 an
959 895 1136 962 puerorum
1159 886 1208 942 661

306 999 422 1074 Ν6616,
447 1019 532 1086 quae
555 1019 690 1086 regnum
713 1007 801 1065 recte
824 997 1014 1064 facientibus
1036 995 1146 1074 offert,

305 1121 343 1187 ut
364 1120 507 1187 maribus
529 1119 634 1187 Curiis
656 1130 689 1187 et
710 1119 879 1186 decantata
903 1118 1067 1185 Camillis?

304 1244 377 1310 lsne
400 1241 456 1308 tibi
479 1241 594 1309 melius
617 1240 747 1318 suadet,
771 1241 826 1329 qui
850 1261 919 1308 rem
941 1239 1055 1316 iacias,
1080 1261 1164 1318 rem,
1309 1243 1349 1308 65

329 1385 369 1435 66.
386 1385 469 1449 suctos
485 1384 512 1435 6,
533 1411 561 1421 -
580 1383 621 1434 61.
639 1389 675 1434 661
691 1395 746 1434 om.
765 1383 794 1434 C.
814 1382 928 1448 [Habent
948 1385 1031 1434 nostri
1052 1383 1137 1434 Codd.
1150 1385 1177 1436 61
1188 1397 1221 1435 ex
1237 1385 1319 1436 Bent-

295 1457 477 1526 1616616666.)
496 1485 524 1496 -
542 1457 585 1511 66.
602 1459 647 1520 661
668 1459 801 1510 611-6161.

263 1581 289 1633 8.
307 1581 501 1644 1166661666.)
521 1607 550 1618 -
568 1579 596 1630 St
615 1584 682 1631 reete
702 1579 788 1644 166166]
857 1579 943 1630 unct.
962 1578 1139 1644 1166616--1661
1151 1579 1254 1630 11666
1266 1579 1349 1645 Epod.

263 1655 371 1707 Addunt
387 1653 475 1706 Sebol.
494 1658 522 1706 et
541 1655 659 1706 Isidorus
675 1655 744 1718 Orlg.
759 1653 787 1714 9,
825 1653 854 1716 l,
882 1655 923 1704 16.
953 1681 980 1690 -
1006 1653 1103 1717 6161166]
1129 1655 1242 1705 «rationi
1267 1655 1351 1718 magis

264 1729 293 1790 3,
312 1729 681 1794 ltrinonsuclesmonerir.
711 1729 789 1779 Pueri
825 1731 1031 1780 consentanea.»
1051 1757 1080 1766 -
1099 1729 1194 1793 Nonio]
1213 1741 1352 1794 precar-

264 1805 303 1856 sic
328 1802 485 1868 intelligunt:
515 1805 556 1854 «Sl
582 1801 789 1868 laeies'optime
827 1817 889 1855 men
899 1802 1010 1856 funebre
1020 1803 1230 1868 practicarum·
1254 1803 1351 1854 deinde

266 1879 334 1930 inter
344 1891 451 1940 omnes,
470 1891 540 1942 quae
552 1877 607 1930 ludi
622 1877 665 1929 lex
676 1879 789 1942 poscit.»
827 1878 934 1930 romnis
956 1878 1089 1929 cantilena
1111 1877 1266 1944 popularis·
1289 1878 1349 1942 (od.
1419 1931 1426 1948 ,

265 1953 320 2004 llac
341 1954 433 2004 aulem
458 1967 524 2004 voce
551 1952 625 2004 velut
650 1951 791 2015 perculsus
826 1953 855 2015 3,
874 1953 919 2016 28,
938 1953 978 2004 16.
1008 1953 1146 2004 Phaedrus
1169 1953 1194 2004 3.
1224 1952 1293 2004 Prol.
1310 1953 1350 2004 16.

265 2025 432 2094 παθητικῶς
441 2027 667 2092 exclamalpottta:
682 2030 790 2078 «Nonne
827 2026 930 2080 1666166
955 2041 1018 2079 6666
1043 2030 1121 2078 vocat
1149 2029 1210 2078 61166
1232 2027 1351 2091 nenias),

265 2104 333 2154 baec
359 2102 445 2153 verba
477 2101 683 2152 reconditiorem
711 2102 791 2152 etiam
828 2103 908 2152 etiarn
921 2103 1086 2153 matricum»
1099 2102 1206 2167 (bmob.
1217 2103 1242 2162 1,
1255 2103 1350 2166 6131.

265 2178 378 2245 habent¹
397 2189 526 2236 sensum,
559 2176 606 2227 ubl
637 2176 734 2227 eedem
757 2176 791 2226 66
829 2177 920 2241 bugd:
940 2178 1005 2227 16666
1019 2180 1121 2241 uentus,
1139 2177 1211 2228 unde
1227 2175 1352 2227 italorum

267 2255 349 2303 toturn
381 2252 520 2301 bominum
556 2252 638 2301 vitam
674 2251 792 2316 applica·
827 2252 958 2316 ninnaro);
977 2253 1003 2302 6.
1017 2251 1034 2302 l.
1047 2265 1193 2318 puerorum
1215 2250 1280 2302 illud
1301 2254 1354 2302 1166

266 2329 324 2378 ris‘l
345 2327 384 2376 Ac
408 2327 529 2389 protecto
551 2326 604 2375 boc
626 2323 697 2374 idem
718 2327 792 2375 recle
828 2328 945 2376 6616661.
978 2327 1091 2377 «Eadem
1114 2327 1265 2391 protectos
1290 2337 1353 2390 per-

267 2401 355 2451 lucere
373 2395 547 2469 (κατορθοῦν
561 2397 718 2460 Stoicorum)
738 2397 794 2449 nul·
829 2401 878 2464 git,
898 2403 972 2450 «erat
989 2402 1120 2452 666166116
1139 2401 1259 2452 alcarii
1282 2401 1354 2451 Deu-

267 2474 371 2538 liusque
393 2473 482 2536 flagitii
508 2473 559 2524 6161
583 2475 723 2525 conscium
749 2487 794 2524 es·
829 2476 888 2537 tati,
916 2477 961 2538 mii
978 2475 1091 2526 Sabinos
1108 2479 1135 2527 61
1155 2475 1287 2538 Pyrrhum
1305 2474 1354 2524 de-

267 2561 310 2610 66,
338 2550 380 2598 661
404 2547 467 2598 11166
491 2547 565 2599 velut
589 2547 792 2614 inexpugnabile
828 2551 903 2610 61611,
931 2551 964 2600 bl.
988 2551 1055 2601 Furii
1078 2548 1194 2610 Camilli,
1222 2548 1354 2599 Gallorum

267 2621 511 2689 propugnaculum,
541 2623 614 2687 quod
641 2636 690 2675 666
715 2633 794 2686 pror·
829 2625 953 2684 victoris,
972 2623 1079 2674 alterius
1097 2621 1214 2683 Romuli,
1232 2621 1356 2673 allorum-

268 2711 314 2750 sus
339 2711 450 2749 securos
475 2700 502 2748 et
529 2699 670 2762 propterea
698 2696 793 2748 beatos
830 2711 882 2762 que
900 2700 1070 2762 antiquorum
1088 2699 1129 2749 616
1146 2697 1285 2756 6166111666
1305 2698 1355 2747 666

268 2774 388 2826 reddit.»
416 2800 443 2811 -
470 2772 511 2824 nd
535 2775 603 2824 muri
631 2774 704 2823 611161
729 2772 792 2836 (06.
829 2776 899 2824 vitae
922 2787 1013 2824 norma
1040 2773 1197 2834 utebantur,
1222 2774 1251 2823 ul
1273 2774 1356 2822 uirtus

267 2849 298 2909 3,
328 2848 358 2908 3,
389 2847 446 2910 ott.)
475 2849 618 2911 imaginem
646 2847 693 2898 clr.
717 2847 792 2898 Pind.
830 2849 924 2898 honori
950 2851 1035 2908 esset,
1064 2861 1115 2898 666
1142 2847 1281 2899 divitiae.»
1315 2847 1353 2897 Cl.

269 2925 371 2987 Fragm.
386 2922 442 2973 1113.
456 2923 536 2973 11166.;
563 2917 674 2987 Σχήσει
690 2917 725 2971 τό
743 2935 794 2971 πε·
830 2923 925 2983 061,
949 2924 994 2982 16,
1017 2922 1044 2974 tt
1073 2935 1133 2987 sqq.
1159 2949 1187 2958 -
1213 2919 1355 2984 6666616111]

269 2997 420 3070 πρωμένον
444 2992 479 3047 οὐ
506 2993 574 3067 πῦρ,
601 2991 636 3048 οὗ
660 2993 794 3067 σιδάρεον
831 3002 973 3050 Permanet
990 3001 1015 3050 in
1032 3000 1125 3050 neniae
1141 3001 1269 3063 imagine:
1290 2999 1356 3048 «hoc

270 3073 381 3134 Τεῖχος.
408 3071 703 3138 6666616166166166.
717 3071 792 3135 686
831 3087 939 3140 semper
956 3077 984 3124 61
1005 3075 1032 3124 16
1049 3074 1138 3124 animo
1156 3078 1183 3125 61
1200 3075 1225 3126 16
1243 3085 1290 3123 ore
1308 3073 1357 3122 ba-

269 3145 390 3208 χαλκοῖς
409 3147 459 3196 zat
480 3140 686 3212 ἀδαμαντίνοις
703 3147 795 3206 zelza·
831 3149 958 3200 babent.»
985 3149 1211 3209 6166601616,
1231 3149 1275 3207 32,
1294 3147 1354 3198 tto:

180 3253 185 3265 ·
270 3237 326 3272 σιν.
363 3220 584 3272 66616666661.
603 3233 657 3272 666
675 3225 793 3271 temer.
830 3225 996 3274 1166661666
1008 3229 1032 3273 61
1046 3228 1212 3285 pascuarum
1230 3223 1355 3284 (666666),

269 3297 315 3346 2⁰:
337 3289 534 3360 ἀδαμάντινον
549 3300 646 3359 τεῖχος
662 3293 715 3361 τῆς
733 3303 796 3360 ψο-
830 3304 859 3349 61
875 3311 918 3349 aas
933 3311 1016 3348 661666
1032 3298 1161 3360 6111666166
1170 3304 1193 3348 61
1204 3309 1325 3348 mores
1334 3301 1358 3346 61

270 3368 326 3436 χῆς
338 3368 583 3441 προβεβλημένος.
599 3373 700 3422 Seneca
712 3373 794 3436 Epist.
831 3375 908 3426 666111
918 3378 1033 3423 autores
1046 3386 1181 3435 percursus
1192 3377 1216 3423 et
1228 3385 1310 3436 prrrpc
1321 3373 1358 3420 61-

271 3447 318 3497 82:
335 3445 491 3508 Philosophia
505 3446 687 3497 6666666666
698 3448 797 3510 66616-
831 3463 890 3499 cam
914 3449 1105 3498 decantatur
1128 3447 1220 3498 babere
1244 3447 1355 3496 6666661.

270 3520 446 3585 6666666666
468 3533 570 3582 murus,
597 3535 670 3584 quem
692 3523 797 3585 [61666
835 3521 1358 3586 -16666611666116661666166166

270 3595 355 3645 madir
368 3596 490 3646 1116661616
501 3597 641 3647 laceratum
649 3611 700 3647 non
714 3603 797 3647 lruns·
833 3599 874 3648 est
892 3595 1051 3654 Lambinus,
1078 3595 1127 3646 sed
1149 3593 1358 3660 «qualiscunque

271 3673 299 3722 11.
324 3699 352 3709 -
375 3672 519 3736 Aptissima
542 3676 632 3724 autern
658 3673 726 3723 baec
748 3685 797 3722 ex·
832 3670 984 3722 divitlarum
1005 3670 1180 3730 admiratura
1209 3669 1358 3721 cuiusmodi

272 3743 394 3796 clamatio
412 3748 454 3796 661
471 3747 508 3808 61,
527 3760 609 3811 quem
620 3759 701 3811 supra
714 3746 795 3809 tetigi,
834 3747 973 3796 bominum
990 3744 1065 3796 solita
1084 3744 1194 3796 66661116
1211 3747 1301 3796 statim
1318 3757 1359 3794 re-

273 3821 352 3871 161166
370 3820 502 3885 Epistolae
513 3819 685 3893 χαρακτῆρι,
704 3832 804 3884 quam·
833 3819 942 3870 1666-
959 3833 1014 3870 rem
1030 3845 1045 3856 -
1060 3833 1116 3870 rotn
1131 3845 1147 3857 -
1161 3819 1252 3884 -rch
1279 3818 1358 3870 blulta

273 3909 354 3959 quam
372 3895 446 3945 multi
463 3897 490 3946 in
508 3909 539 3946 ea
551 3896 728 3956 attenderunt,
746 3896 799 3944 mi·
834 3906 897 3946 cum
913 3895 940 3944 rt
957 3897 998 3946 ter
1011 3894 1084 3945 idem
1095 3894 1268 3954 vocabulum,
1288 3894 1359 3957 quod

273 3972 310 4021 ris
328 3972 437 4036 insuper
454 3970 717 4036 interpretationibus
734 3983 798 4034 pro-
835 3971 970 4020 notionem
1009 3968 1183 4034 principalem
1222 3970 1358 4033 exprimit.

273 4045 378 4109 positis,
399 4044 482 4095 velut:
503 4047 526 4108 1)
545 4046 628 4096 «baec
645 4047 679 4096 611
699 4047 799 4096 immu-
835 4045 941 4110 repetiit
962 4049 1050 4110 poeta.
1086 4045 1132 4096 1116
1153 4047 1244 4096 661666
1262 4057 1294 4093 66
1312 4055 1361 4092 66-

273 4118 361 4170 166116
378 4118 450 4170 lert»
475 4121 499 4182 11
518 4119 631 4185 «opponi
649 4122 720 4171 6666
738 4132 800 4169 mu·
835 4123 926 4184 getur,
944 4119 1018 4184 quod
1035 4119 1078 4170 bis
1095 4120 1121 4170 16
1138 4119 1190 4170 1166
1203 4131 1298 4169 versus
1315 4131 1362 4182 po-

276 4207 336 4244 rum
345 4197 460 4244 aeneum
474 4193 663 4258 (symbolicum
675 4207 697 4245 s.
709 4205 800 4245 mora-
836 4195 917 4244 situm
929 4197 978 4244 661.
991 4221 1019 4231 -
1032 4199 1060 4244 ut
1073 4193 1180 4257 proplus
1195 4191 1360 4256 6666161661]

275 4267 337 4328 lem)
355 4265 401 4330 illi,
424 4281 506 4332 quent
524 4267 723 4331 quodammodo
741 4267 800 4318 alfl-
837 4281 906 4332 equo
930 4269 1033 4320 1661616
1054 4267 1169 4330 habeas,
1195 4269 1272 4320 6116
1295 4267 1359 4317 11111.

276 4343 346 4393 61661
353 4343 564 4406 6666666166,
572 4355 677 4394 aurum.
689 4343 799 4406 16621·
835 4341 974 4397 ordlntbus
991 4344 1193 4407 161666661166,
1217 4341 1260 4392 vel
1280 4343 1360 4393 etiam
