3018 4970
314 447 376 513 756
794 445 924 498 uomru
1012 422 1015 431 ’

243 586 248 598 ’
354 604 564 672 Nancisoatnr
585 603 671 671 enim
692 604 832 690 pretium
853 621 1038 689 nomenque
1060 607 1191 688 poetae,

355 727 388 794 Si
411 725 513 792 tribus
535 725 694 815 Anticyris
715 734 812 813 caput
833 722 1010 792 insanabile
1032 743 1198 810 nunquam
1334 721 1391 786 300

355 847 489 914 Tonsori
511 847 621 913 Licino
643 846 849 913 commiserit.
893 847 923 914 0
946 865 1007 933 ego
1029 845 1157 920 laeuis,

355 969 418 1048 Qui
438 988 561 1055 purgor
582 967 679 1034 bilem
700 967 762 1034 sub
784 968 874 1034 verni
897 967 1053 1054 temporis
1074 965 1201 1032 boram!

354 1091 423 1157 Non
445 1087 528 1154 alius
548 1088 669 1156 iaceret
690 1087 824 1155 meliora
845 1095 1010 1176 poemata3
1032 1109 1146 1155 verum

353 1209 401 1278 Nil
424 1211 500 1276 tanti
523 1219 581 1276 est.
627 1209 710 1296 Ergo
732 1209 847 1296 iungar
869 1209 940 1276 vice
963 1209 1057 1284 cotis,
1082 1219 1213 1276 acutum

375 1389 433 1440 299.
446 1403 535 1439 omnen
544 1389 701 1450 pretiumque
712 1387 737 1437 d.
755 1415 781 1424 -
796 1387 852 1437 303.
862 1401 947 1451 pergo
958 1386 989 1448 d,
1008 1387 1079 1450 liegii
1091 1389 1211 1451 septem,
1230 1387 1258 1436 et
1269 1385 1358 1437 bamb.

346 1493 367 1500 -
385 1465 458 1514 omi
473 1463 517 1513 aab
534 1463 600 1513 Cod.
615 1461 712 1514 Helleni
723 1465 751 1513 et
762 1461 891 1526 Coningh.
906 1487 935 1498 -
949 1460 1006 1513 30l.
1020 1461 1097 1512 tontis
1107 1466 1177 1526 tergo
1189 1473 1223 1512 ex
1233 1462 1360 1525 scriptura

343 1540 430 1590 tentio
444 1539 474 1588 B.
496 1565 521 1574 —
539 1538 634 1602 suaper
650 1537 703 1588 duo
721 1536 792 1602 apud
809 1535 967 1588 Gonodium.

311 1697 385 1756 «Quo
403 1696 543 1748 videantur
566 1697 655 1747 divino
677 1695 720 1748 illo
746 1695 834 1746 lurore
872 1709 935 1746 nam
946 1695 1047 1748 bomini
1058 1695 1181 1758 quamvis
1192 1694 1331 1759 improbo,
1348 1694 1393 1746 sed

310 1773 416 1836 perciti,
443 1784 577 1822 summam
600 1769 785 1834 negligentiam
809 1770 834 1820 in
871 1769 906 1822 ab
923 1771 1041 1833 Augusto
1058 1768 1206 1820 honoribus
1222 1769 1333 1830 allecto,
1359 1782 1393 1820 sic

310 1858 422 1910 corpore
441 1846 560 1898 curando
577 1846 731 1897 affectant.»
744 1873 772 1882 -
790 1845 835 1894 tri·
871 1843 982 1895 illudere
994 1845 1045 1893 ,vix
1066 1845 1180 1907 potarat.
1217 1845 1311 1908 Utique
1331 1845 1393 1895 liei-

310 1919 355 1970 aa
381 1919 508 1984 Anticyris
532 1919 602 1984 cet]
633 1920 768 1979 ninsania,
792 1919 834 1970 oui
870 1919 915 1980 ri,
940 1920 971 1968 ut
996 1918 1045 1967 viri
1067 1917 1174 1981 indigne
1193 1917 1350 1982 praedivitis
1371 1921 1394 1970 et

308 1997 351 2045 ter
383 1997 487 2046 tantum
525 1993 669 2055 hellebori,
704 1995 833 2056 quantum
870 1993 1067 2057 praepotentis,
1092 2005 1192 2043 nomen
1208 1996 1305 2056 postes
1321 1995 1393 2057 quasi

309 2069 450 2132 anticyrae
474 2070 615 2132 quotannis
639 2068 750 2126 crescit,
775 2079 834 2118 me·
869 2067 896 2116 in
913 2065 1049 2130 proverbii
1067 2067 1292 2118 consuetudinem
1310 2069 1391 2120 venit:

309 2143 367 2194 deri
389 2157 442 2193 non
467 2145 564 2207 possit,
588 2143 616 2193 id
638 2145 693 2204 est,
723 2153 833 2206 prorsus
870 2144 943 2192 Pers.
960 2140 978 2192 l.
996 2137 1013 2192 l.
1031 2141 1140 2194 Martini.
1158 2142 1188 2202 8,
1206 2143 1237 2203 3,
1258 2143 1284 2193 3.
1306 2145 1391 2194 lunen.

309 2216 489 2269 insanabilis.»
510 2218 563 2268 Cir.
581 2217 684 2268 adSat.
702 2217 728 2274 3,
747 2215 772 2275 3,
791 2214 831 2266 83.
870 2217 901 2277 l,
927 2215 984 2266 403.
1013 2219 1041 2266 et
1061 2214 1108 2275 tt,
1130 2216 1179 2266 303
1195 2229 1257 2280 sqq.
1288 2219 1391 2269 Sueten

310 2319 337 2328 -
356 2291 450 2354 liano]
467 2292 567 2342 licinus
584 2292 632 2342 luit
650 2292 728 2342 buius
745 2291 833 2342 bomi-
870 2290 960 2343 octav,
974 2291 1014 2340 aa.
1039 2289 1156 2342 linorob.
1170 2292 1277 2342 saturn.
1288 2293 1320 2352 2,
1332 2292 1357 2344 l.
1368 2305 1391 2356 p.

307 2365 348 2416 nis
360 2377 523 2426 cognomen,
537 2379 591 2416 non
602 2366 712 2416 Liciniis
723 2377 831 2426 nomen,
868 2363 917 2415 335
933 2377 974 2428 sq.
1004 2364 1093 2416 Sidon.
1112 2363 1195 2429 Apoll.
1213 2367 1242 2427 ti,
1262 2367 1287 2416 l.
1319 2367 1395 2418 llere·

305 2439 336 2490 ut
347 2437 472 2490 scribitur
483 2451 613 2503 persaepe
624 2440 651 2488 in
666 2451 762 2502 prosae
775 2451 833 2488 ora·
868 2438 970 2490 danum
995 2441 1086 2490 mmen
1113 2439 1233 2490 Licinum
1261 2439 1394 2493 divensem

306 2512 385 2562 tionis
396 2510 583 2576 scriptoribus,
603 2513 831 2576 quemadmodum
868 2514 963 2576 putant
979 2514 1096 2564 Diintzer
1112 2516 1139 2564 et
1158 2512 1348 2578 Dillcnburger
1363 2513 1393 2564 eb

308 2600 323 2637 e
340 2586 425 2636 Basilo
441 2584 600 2651 plerumque
621 2587 743 2638 lecerunt
757 2587 832 2638 Besi-
870 2599 911 2647 eo,
923 2587 1346 2652 quiAugustilavor-elmebatur.
1356 2587 1392 2640 Gi.

306 2661 376 2712 lium.
392 2661 430 2723 (V.
443 2661 576 2712 Onomast.
587 2660 753 2723 Tullianum.)
767 2663 832 2712 «No
868 2660 989 2724 Madvigii
1003 2661 1091 2724 Opera
1100 2661 1231 2712 senuna.
1243 2663 1392 2726 psiiisqq.

306 2749 370 2788 men
387 2737 429 2786 esi
445 2737 560 2786 wasonis
586 2735 692 2797 famosi,
719 2736 764 2799 qui
781 2748 832 2799 po·
902 2734 960 2785 aot.
990 2735 1047 2786 302.
1078 2737 1099 2785 0
1123 2747 1169 2800 epo
1188 2735 1291 2798 heum]
1308 2735 1392 2800 Virgil.

306 2813 364 2864 stea
385 2809 482 2860 dicitur
504 2810 588 2861 lacius
605 2812 713 2861 senator
730 2823 746 2860 n
763 2810 831 2860 Cae·
869 2808 924 2860 Eel.
938 2810 962 2872 l,
973 2809 1013 2860 46.
1024 2811 1125 2861 aileu.
1136 2809 1216 2870 stt:
1230 2809 1394 2862 Simonem

306 2899 380 2944 sare,
400 2884 473 2948 quod
490 2883 591 2936 odisset
606 2886 777 2950 Pompeium,
797 2884 831 2934 de
868 2884 1045 2946 munibat.
1066 2885 1102 2934 «0
1114 2896 1158 2935 me
1170 2884 1311 2936 bominem
1322 2897 1394 2950 prae-

306 2973 360 3024 que
377 2959 430 3009 hoc
446 2961 576 3024 scriptum
593 2963 635 3011 est
652 2959 829 3025 epitaphium:
868 2961 1020 3022 posterum,
1039 2959 1086 3022 qui
1102 2971 1215 3022 magnos
1226 2959 1294 3010 istos
1306 2963 1394 3025 peaes

305 3036 451 3086 Mammea
473 3034 568 3084 mutato
585 3035 684 3086 licinus
700 3035 779 3094 tecet,
805 3037 833 3082 nt
869 3046 922 3084 non
940 3033 1071 3094 imitatus,
1088 3033 1218 3086 remediis
1228 3034 1265 3086 ad
1280 3045 1395 3099 purgen-

306 3107 367 3160 Gato
391 3109 476 3170 nudo,
501 3110 631 3170 Potnpeius
652 3122 750 3171 pmcn:
777 3109 833 3170 quis
869 3105 932 3157 dam
949 3105 1031 3158 bilem
1054 3108 1123 3172 aptis
1140 3110 1286 3172 quotannis
1302 3111 1394 3160 uteri·

302 3188 374 3245 putet
383 3195 435 3234 esra
445 3183 538 3234 densi»
553 3184 637 3236 Coun.
649 3184 727 3241 Cnno.
743 3181 831 3248 (Paulo
869 3179 916 3232 alti·
933 3181 1005 3232 enim
1023 3180 1177 3233 tribuebant
1189 3181 1393 3250 palmeum.

306 3255 383 3308 aliter
399 3255 485 3307 Schol.
499 3256 582 3308 Persii
592 3257 619 3317 3,
635 3256 687 3318 36..
706 3257 751 3320 qui
768 3269 832 3308 eum
870 3253 964 3308 Celsus
980 3257 1010 3318 il,
1030 3256 1075 3306 ⁴3:
1096 3256 1140 3308 oti
1156 3257 1225 3323 teupi
1239 3259 1396 3321 eninm

306 3331 371 3381 dicit
386 3330 501 3381 melma
511 3330 616 3394 Augusti
628 3331 743 3382 caesoris
751 3344 833 3395 prce·
869 3329 951 3380 mitt
965 3330 1018 3382 aine
1032 3329 1101 3393 sobre
1116 3336 1187 3392 aet,
1207 3337 1236 3382 ut
1252 3333 1393 3392 comitialis,

306 3405 421 3466 diuitem,
438 3405 509 3454 cutus
524 3411 711 3456 mooummom
721 3411 757 3456 ert
769 3420 834 3469 pre-
868 3409 897 3462 ut
920 3404 1064 3465 insania,
1090 3409 1193 3456 cernuo
1217 3418 1318 3470 quoque
1342 3405 1395 3456 atto

310 3477 832 3543 mammeamumpropenoem,
868 3480 990 3530 mum
1006 3485 1049 3529 est.
1080 3479 1110 3529 ld
1128 3481 1395 3544 moisidanum

306 3555 342 3604 ad
361 3552 469 3615 lapidem
488 3553 643 3618 smodwa)
673 3555 773 3615 Quodsi
789 3555 834 3606 Li·
869 3558 963 3604 aestote
985 3559 1051 3604 reete
1074 3555 1168 3614 datm
1194 3557 1289 3619 optime
1312 3567 1393 3614 cem

307 3628 383 3680 cinus
401 3626 444 3676 hic
461 3625 619 3678 Horatianus
636 3641 666 3678 re
679 3641 743 3679 vera
761 3628 833 3678 idem
868 3627 1031 3680 tolerabiliter
1047 3633 1190 3680 mumanae.
1207 3655 1234 3666 -
1250 3644 1353 3696 perper
1364 3629 1396 3680 ii·

308 3703 350 3754 est
365 3702 446 3765 etque
468 3698 524 3762 ille,
547 3702 592 3764 qui
616 3704 725 3752 auctore
748 3701 832 3752 Dione
869 3701 925 3766 bm]
944 3703 969 3752 in
986 3715 1066 3766 prosa
1084 3705 1150 3754 orat.
1169 3703 1224 3756 aas.
1252 3705 1301 3756 Est
1317 3719 1396 3757 accu-
1490 3707 1491 3744 l

309 3776 401 3828 Cassio
412 3774 457 3836 st,
476 3775 517 3826 st.
546 3775 646 3839 origine
665 3773 752 3826 Gallus
765 3779 832 3838 erat,
870 3777 970 3828 sativus
991 3779 1123 3828 Graecus:
1149 3777 1245 3844 «quod
1263 3780 1301 3833 ad
1315 3779 1396 3832 bilem

309 3854 456 3915 captimque
479 3863 495 3900 a
516 3851 640 3901 Romanis
661 3861 756 3902 servus
777 3849 834 3902 lulli
870 3851 990 3902 attinet.»
1003 3852 1142 3916 -ltomnl
1164 3855 1243 3904 «anm
1262 3857 1395 3920 tempus·
1490 3867 1491 3878 ³

310 3926 433 3978 Caesaris
450 3923 536 3976 luerat
552 3927 579 3974 et
596 3923 630 3974 ab
643 3937 675 3974 eo
687 3926 835 3976 manumis-
871 3928 901 3974 ut
917 3923 965 3974 0d.
978 3924 1002 3986 3,
1016 3924 1056 3986 l3,
1070 3925 1094 3976 9.

308 4011 369 4058 sus,
388 3997 423 4052 ab
439 4001 557 4062 Augusto
570 3997 667 4050 Galliae
678 4001 836 4062 procurator
904 3997 1026 4050 303-308.
1049 3999 1169 4051 Nittcoti
1179 4001 1223 4063 est]
1235 4001 1323 4054 «Nihil
1334 4003 1397 4054 tanti

309 4071 644 4134 sermocinantes..
662 4073 834 4124 statuendum
871 4073 998 4135 aestimo,
1018 4071 1087 4126 nulla
1104 4087 1215 4138 prorsus
1231 4076 1298 4126 mibi
1317 4089 1396 4130 musa

311 4145 374 4206 erit,
392 4158 425 4196 eo
442 4148 577 4211 tempore,
596 4161 650 4212 quo
667 4147 717 4200 Ars
729 4147 835 4212 poetim
872 4148 926 4207 est,
951 4159 999 4196 cur
1016 4158 1128 4211 magam
1145 4149 1224 4212 poeta
1241 4147 1398 4202 adibam

312 4219 458 4281 composita
476 4223 531 4283 est,
550 4220 623 4272 illum
640 4222 693 4272 iam
711 4235 744 4272 ex
761 4222 835 4285 prin-
870 4219 973 4272 scilicet
989 4219 1129 4272 modulum
1144 4221 1206 4274 lieri
1221 4224 1358 4288 cupiam..
1369 4249 1395 4262 -

312 4291 379 4353 cipis
404 4290 494 4344 lavore
516 4294 646 4346 excidisse
663 4293 706 4346 val
729 4293 834 4354 obisse;
869 4295 939 4359 Erpo
951 4293 1013 4360 cet]
1032 4295 1254 4369 «Ergoqqnoniam
1265 4297 1320 4352 hoo
1335 4299 1396 4352 mibi
