3156 4972
286 435 347 505 354
668 439 798 490 aonnrn
815 439 997 493 siriciana

329 596 443 660 Posset
466 603 639 661 coenantes
665 593 847 673 offendere,
871 609 906 663 ut
927 599 1029 665 Attica
1050 599 1141 687 virgo

329 718 409 784 Cum
432 717 533 784 sacris
556 715 699 812 Cereris.
724 719 871 806 procedit
891 719 1002 787 hiscus
1025 720 1214 810 Hydaspes,

329 838 479 912 Caecuba
500 839 576 906 vina
596 840 719 916 444444,
743 840 843 907 44444
865 840 978 907 Chium
1001 841 1099 928 maris
1121 863 1249 930 expers.
1334 844 1373 908 t5

328 962 387 1028 Hic
409 961 520 1028 herus:
544 962 716 1040 Albanum,
740 963 926 1036 Maecenas,
952 963 1021 1030 sive
1045 961 1216 1030 Falernum

328 1083 496 1171 Tamagis
519 1085 674 1172 appositis
697 1083 851 1162 delectat,
875 1082 1033 1150 habemus
1056 1095 1238 1174 utrumque.

354 1255 394 1304 43.
414 1254 543 1303 caecantia
558 1254 587 1304 E.
610 1281 638 1291 -
659 1254 699 1304 46.
717 1267 775 1304 erus
791 1254 820 1304 E.
842 1280 869 1291 -
889 1254 929 1304 47.
944 1254 982 1304 48.
996 1259 1146 1317 meumque,
1163 1257 1273 1307 Divitior
1291 1260 1341 1308 mi-

318 1341 395 1378 seros.
431 1329 480 1379 Sed
497 1328 615 1379 distinxit
631 1327 808 1379 Heindorfius.

285 1481 336 1528 cet.
373 1478 422 1538 Qui
446 1476 507 1528 talia
532 1475 708 1541 sublegebat,
736 1471 809 1528 ἀνα·
847 1480 955 1543 ponitur
980 1480 1072 1530 vinum
1100 1483 1233 1532 Graecum
1261 1481 1371 1536 salsum.

284 1551 399 1618 λέκτης,
418 1555 535 1604 analecta
550 1553 706 1604 vocabatur.
742 1555 810 1604 llar-
847 1555 902 1602 lam
927 1555 951 1603 in
974 1554 1026 1604 hoc
1049 1567 1158 1618 44444444
1181 1559 1302 1620 perversi
1325 1557 1374 1608 ali·

284 1625 351 1678 tialis
377 1629 406 1688 4,
433 1629 482 1690 49,
510 1629 558 1678 46;
589 1629 709 1692 04444444
733 1629 809 1692 tanao
846 1627 998 1691 quidlatet;
1017 1628 1066 1679 sed
1084 1629 1206 1681 diversae
1224 1632 1258 1681 de
1276 1632 1327 1682 hac
1342 1647 1372 1682 ra

283 1707 495 1765 4444444444444
506 1703 810 1764 444444444444444444-
846 1703 909 1752 sunt
942 1703 1121 1768 interpretum
1156 1707 1317 1757 sententiae:
1348 1709 1372 1768 4)

283 1777 344 1839 qaid
360 1782 383 1826 44
399 1791 473 1828 canes
494 1779 657 1840 reliquerant.
688 1778 730 1828 Sic
748 1777 810 1828 Cal·
847 1779 921 1827 «arat
938 1778 1015 1839 igitur
1032 1779 1110 1830 nimis
1127 1778 1220 1841 dulce,
1244 1793 1306 1830 cum
1323 1780 1374 1832 sal-

282 1853 349 1902 visio
373 1853 443 1916 (Seu.
457 1854 503 1917 Ep.
517 1853 568 1916 44.)
587 1854 671 1904 suasit
687 1850 808 1904 Satellius
846 1863 907 1901 sum
928 1851 1073 1916 praelaturi
1098 1854 1209 1905 tuissent
1229 1856 1371 1918 convivae,

283 1925 445 1989 Quadratus,
468 1932 496 1976 444
512 1928 691 1992 pranmimicos
706 1927 808 1977 baberet
845 1927 937 1988 utpote
955 1925 991 1976 ad
1013 1927 1169 1979 irritandam
1191 1929 1262 1980 sitim
1285 1931 1372 1994 aptius

282 2000 419 2050 4444444444.
455 2000 601 2052 Ridiculum
619 2003 688 2052 inest
699 2003 725 2051 in
738 2003 805 2051 mira
846 2012 928 2062 quam
946 2000 1056 2062 dulcem
1074 2003 1127 2054 hoc
1144 2017 1239 2054 verum
1257 2005 1370 2055 videtur.

282 2073 463 2125 analectorum
480 2075 633 2137 sedulitate,
661 2077 702 2126 cni
721 2090 807 2141 oppo-
845 2074 868 2136 4)
888 2076 989 2127 «iterus
1012 2081 1149 2141 tamquam
1171 2091 1230 2130 rem
1248 2092 1372 2142 magnam

282 2151 352 2200 nitur
374 2148 560 2214 pocillatorem
582 2150 653 2201 lente
671 2151 806 2202 44444444-
846 2148 941 2199 Chium
959 2163 1057 2215 purum
1075 2152 1206 2214 exhibuit,
1234 2156 1263 2203 at
1288 2151 1371 2204 multo

282 2225 348 2275 tium
372 2238 458 2288 aeque
483 2226 550 2275 mira
576 2226 699 2288 gravitas.
728 2251 756 2262 —
780 2231 807 2274 nt
845 2221 1006 2275 salubrius.»
1031 2227 1108 2276 Tonn.
1144 2226 1193 2278 Alii
1215 2229 1303 2279 minas
1322 2242 1371 2293 ap-

281 2298 363 2348 444444
383 2301 456 2362 44444
480 2299 547 2364 444.)
570 2297 642 2349 44444
668 2299 805 2362 ingressu,
845 2299 945 2360 posite:
969 2299 993 2361 3)
1013 2301 1101 2364 «qaod
1117 2315 1168 2365 per
1185 2305 1299 2362 terram,
1318 2315 1371 2352 noa

281 2373 513 2436 quamadmodum
523 2369 697 2444 κανηφόροι.
728 2375 804 2425 Cont.
833 2385 893 2435 per
911 2385 985 2423 mare
1003 2374 1146 2426 advectum
1158 2379 1225 2426 est.»
1242 2379 1306 2426 Aca.
1326 2377 1371 2439 (Ex

282 2448 334 2496 Sat.
350 2450 378 2508 4,
397 2447 427 2508 3,
448 2448 476 2497 94
496 2461 570 2510 saepe
584 2449 705 2510 4444444444
717 2449 807 2498 Curre-
845 2447 910 2496 Chio
942 2448 1026 2499 insula
1060 2463 1109 2514 per
1140 2453 1241 2501 terram
1273 2451 1370 2502 advehi

282 2522 324 2572 bat
347 2523 446 2586 sapiens
470 2523 574 2585 44444444,
598 2537 718 2585 persaepe
741 2523 807 2573 444444
844 2523 952 2572 omnino
971 2536 1023 2573 non
1041 2525 1165 2588 poterat.)
1189 2525 1213 2589 4)
1232 2527 1309 2576 «Erat
1331 2527 1372 2576 vi·

282 2597 617 2660 quitanonissacrascrret.
630 2597 806 2662 -deaupesl
846 2608 910 2646 num
927 2611 981 2648 noo
1003 2601 1150 2661 Graecum,
1176 2600 1227 2651 sed
1243 2599 1371 2652 adulteri-

281 2671 361 2723 Indos
377 2671 421 2721 vel
441 2672 586 2737 Aethiopes
604 2673 631 2723 in
648 2672 744 2723 familia
761 2685 808 2722 ar·
845 2683 924 2732 num,
959 2686 992 2722 ex
1025 2673 1115 2723 italico
1143 2679 1369 2739 praeparatum„

282 2746 352 2796 bana
379 2746 481 2797 babere
510 2751 574 2798 tanc
600 2761 662 2813 pars
688 2745 806 2797 luxuriae
846 2757 927 2807 quam
945 2750 1107 2798 artemsane
1125 2749 1288 2800 lectitabant.
1316 2749 1369 2800 Cir.

281 2824 347 2873 erat.
382 2822 469 2872 Panis
485 2823 664 2873 Ataaondra'nie
675 2823 808 2883 acnamtn
845 2821 1030 2873 cohaereat
1054 2825 1160 2873 44405.
1200 2822 1303 2875 Colum.
1322 2825 1368 2883 44,

280 2905 371 2948 monus
386 2898 500 2948 nivatam
516 2897 700 2960 inprudentibus
711 2896 807 2946 uteba·
845 2895 885 2946 37.
906 2924 934 2932 —
952 2897 1085 2963 Albanam]
1105 2898 1143 2949 Ct.
1162 2899 1256 2960 Odi,
1280 2901 1325 2959 44,
1343 2899 1368 2948 4.

280 2973 325 3021 tur
341 2969 499 3022 Trimalchio
518 2973 632 3022 Petronii
649 2972 690 3022 34.
726 2973 807 3022 ilica
845 2970 939 3021 Athen.
959 2973 987 3032 4,
1010 2973 1060 3022 59:
1090 2967 1146 3023 τῶν
1167 2971 1190 3022 δ’
1210 2971 1297 3023 οἴνων
1314 2987 1369 3032 χα-

281 3046 390 3096 flumine
417 3046 502 3110 patrio
528 3059 627 3096 nomen
656 3045 746 3096 habet.
776 3071 804 3082 -
843 3040 1172 3114 ptaotaeogdnaroizdv
1186 3041 1371 3100 ἸταλίανἈλ-

281 3119 395 3170 0444444
409 3121 478 3184 cina]
497 3121 534 3171 Ex
549 3121 621 3171 Latio
633 3133 717 3184 prope
730 3121 809 3171 Cam·
844 3115 936 3182 βανὸς
952 3121 1002 3170 aot
1020 3114 1037 3170 ὁ
1055 3119 1240 3192 Φαληρνίτης.

279 3199 374 3260 paulae
396 3196 472 3246 fines.
506 3196 578 3246 inter
598 3196 805 3259 generosissima
879 3195 920 3245 48,
941 3197 981 3246 49.
1000 3197 1110 3246 Diuitias
1124 3199 1252 3261 animract]
1272 3198 1370 3268 44444444

279 3270 362 3321 reteri
385 3271 508 3320 Horatius
533 3270 589 3334 (Od.
608 3271 637 3331 4,
656 3269 702 3330 49,
721 3269 746 3319 9.
775 3271 804 3332 4,
845 3282 910 3320 sane
934 3270 1002 3320 haec
1024 3274 1067 3322 est
1088 3271 1254 3324 exclamatio.
1291 3275 1371 3325 Bent-

280 3344 324 3405 34,
343 3347 367 3394 5.
386 3345 415 3406 4,
435 3343 480 3406 44,
498 3345 539 3394 45.
558 3345 586 3405 3,
605 3345 650 3405 48,
667 3343 692 3393 3.
721 3344 804 3408 Epod.
844 3341 912 3394 leius
929 3343 990 3394 ideo
1011 3346 1117 3395 44444444
1141 3347 1193 3397 dici
1218 3348 1369 3407 contendit,

280 3419 310 3480 9,
329 3419 380 3482 36.)
409 3418 521 3469 Videtur
538 3419 672 3469 Nasidieni
688 3421 805 3484 pravitas
845 3418 917 3482 quod
936 3421 1030 3469 nactae
1043 3421 1096 3470 sint
1113 3421 1250 3472 dominum
1268 3424 1371 3473 fatuum

280 3493 307 3542 in
325 3505 357 3542 eo
374 3494 488 3553 versari,
512 3491 584 3556 quod
601 3506 685 3543 unum
703 3496 806 3546 tantum
843 3493 1025 3556 etindignum,
1040 3495 1140 3557 quiens
1151 3498 1294 3560 possideat.
1308 3500 1372 3549 Ges·

279 3569 372 3618 vinum
388 3566 508 3618 Italicum
523 3580 661 3632 anumque
673 3571 805 3620 Graecum
843 3581 905 3618 ner:
919 3581 1004 3632 «quae
1013 3570 1052 3620 sic
1062 3568 1201 3620 sollicitum
1213 3571 1315 3622 habent
1324 3572 1371 3622 do·

280 3643 369 3694 4444444
387 3643 513 3705 iusserat,
540 3656 594 3693 non
612 3643 690 3694 simul
716 3643 806 3695 Faler—
842 3643 1043 3706 minum,quam
1052 3645 1128 3708 copia
1138 3646 1271 3696 incertum
1280 3646 1368 3706 iaciat,

280 3730 345 3768 num
371 3721 398 3768 at
422 3718 558 3770 Lesbium.
594 3718 692 3770 Sordes
714 3724 805 3770 antem
843 3717 907 3781 quid
916 3717 971 3778 det,
984 3720 1048 3782 quid
1061 3733 1113 3770 non
1123 3721 1195 3771 det.»
1213 3719 1261 3770 Alii
1274 3720 1370 3772 eadem

279 3793 337 3858 ipse
355 3793 465 3845 ridicule
483 3793 572 3860 prodit
588 3793 638 3844 alia
650 3795 711 3844 vina
722 3808 806 3858 gene·
842 3793 925 3844 verba
938 3793 1072 3845 Nasidieni
1089 3796 1207 3846 sermoni
1226 3799 1372 3846 annecten-

279 3881 340 3918 rosa
366 3869 483 3920 offerens
508 3869 660 3932 4444444444,
692 3883 762 3933 qnae
789 3883 805 3920 a
843 3869 877 3920 da
898 3871 1022 3930 censent,
1050 3868 1156 3920 reculas
1178 3883 1242 3921 suas
1265 3872 1300 3920 ita
1324 3884 1372 3921 ex-

278 3943 432 3994 Maecenate
445 3946 557 4008 petitum
567 3959 620 3996 non
630 3945 662 3994 iri
673 3958 722 4009 pro
732 3950 805 3995 certo
843 3945 989 4005 tenuantis;
1013 3944 1110 4008 idque,
1140 3947 1190 3996 etsi
1214 3959 1229 3994 a
1253 3946 1371 3996 Bentleio

278 4017 394 4078 sciebat3
413 4033 467 4083 quo
484 4021 594 4083 quidem
611 4021 743 4069 renuente
755 4033 806 4070 nec
844 4023 981 4083 tamquam
1007 4021 1205 4084 ineptissimum
1230 4023 1370 4080 reiectum,

279 4093 362 4142 ceteri
385 4095 512 4145 convivae
537 4107 569 4144 ea
592 4107 706 4158 poscere
728 4096 806 4158 pote·
844 4094 1013 4145 Heindortius
1030 4097 1177 4158 patrocinio
1195 4107 1244 4146 suo
1262 4095 1370 4158 dignum

279 4169 352 4228 rant,
380 4168 430 4217 nisi
452 4168 636 4219 inurbanitatis
654 4166 762 4232 culpam
779 4169 805 4219 in
843 4169 947 4219 censuit
969 4171 1081 4232 eiusque
1100 4183 1211 4221 causam
1229 4175 1284 4221 tam
1302 4169 1371 4219 acri-

279 4254 309 4292 sa
327 4240 470 4294 admittere
488 4242 595 4294 vellent.
617 4271 644 4281 —
662 4245 806 4294 444444444-
843 4245 885 4292 444
902 4245 967 4306 egit,
993 4247 1023 4295 at
1045 4244 1142 4307 verba,
1170 4243 1245 4296 siah
1264 4245 1370 4294 lioratio

275 4315 342 4380 pers]
360 4311 395 4368 οὐ
414 4316 687 4382 τεθαλασσωμένον,
706 4320 748 4368 cui
760 4331 806 4382 op-
843 4332 1006 4383 quocunque
1031 4333 1113 4370 sensu
1138 4318 1241 4384 prolata
1264 4321 1371 4384 accipe·
