3090 4974
326 395 390 458 (59ss
739 471 742 478 Δ
811 391 940 441 uounru

367 548 494 615 Viribus
518 557 550 613 et
573 555 698 614 versato
720 545 792 624 diu,
820 544 898 634 quid
920 545 1004 612 serre
1029 553 1195 618 recusent,

369 668 453 749 Ouid
477 667 603 734 valeant
625 667 761 734 humeri.
806 667 864 734 Cui
887 665 970 732 lecta
992 676 1139 752 potenter
1161 667 1221 732 erit
1244 686 1315 741 res,
1376 666 1410 728 to

368 793 435 857 Nec
456 788 604 856 facundia
627 788 757 856 deseret
778 787 864 856 hunc
886 807 947 854 nec
970 786 1097 854 lucidus
1120 787 1211 854 ardo.

370 911 502 979 Ordinis
524 911 605 978 haec
626 910 728 978 virtus
750 910 811 976 erit
832 921 864 976 et
885 929 1005 986 venus,
1030 920 1084 976 aut
1106 930 1168 997 ego
1189 908 1300 984 salim,

392 1137 432 1188 id.
449 1138 571 1200 patenter
587 1134 722 1186 Markland
740 1135 774 1185 ad
791 1136 855 1186 stat.
877 1133 937 1186 silv.
951 1133 978 1195 l,
992 1135 1017 1196 8,
1030 1133 1071 1185 at.
1086 1162 1113 1170 -
1128 1133 1168 1185 ta.
1182 1135 1250 1184 laad
1268 1149 1315 1199 epo
1332 1133 1384 1184 lici*

360 1213 422 1274 (non
439 1211 493 1271 stt.
515 1238 542 1246 -
561 1210 602 1261 ll.
622 1211 702 1272 dicat,
724 1211 777 1260 mm
798 1222 864 1259 nanc
883 1207 997 1258 debentia
1014 1209 1063 1258 dici
1078 1209 1200 1270 Pleraque
1222 1209 1386 1270 distinguunt

327 1419 459 1468 vestrae.»
480 1441 505 1452 -
525 1415 630 1480 vacate]
648 1417 755 1476 animo,
775 1413 873 1466 :dalis
924 1413 1013 1464 ta-tt.
1033 1414 1142 1478 Ordinis]
1159 1413 1286 1466 Consulto
1300 1413 1412 1477 quaesita

328 1492 461 1551 berate,a
480 1491 595 1554 imagine
612 1494 701 1542 tamen
714 1490 854 1554 desumpta
891 1487 997 1538 videtur
1022 1489 1090 1540 haec
1116 1491 1192 1553 quasi
1218 1483 1366 1558 ἀναφορὰ.
1389 1513 1410 1520 -

328 1581 343 1616 a
362 1563 468 1626 betulia,
491 1566 536 1628 qui
553 1578 635 1616 onera
652 1563 776 1614 manibus
792 1576 855 1614 ver·
891 1563 975 1627 omia]
994 1563 1033 1613 Ci.
1047 1577 1072 1612 v.
1087 1563 1149 1614 ato:
1167 1564 1266 1616 Fabula
1278 1565 1415 1614 aedissae·

329 1643 402 1700 sant,
420 1641 564 1703 antequam
575 1641 601 1690 in
614 1640 741 1690 humeros
753 1637 853 1689 tollant.
891 1639 966 1688 neria
990 1636 1095 1698 Quintil.
1113 1639 1142 1700 6,
1160 1639 1190 1697 3,
1213 1640 1257 1690 t8:
1289 1639 1414 1688 amnena

329 1717 431 1766 Seneca
448 1715 483 1764 de
500 1717 596 1779 Tranq.
616 1729 658 1764 an.
679 1715 707 1775 a,
728 1715 758 1764 t:
775 1713 855 1764 riestt-
892 1725 955 1772 esse,
982 1713 1049 1774 qaod
1073 1726 1130 1762 cara
1154 1714 1242 1776 pratia
1264 1713 1376 1776 quadam
1395 1711 1414 1756 ct

328 1790 491 1840 mandasset
502 1789 668 1851 deindeipsa,
687 1801 855 1851 qaaeappre-
891 1800 979 1836 cenem
996 1787 1111 1848 dicatur,
1130 1794 1246 1850 apparet.
1269 1817 1297 1825 -
1317 1791 1361 1838 aul
1376 1795 1414 1846 σεο

329 1865 427 1924 dimam
453 1869 477 1914 et
498 1863 564 1913 vires
582 1868 683 1916 nostrae
699 1875 756 1912 cam
771 1861 855 1922 retas,
890 1862 975 1926 fallor]
993 1863 1048 1912 liac
1066 1861 1178 1913 termula
1197 1866 1309 1914 utuntur
1326 1863 1358 1922 ii,
1375 1857 1413 1922 qui

329 1953 394 2000 qaas
409 1939 530 1988 tentaturi
540 1951 638 1997 mmm,
657 1937 853 1999 comparandae.
893 1938 933 1987 rei
958 1949 974 1987 a
998 1951 1028 1988 se
1054 1937 1201 1988 attirrnatae
1222 1951 1336 2002 prorsus
1356 1932 1413 1986 cedi

330 2013 407 2064 Debet
426 2013 494 2062 enim
509 2025 605 2074 semper
624 2011 682 2074 ptus
697 2024 748 2062 esse
762 2010 856 2059 citriam
892 2012 962 2062 suut.
990 2013 1091 2062 Seneca
1109 2011 1143 2062 de
1161 2013 1258 2076 Tranq.
1278 2025 1323 2064 au.
1342 2012 1370 2069 8,
1387 2007 1411 2056 3·-

331 2089 359 2138 ia
384 2092 468 2136 actore
491 2099 568 2148 qaam
586 2087 614 2135 ia
635 2098 718 2135 orare.
742 2109 768 2120 -
797 2083 856 2146 qaid
892 2086 941 2135 Aut
961 2099 1006 2149 epo
1027 2086 1105 2149 [alar
1121 2091 1167 2136 aut
1184 2099 1291 2150 reprcunt
1308 2090 1342 2136 cst
1357 2085 1414 2133 inter

329 2163 397 2226 serre
412 2160 533 2223 recusent]
557 2161 622 2225 Epp.
636 2161 664 2221 t,
684 2161 712 2220 t,
728 2159 790 2210 258:
813 2170 857 2207 aec
893 2173 999 2220 aomos,
1031 2160 1273 2222 circumscriptores,
1303 2161 1412 2214 tatrams,

329 2250 399 2286 maa
410 2237 486 2286 audet
495 2237 555 2286 Rern
565 2239 660 2284 tentare
670 2235 766 2296 pader,
779 2245 856 2294 qaam
890 2235 1034 2298 plagiarios
1049 2248 1128 2284 naam
1143 2248 1207 2296 esse,
1225 2237 1266 2286 cai
1277 2235 1361 2286 noceri
1371 2243 1413 2280 noa

329 2311 603 2372 eiresssmrecusent.
619 2335 646 2343 -
659 2308 782 2371 patenter]
801 2319 857 2357 rse-
890 2311 976 2372 paasit.
1003 2311 1115 2373 Propter
1132 2309 1326 2372 ignorationem
1345 2307 1414 2356 huius

331 2384 450 2436 cundum
478 2394 593 2447 possea
620 2381 781 2440 barbarum,
807 2380 857 2431 sed
895 2397 960 2436 usus
979 2382 1054 2434 multi
1071 2385 1208 2434 mutarunt
1225 2385 1269 2435 in:
1291 2384 1359 2434 laad
1375 2391 1413 2442 epa

331 2462 435 2514 rectum
447 2454 578 2520 glossema
593 2457 618 2506 in
630 2456 695 2506 Cod.
710 2455 855 2516 turicensi,
893 2459 978 2523 [atim.
1006 2457 1049 2522 (Le
1069 2463 1111 2509 ton
1135 2459 1272 2510 tranclmnt
1288 2461 1348 2510 dont
1362 2455 1414 2505 celte

332 2528 425 2583 «κατὰ
441 2527 579 2596 δύναμιν,
597 2543 646 2595 pro
662 2529 857 2581 saisselinus.»
894 2535 963 2592 tecoa
979 2533 1056 2584 serait
1076 2533 1252 2596 t'eaprassioa,
1277 2548 1310 2586 ae
1324 2529 1413 2583 saarait

332 2605 426 2668 (inutili
443 2607 566 2656 acumine
578 2603 746 2656 Marklandus
759 2606 858 2667 paden-
894 2607 1012 2659 coaueair
1028 2621 1063 2658 aa
1077 2607 1208 2658 caractdre
1223 2609 1355 2660 a'ttoracs.
1368 2607 1413 2654 Gu-

331 2688 382 2743 ter,
402 2682 539 2732 «modeste
557 2683 585 2730 et
600 2680 702 2732 ratione
720 2679 809 2729 habita
821 2681 859 2729 vi·
895 2684 963 2746 nou.)
978 2708 1006 2720 ·-
1022 2684 1051 2734 tlt
1063 2683 1117 2734 iam
1127 2681 1412 2747 macometica

332 2759 401 2808 rium
419 2769 558 2818 suarum,n
578 2759 607 2806 ut
618 2770 644 2805 v.
655 2755 706 2817 st.)
723 2783 747 2792 —
766 2755 859 2818 sama-
895 2759 922 2808 h.
933 2758 950 2809 l.
964 2759 1147 2822 interpretatio
1159 2759 1226 2810 haec
1236 2763 1292 2810 est:
1313 2759 1357 2811 «Ut
1368 2757 1412 2804 iam

332 2833 384 2894 dio]
409 2833 463 2882 «En
482 2831 565 2882 virtus
585 2830 710 2880 orationis
728 2832 782 2890 est,
806 2843 858 2894 qua
896 2845 967 2884 nunc
984 2831 1055 2882 dicat
1071 2845 1118 2891 ea,
1137 2845 1206 2895 quaa
1223 2846 1253 2882 re
1271 2845 1335 2884 vera
1352 2837 1412 2879 nunc

333 2920 402 2970 quae
419 2906 544 2956 dicuntur
559 2919 611 2956 non
623 2919 639 2954 a
651 2905 789 2970 scriptore,
809 2903 857 2954 sed
896 2908 984 2971 ipsum
1002 2906 1053 2956 dici
1070 2905 1184 2966 debent,
1209 2908 1235 2957 td
1254 2911 1308 2968 est,
1327 2914 1413 2955 neces·

333 2981 411 3040 ultro,
430 2994 463 3030 ax
474 2994 504 3030 se
515 2980 580 3044 ipsis
591 2983 671 3043 atque
684 2979 753 3029 adeo
765 2980 857 3028 natura
896 2982 977 3043 saria,
1007 2979 1131 3031 videlicet
1159 2995 1209 3043 ea,
1238 2983 1296 3033 sine
1325 2976 1412 3044 quibus

332 3053 440 3120 prodire
461 3054 619 3114 videantur,
654 3053 726 3103 unde
751 3054 858 3103 llomeri
896 3057 1003 3106 omnino
1030 3067 1080 3106 nec
1101 3067 1197 3106 sensus
1220 3060 1317 3120 poetae
1335 3061 1412 3114 neque

332 3133 456 3193 poemata
484 3131 512 3178 et
528 3131 648 3192 picturae
670 3126 825 3178 Nicomachi
844 3140 857 3176 a
897 3131 1017 3189 historia,
1037 3143 1119 3194 quam
1132 3132 1248 3194 exponit,
1262 3128 1412 3196 naquaima·

334 3204 441 3253 Graecis
456 3197 645 3264 ἀὐτοσχέδια
671 3201 858 3252 dicebantur.»
896 3207 971 3268 gines
983 3209 1010 3254 ct
1022 3206 1248 3268 comparationes,
1266 3205 1361 3270 quibus
1372 3197 1412 3248 uti·

332 3279 419 3327 Vicus.
432 3307 459 3314 —
473 3279 570 3328 lucidas
580 3277 650 3342 ordo]
662 3278 708 3328 llic
719 3277 813 3328 transit
824 3275 858 3326 ad
896 3285 950 3342 tur,
970 3294 984 3329 a
998 3278 1096 3330 lectore
1110 3279 1215 3346 intelligi
1228 3284 1351 3344 possant;
1365 3274 1412 3337 ptc-

333 3352 469 3414 ordinem,
489 3365 570 3418 quam
587 3351 778 3415 technograplri
795 3347 860 3401 διά-
896 3369 977 3416 rapae
989 3354 1137 3419 (permulta)
1151 3359 1256 3416 autem,
1270 3357 1344 3418 'quae
1355 3349 1412 3401 attus

332 3427 427 3488 deora,
447 3427 663 3490 dispositionem,
683 3429 787 3477 uocant.
801 3428 856 3476 Scr.
897 3433 975 3494 poeta
994 3431 1081 3480 minus
1098 3431 1214 3494 peritus,
1234 3436 1284 3480 toto
1301 3441 1369 3480 sacco
1383 3435 1412 3471 tr

333 3504 368 3554 tid
386 3503 447 3554 ΗθΓ·
462 3501 577 3562 ⁴2²233
595 3501 730 3564 Dispositio
746 3506 781 3552 est
798 3501 859 3550 ordo
895 3519 965 3566 reus,
993 3507 1042 3556 etsi
1067 3519 1120 3556 nou
1142 3518 1253 3569 prorsus
1272 3497 1410 3556 necessarii

332 3584 355 3629 at
363 3577 503 3628 distributio
511 3590 610 3638 reram,
625 3591 689 3638 qaae
697 3577 857 3637 demonstrat,
897 3581 950 3630 ianr
967 3579 1011 3630 hic
1029 3579 1200 3638 inculcasset,
1222 3580 1328 3631 differat
1343 3579 1366 3626 in
1382 3571 1411 3622 1⁰·

332 3653 393 3717 qaid
404 3652 491 3714 midas
502 3652 562 3702 locis
572 3652 604 3702 sit
614 3652 794 3702 collocandam.
808 3653 860 3715 Op·
896 3667 959 3706 cum
977 3654 1061 3717 magis
1073 3657 1254 3718 opportunum
1267 3658 1347 3719 atque
1358 3659 1412 3716 pro·

331 3729 439 3793 ponitur
450 3725 484 3798 cg}
498 3719 621 3798 εὑρέσει,
640 3727 792 3778 inventioni.
811 3729 860 3777 La·
896 3733 988 3794 pterea
1001 3729 1026 3779 in
1038 3730 1189 3793 praeseutia
1201 3725 1321 3790 omittat,
1339 3721 1411 3785 matii

332 3803 401 3853 ctam
417 3805 507 3854 autem
525 3804 586 3852 ordo
602 3803 712 3863 dicitur,
731 3803 792 3864 quia
811 3815 860 3866 per
896 3805 1039 3856 artificioso
1052 3807 1079 3854 et
1090 3804 1290 3870 poeticoordini
1301 3801 1410 3856 studens,

249 3901 253 3908 ·
332 3892 361 3928 se
377 3877 860 3942 ipsepermultumcontectadargu-
897 3885 925 3930 ut
942 3893 1103 3943 suspensum
1121 3881 1211 3929 tanam
1229 3879 1366 3934 lectoremi
1390 3869 1411 3918 ‘l

332 3955 454 4004 utentum
472 3954 613 4017 ipsamque
632 3955 779 4004 orationem
796 3966 859 4017 per·
897 3954 1007 4019 quidam
1024 3954 1075 4015 ita,
1102 3956 1131 4004 ut
1149 3955 1324 4018 persentiscat
1339 3949 1410 4001 tector

333 4027 453 4089 spicuam
471 4027 644 4078 reddendam.
669 4027 734 4076 Vide
747 4029 819 4078 Padi.
834 4027 858 4090 3,
897 4031 1004 4090 acutus,
1018 4041 1066 4079 cur
1078 4029 1149 4079 trunc
1159 4025 1266 4093 μῦθον,
1279 4029 1346 4078 hauc
1356 4031 1411 4074 son·

330 4101 381 4150 20:
407 4101 450 4152 lite
472 4116 518 4165 epo
535 4104 596 4164 sim,
624 4104 665 4154 cai
681 4105 788 4155 Pierides
804 4105 860 4154 dent
898 4103 1006 4154 tentiam
1019 4102 1059 4154 vel
1077 4103 1146 4154 hanc
1163 4103 1306 4166 imaginem
1317 4093 1408 4152 anari

331 4175 447 4226 carmina
471 4178 560 4227 Musae
582 4179 686 4229 tanim
709 4179 781 4228 ctara
805 4191 858 4240 uto,
897 4191 929 4228 aa
947 4177 1068 4230 consulte
1080 4181 1180 4230 etcum
1193 4176 1291 4230 dilectu
1303 4171 1408 4241 quodem

331 4253 450 4300 cnwrnaa
466 4250 528 4300 nituit
546 4253 632 4317 indipa
650 4254 728 4304 tucis!
770 4318 773 4324 ἱ
897 4251 952 4315 (corr
967 4253 1063 4318 amore)
1082 4266 1146 4306 usus
1163 4254 1211 4315 sit,
1230 4251 1307 4314 alias,
1326 4253 1351 4302 tu
1362 4241 1410 4308 qui·
