3192 4974
287 439 349 504 372
646 443 774 492 uonnrn
793 442 1013 494 srrsromuuu

330 598 459 664 Virtutis
483 619 579 666 verae
603 607 712 666 custos
735 597 926 685 rigidusque
949 597 1095 678 satelles,

329 723 421 787 Nunc
445 721 476 785 in
497 720 648 807 Aristippi
671 719 778 785 furtim
800 729 974 806 praecepta
999 719 1129 786 relabor

330 844 367 908 Et
389 841 465 908 mihi
488 863 557 919 res,
581 862 720 909 nonme
745 840 844 908 rebus
865 841 1063 928 subiungere
1086 861 1195 909 conor.

331 964 368 1032 Ut
390 985 453 1030 nox
475 963 585 1051 longa,
610 962 729 1052 quibus
752 965 903 1030 mentitur
925 964 1041 1040 amica,
1067 963 1204 1052 diesque
1335 967 1377 1032 20

330 1087 439 1172 Longa
461 1085 589 1152 videtur
610 1106 693 1173 opus
716 1083 925 1162 debentibus,
951 1096 985 1150 ut
1007 1086 1100 1173 piger
1122 1107 1225 1154 annus

352 1258 392 1308 ro.
411 1257 553 1308 erborittere
570 1256 654 1308 Codd.
673 1255 733 1321 aliq.
753 1259 782 1308 et
800 1257 901 1334 Veneta
920 1255 1010 1318 titt,
1029 1256 1149 1307 metuere
1168 1257 1210 1308 otii
1228 1271 1243 1307 e
1261 1257 1340 1322 gloss.

318 1333 358 1394 (Ut
377 1345 439 1394 nos,
458 1333 541 1382 nostri
558 1335 585 1380 et
602 1332 718 1382 Pottierii
740 1331 855 1394 omnes.)
876 1357 904 1368 -
925 1332 966 1382 st.
985 1332 1063 1381 Lento
1080 1331 1214 1384 Bentleius
1234 1347 1250 1383 e
1271 1335 1336 1385 Cori.

319 1407 417 1456 Barthii
430 1409 458 1456 et
473 1407 511 1456 sic
522 1407 706 1458 uuusiacckii.
728 1408 766 1470 (Ut
784 1420 845 1469 nos,
865 1407 949 1458 nostri
966 1408 994 1457 et
1010 1408 1128 1458 Pottierii
1145 1412 1258 1473 omnes.)

286 1548 487 1598 convenientior
510 1545 593 1596 attera
611 1559 712 1606 versor,
741 1560 810 1611 quae
828 1546 832 1557 '
850 1549 879 1607 t,
905 1547 949 1607 47,
974 1547 1005 1598 ti
1028 1560 1088 1612 sqq.
1109 1549 1141 1598 23
1162 1562 1204 1612 sq.
1227 1577 1255 1587 -
1276 1551 1375 1615 sortior]

285 1623 448 1672 auctoritatis
476 1633 609 1686 perquem
642 1620 738 1671 dubiae
766 1623 813 1672 aut
849 1623 907 1671 Nou
924 1623 980 1671 tam
998 1620 1191 1685 «clematius»
1209 1637 1304 1688 quom:
1325 1627 1375 1676 uu

285 1695 383 1748 nultius
399 1709 432 1747 eo
450 1709 557 1759 quoque
579 1695 750 1746 incommodo
772 1693 811 1746 tu·
849 1699 879 1746 ut
895 1709 939 1747 me
956 1695 1000 1747 iilo
1016 1696 1113 1758 retabi,
1133 1711 1186 1760 quo
1199 1699 1302 1751 indoles
1315 1713 1374 1750 mea

243 1813 244 1818 ,
285 1772 378 1830 bomt,
401 1771 472 1835 quod
490 1771 511 1821 si
529 1771 692 1834 accipiamus
710 1783 812 1820 «versor
848 1769 968 1831 inclinat,
993 1771 1035 1820 vix
1052 1772 1109 1835 ipse
1127 1773 1374 1832 animadvertam»

285 1848 312 1898 in
330 1846 441 1909 negotiis
459 1844 631 1906 turbulentis,
650 1846 681 1896 iis
694 1858 811 1909 occupa·
848 1845 1015 1896 unocuoertct.
1038 1845 1243 1909 (iuscoeibtemest
1259 1848 1373 1910 Ductor.)

286 1924 328 1972 tus
347 1933 439 1979 sum.»
456 1920 499 1968 vix
511 1919 607 1970 abesse
620 1921 704 1984 possit
715 1934 809 1986 praep.
851 1949 879 1957 -
897 1921 930 1970 iit
950 1921 1012 1970 miti
1037 1923 1100 1983 cet]
1126 1922 1173 1971 «ut
1197 1922 1263 1973 mihi
1289 1923 1374 1987 (meae

284 1997 312 2044 io
330 1993 371 2044 vel
389 1995 466 2051 intem
485 1995 526 2044 sin
538 1993 715 2058 explicemus,
735 1998 765 2045 ut
776 1995 811 2045 ia·
848 1993 976 2044 voluntati
1002 1997 1029 2045 et
1054 1995 1231 2058 constantiae)
1258 2009 1302 2048 res
1328 2011 1375 2047 ex-

286 2070 322 2118 cit
338 2068 418 2118 huius
434 2067 495 2117 tect.
509 2066 596 2117 fautor
612 2067 758 2130 obbertus,
778 2082 810 2120 ex
848 2072 939 2120 ternas
964 2068 1140 2133 subiungere,
1168 2065 1375 2138 ὑποζευγνύναι

287 2144 319 2192 iis
337 2155 406 2205 quae
432 2141 509 2191 atiert
525 2141 667 2206 exemptis:
696 2145 808 2206 «iactor,
850 2142 937 2207 (gloss.
957 2146 999 2194 est
1022 2145 1171 2209 eremitteret
1198 2159 1295 2207 conor,
1322 2160 1375 2197 non

285 2217 371 2279 agitor
387 2215 469 2266 rebus
488 2215 637 2278 civilibus»
655 2217 720 2278 hoc,
739 2219 811 2281 quod
848 2231 892 2268 me
915 2218 998 2270 rebus
1019 2219 1167 2283 subiuugo;
1195 2222 1221 2272 in
1243 2235 1276 2270 eo
1298 2222 1375 2284 igitur

285 2290 370 2351 inviti,
389 2289 486 2340 morbo
503 2289 545 2340 vei
563 2295 753 2343 amorecoacti
775 2293 811 2343 ta·
849 2291 972 2356 elaboro,
999 2297 1029 2344 ut
1053 2308 1140 2358 aequo
1167 2297 1257 2346 animo
1280 2309 1376 2348 omnes

286 2365 387 2426 cimus,
414 2369 443 2414 ut
466 2379 594 2416 versemur
618 2366 693 2426 tecto,
720 2365 809 2430 estet,
849 2366 1375 2422 fortunaevicissitudinessustineamiis·

285 2445 353 2501 toro,
372 2439 431 2490 orbe
446 2445 531 2501 rotae,
555 2440 812 2504 contradicitvoca-
849 2453 901 2503 que
919 2443 1041 2504 superior
1057 2445 1121 2505 sim,
1141 2443 1205 2494 dum
1223 2444 1306 2506 laeto,
1325 2445 1374 2496 sed

285 2513 348 2564 bulo
360 2515 447 2580 apitii,
467 2515 539 2579 quod
551 2515 664 2567 volentis
676 2518 718 2567 est
730 2518 809 2580 utque
849 2513 988 2564 moderato
999 2517 1069 2567 vitae
1088 2531 1138 2568 usu
1150 2521 1306 2569 contentum
1319 2518 1376 2570 noi-

286 2603 318 2639 ex
342 2591 400 2640 eius
422 2589 552 2640 arbitratu
575 2590 683 2654 pendet.
705 2619 731 2629 -
754 2593 811 2641 Vir·
848 2586 889 2638 tae
901 2587 1090 2642 sollicitudines
1101 2597 1213 2656 ungunt,
1231 2593 1318 2645 nuliae
1330 2609 1376 2645 cu·

284 2665 344 2714 totis
358 2664 442 2729 cerae]
460 2666 490 2714 ut
507 2678 578 2714 nunc
591 2665 693 2727 dicunt,
712 2667 809 2727 idacio,
848 2662 1375 2731 piditatestransrersumaguntvexant-

287 2738 394 2802 quatem
420 2740 500 2790 Stoici
529 2739 714 2802 intormcrant,
741 2755 810 2805 quae
848 2750 929 2800 que.»
958 2740 1043 2803 Prope
1065 2740 1145 2792 nimis
1166 2743 1308 2794 artificiose
1331 2742 1374 2794 atii

284 2817 395 2879 propter
411 2828 441 2866 se
460 2812 603 2865 coleretur.
620 2840 646 2851 -
660 2821 811 2866 cristes-sa·
848 2813 1041 2877 posterioribus
1053 2828 1096 2863 vv.
1109 2829 1160 2865 noo
1175 2829 1214 2866 me
1224 2817 1299 2868 rebus
1309 2818 1374 2868 Stoi-

284 2888 358 2952 tettes]
376 2890 508 2952 Imagines
530 2891 592 2940 suut
617 2889 776 2956 desumptae
794 2903 810 2940 a
848 2899 942 2936 corum
954 2886 1103 2938 doctrinam
1117 2889 1258 2952 significari
1269 2894 1372 2957 putant,

283 2965 375 3014 virtute
392 2967 530 3028 tamqnam
552 2965 656 3027 regino,
684 2967 713 3014 ut
734 2965 810 3028 quasi
849 2961 1007 3025 aquiritur,
1027 2963 1053 3012 id
1066 2964 1138 3024 est,»
1156 2967 1186 3015 ut
1197 2965 1282 3027 aiunt,
1302 2967 1374 3016 «uni-

285 3037 319 3089 de
332 3038 382 3088 deo
394 3038 460 3103 Epp.
473 3040 503 3101 Ξ,
522 3041 553 3100 2,
572 3040 634 3090 230:
657 3039 811 3089 Virtutisoe-
847 3049 942 3086 versae
961 3038 1071 3087 naturae
1088 3051 1149 3088 sese
1173 3038 1372 3092 submiserint·

285 3114 357 3164 ditui.
388 3114 442 3164 Cic.
456 3114 530 3164 oruc.
544 3113 574 3174 3,
593 3114 621 3175 6,
640 3114 685 3164 28:
711 3114 810 3163 Iustitia
848 3110 966 3161 Trahunt
982 3114 1073 3162 antem
1091 3113 1143 3162 huc
1161 3115 1252 3164 notam
1270 3113 1373 3165 illorum

283 3203 337 3240 rere
352 3189 434 3239 virtus
444 3190 555 3239 omnium
569 3194 604 3240 est
621 3189 723 3239 domiuo
734 3193 758 3238 et
767 3203 811 3261 re-
848 3183 1007 3237 formulam:
1042 3185 1110 3236 Κατ’
1137 3185 1286 3259 ἐμπειρίαν
1317 3187 1374 3239 τῶν

283 3265 346 3329 pino
369 3265 499 3314 uirtutum.
540 3264 587 3314 Est
611 3266 689 3328 igitur
712 3259 810 3327 φύλαξ
847 3256 922 3310 κατὰ
938 3255 992 3325 τὴν
1009 3255 1081 3327 ὃλην
1098 3257 1188 3324 φύσιν
1199 3260 1375 3328 συμβαινόν-

284 3339 334 3390 καὶ
350 3333 523 3410 δορυφόρος.
539 3367 566 3376 -
579 3340 686 3403 rigidus]
698 3340 753 3389 Liv.
767 3338 808 3400 39,
847 3349 904 3384 των
916 3332 976 3405 ζῇν,
990 3327 1061 3406 ὅπερ
1073 3334 1244 3402 temerarias
1252 3336 1291 3406 τῷ
1305 3333 1375 3404 ὁμο-

285 3414 331 3466 to:
349 3415 385 3465 Μ.
398 3413 500 3464 Porcius
512 3413 810 3477 Coto--ripidoeinoo-
848 3407 1031 3475 λογουμένως
1047 3408 1082 3483 τῇ
1101 3409 1190 3473 φύσει
1205 3409 1264 3482 ζῇν.
1295 3414 1374 3475 (Post-

284 3490 388 3540 ceotiue.
407 3491 509 3538 Seneca
518 3487 552 3537 ad
563 3486 688 3538 Heluii:
712 3489 810 3538 Stoico-
848 3485 911 3535 don.
926 3485 969 3536 ed.
982 3486 1053 3536 Bake
1070 3499 1097 3550 p.
1114 3487 1182 3550 223.)
1211 3489 1311 3538 Verum
1328 3488 1375 3539 ad-

284 3579 343 3630 sum
359 3564 445 3627 rigido
461 3562 726 3625 moiritissopieotio.
758 3564 810 3612 Lu·
849 3559 960 3610 modum
985 3560 1100 3611 obscure
1128 3563 1167 3613 sic
1197 3564 1374 3627 expressisset

286 3653 344 3690 cau.
357 3641 387 3701 2,
406 3638 467 3689 389:
489 3638 603 3688 Iustitiae
618 3638 714 3700 codor,
733 3637 811 3701 ripidi
848 3633 913 3686 illud
929 3633 1064 3686 secundom
1078 3641 1212 3699 moram,
1231 3639 1376 3688 conveniet·

285 3719 399 3765 secutor
414 3713 517 3762 bonesti.
849 3715 887 3760 ter
906 3714 1018 3760 naturae
1041 3712 1136 3772 vivere,
1163 3711 1236 3776 quod
1259 3713 1314 3764 Cic.
1339 3711 1374 3761 de

320 3788 414 3838 tate
443 3787 572 3851 Aristippi]
599 3787 652 3836 Cic.
675 3785 756 3836 Acad.
778 3787 809 3848 2,
850 3785 922 3836 Finn.
940 3784 969 3848 3,
994 3786 1039 3847 22,
1064 3785 1105 3836 73.
1128 3786 1154 3837 in
1176 3800 1209 3837 eo
1233 3788 1322 3852 ponit,
1347 3789 1376 3836 ut

287 3861 334 3923 ts,
354 3861 413 3912 rat:
432 3861 481 3912 Atti
496 3861 650 3922 uoluptatem
664 3861 740 3924 poem
753 3859 812 3924 (bo-
848 3861 980 3911 conversiot
997 3865 1094 3910 notura
1114 3861 1221 3911 bominis
1236 3875 1294 3912 man
1315 3863 1375 3912 oei-

288 3937 391 3999 norum)
404 3949 454 3987 esse
462 3936 608 3996 octmmot,
621 3947 729 3996 quorum
736 3935 812 3997 prin·
848 3947 934 3994 ocrso3
953 3947 1005 3986 nec
1016 3934 1092 3988 etiter
1102 3935 1222 4000 proiecto
1234 3935 1318 3986 tector
1329 3947 1376 4000 po·

286 4025 343 4074 ceps
364 4011 519 4073 Aristippus,
545 4009 588 4071 qut
610 4009 741 4059 Socraten
763 4022 812 4059 au-
849 4012 919 4060 terat
935 4011 1059 4076 accipere
1070 4024 1164 4074 quam:
1183 4003 1219 4063 ori
1230 4007 1276 4061 det·
1284 4023 1376 4080 προσ-

288 4087 381 4146 dierat,
399 4087 464 4135 unm
481 4085 621 4147 Cyrenaici.
657 4084 711 4134 Cic.
733 4085 810 4135 Tusc.
850 4082 946 4149 θήκην
963 4077 1053 4135 αὑτὸν
1069 4082 1126 4136 τῶν
1137 4081 1222 4148 ἐκτὸς
1233 4084 1374 4151 γίνεσθαι,

288 4163 319 4221 2,
338 4160 368 4220 6,
389 4161 434 4210 re:
452 4161 596 4211 Socraticis
612 4158 813 4223 Aristipprssoou
850 4153 909 4210 ἀλλ’
944 4156 1041 4212 ἐκεῖνα
1072 4153 1150 4226 αὐτῷ
1185 4159 1373 4231 προσθεῖναι·

289 4236 410 4286 dictitavit
435 4249 559 4287 summum
583 4236 679 4286 mutim
703 4235 813 4285 dolorm
851 4247 920 4298 quae
945 4235 1002 4298 ipse
1028 4238 1086 4286 erat
1109 4236 1261 4286 stoicorum
1284 4231 1375 4298 regula

289 4313 376 4362 eicere.
398 4311 435 4360 Ci.
450 4313 542 4368 Sati,
562 4311 591 4370 3,
615 4311 660 4359 too
672 4323 731 4373 sqq.
746 4309 810 4374 Epp.
852 4309 962 4369 (arrian.
983 4310 1066 4373 Epiri.
1090 4311 1116 4366 t.
1141 4308 1164 4360 t.
1188 4323 1214 4374 p.
1236 4309 1297 4372 iti),
1326 4307 1375 4360 scri
