3156 4972
293 445 357 512 308
676 445 805 498 nouerit
822 443 1004 498 statuendis

335 604 498 682 Audieris,
521 601 634 670 heres:
658 602 743 689 Ergo
765 622 850 669 nunc
871 603 973 668 Dama
994 594 1115 668 sodalis

334 728 499 812 Nusquam
521 723 594 791 est?
617 721 707 791 Unde
728 722 806 788 mihi
829 732 893 789 tam
908 722 1022 790 lortem
1038 734 1168 810 mmque
1183 719 1336 789 fidelem?

336 849 460 935 Sparge
483 843 621 912 subinde
644 852 690 921 et,
715 844 742 911 si
764 842 895 932 paulum
918 855 1024 932 potes,
1048 843 1256 924 illacrimare;
1286 855 1335 909 est

336 967 459 1036 Gaudia
480 967 670 1055 prodentem
696 963 816 1031 voltum
838 964 955 1032 celare.
1000 963 1192 1052 Sepulcrum

332 1089 529 1158 Permissum
552 1086 683 1154 arbitrio
706 1087 776 1153 sine
798 1085 949 1153 sordibus
972 1097 1118 1166 exstrue;
1141 1086 1236 1153 funus
1313 1085 1377 1152 405

356 1269 413 1318 toi.
439 1267 538 1328 Dama]
564 1266 647 1316 claron
663 1265 690 1315 b.
713 1291 739 1301 -
760 1265 815 1316 403.
836 1263 892 1316 tot.
910 1271 945 1315 est
961 1278 976 1314 a
994 1278 1049 1316 sec.
1068 1277 1103 1315 m.
1130 1264 1248 1316 deletum
1270 1267 1298 1317 et
1315 1279 1341 1316 v.

322 1341 405 1393 celare
421 1353 555 1404 superscr.
574 1341 653 1389 celato
669 1340 696 1400 S,
715 1343 738 1390 et
754 1341 800 1388 sic
813 1341 930 1403 paullum
945 1346 1016 1403 potes
1032 1341 1195 1391 intumescas
1215 1341 1340 1404 lintinitiv.

323 1417 433 1479 ccliv.]‚·
449 1420 476 1465 et
501 1416 602 1466 Gaudio
624 1417 769 1477 prodentem
789 1417 883 1465 voltum
907 1414 1017 1465 Bentleii
1034 1415 1166 1478 suspicio,
1194 1416 1236 1464 cul
1253 1418 1344 1466 tumen

322 1491 391 1540 hanc
408 1489 542 1554 praeteri:
561 1495 584 1540 et
599 1491 643 1539 sic
655 1490 771 1552 peullam
783 1495 854 1552 potas
869 1490 1033 1540 inlacrimare
1049 1495 1076 1541 at
1094 1491 1195 1541 Gaudia
1207 1492 1343 1553 pruden-

288 1638 467 1702 comproboto:
491 1638 586 1689 Titium
603 1638 734 1688 heredem
751 1651 812 1689 esse
849 1639 921 1702 neoc
936 1637 981 1689 urb
1003 1651 1112 1701 persono
1131 1641 1199 1689 risio
1220 1644 1263 1690 est.
1285 1667 1312 1678 -
1330 1641 1374 1705 est]

287 1712 357 1764 volo.
393 1714 442 1764 Sed
463 1719 486 1764 et
508 1713 600 1762 idaco
619 1714 745 1775 plerisque
763 1714 813 1762 im·
850 1707 956 1772 αέστιν,
983 1707 1040 1774 ἔνι,
1066 1707 1174 1777 ἔξεστι,
1200 1712 1287 1764 licet·
1333 1715 1373 1765 Cl.

284 1788 408 1851 probatae
429 1792 499 1837 urat:
528 1787 662 1838 Heredem
690 1787 810 1848 instituo,
849 1787 932 1852 Epod.
947 1789 992 1849 44,
1011 1789 1052 1838 et.
1072 1789 1167 1850 Soti,
1186 1789 1215 1850 2,
1235 1789 1292 1839 tot.
1312 1790 1374 1840 «Fo-

285 1863 344 1912 ttem
361 1861 495 1913 Heredem
521 1861 615 1912 lacto.»
644 1862 687 1912 Sic
707 1861 734 1911 in
758 1862 812 1911 Dc·
849 1860 897 1911 cile
911 1864 952 1912 est
969 1875 1019 1912 nec
1034 1861 1143 1913 multam
1155 1866 1240 1912 artem
1252 1863 1373 1927 requirit,

286 1937 364 1987 sumit
392 1940 553 1988 testamento
581 1935 653 2000 apud
679 1935 810 1988 cardinali
848 1938 911 1985 tunc
928 1937 1030 2000 ipsum,
1049 1949 1111 1986 cnm
1129 1937 1260 1996 inihiest,
1279 1935 1375 1987 utvol-

285 2011 397 2072 Diptomi
412 2012 521 2061 mutuas·
536 2024 563 2075 p.
577 2011 645 2061 ult:
670 2010 811 2059 Amicassi
848 2011 890 2060 tus
907 2011 1033 2072 gaudium
1056 2012 1164 2075 prodat,
1190 2023 1284 2062 verum
1307 2011 1374 2062 ede-

284 2099 309 2136 re
326 2099 416 2136 nomen
431 2098 514 2136 meum
530 2085 643 2135 laturam
656 2085 810 2146 protulerit,
848 2085 921 2133 ctum
940 2083 1054 2134 celare.»

284 2169 399 2208 meorum
414 2158 576 2222 fortuitorum
593 2171 627 2208 ac
642 2157 719 2208 uncto
741 2159 811 2207 ireres
845 2149 849 2157 '
880 2158 1001 2208 toetto.
1025 2159 1140 2224 arbitrio]
1163 2159 1301 2224 inscriptio
1318 2161 1373 2210 Nc-

284 2236 347 2282 csto
358 2233 538 2292 ammonete
549 2231 633 2282 didus
644 2236 741 2281 centum
750 2245 811 2293 pro·
847 2231 906 2282 lnnn
916 2231 986 2296 apud
998 2233 1161 2284 ilorcelllum
1170 2234 1236 2297 Opp.
1246 2235 1264 2284 l.
1274 2247 1301 2298 p.
1310 2233 1370 2284 att:

283 2305 361 2355 mimis
378 2305 466 2368 quibas
481 2306 564 2354 scierit
585 2305 748 2368 poteritque.)
777 2309 810 2355 nt
847 2305 873 2355 C.
887 2306 1012 2357 Grarrrro.
1032 2309 1302 2358 L.F.rnr11n1.nrrr.
1319 2307 1371 2356 Ar-

284 2378 397 2429 lormuln
409 2380 472 2430 iuris
485 2381 575 2428 contre
586 2379 748 2443 optimorum
761 2379 811 2429 Co-
847 2391 927 2431 orsrr.
937 2405 948 2417 ·
957 2393 1118 2432 -aunrrrmrr¹
1147 2381 1295 2432 Hrrcrrrnr.
1319 2394 1368 2432 un.

284 2453 375 2504 dicum
391 2454 577 2504 auctoritatem
600 2454 695 2517 potitae
716 2451 810 2502 obtru-
849 2479 876 2490 -
898 2455 951 2505 eine
967 2455 1089 2518 sordibus]
1112 2457 1196 2506 immo
1219 2454 1370 2519 eleganter,

284 2527 372 2578 dende
385 2527 567 2588 nonvidetur,
587 2527 666 2590 quisi
679 2527 809 2590 integram
847 2540 879 2577 ex
904 2541 1053 2591 marmore,
1080 2542 1142 2581 cum
1167 2527 1322 2593 anaglyphis
1345 2531 1373 2580 et

283 2600 425 2652 turmulam
442 2601 543 2652 reterre
561 2599 703 2662 voluisset,
728 2601 809 2652 etiam
846 2601 992 2653 honorifico
1018 2602 1101 2655 titulo.
1123 2631 1150 2640 -
1174 2603 1270 2668 lcudd]
1297 2604 1369 2654 «Nic.

283 2689 333 2740 pro
350 2680 458 2738 comtos
470 2676 555 2738 portis
571 2675 681 2725 dixisset
696 2688 730 2724 ec
743 2689 809 2737 puo-
846 2676 969 2728 Heinsius
982 2679 1007 2728 in
1019 2679 1138 2741 margine
1150 2679 1191 2728 sui
1202 2677 1275 2739 libri,
1293 2679 1368 2742 depe,

282 2751 372 2800 mccc
396 2750 515 2812 (Sueten.
538 2750 614 2800 Caes.
633 2749 687 2811 83.)
711 2748 754 2799 vel
777 2763 809 2799 σω
846 2751 896 2812 nit,
920 2751 1029 2802 laudent.
1068 2753 1170 2816 Nempe
1194 2753 1255 2815 quie
1277 2751 1371 2802 viciata

282 2824 402 2874 umato.
417 2825 480 2888 (Cic.
491 2822 526 2872 nd
537 2825 589 2874 Ait.
600 2824 624 2884 4,
637 2823 663 2883 4,
676 2821 710 2886 3.)
721 2832 748 2860 '-
758 2824 809 2874 da-
846 2827 888 2876 cst
907 2839 1006 2876 nomeu
1028 2824 1210 2888 collectivum,
1237 2827 1298 2877 ideo
1319 2839 1370 2876 nu-

282 2898 367 2963 dierts]
384 2897 442 2949 uvel
456 2897 571 2962 ipsaalta
583 2911 650 2949 voce
662 2895 754 2961 legens
763 2897 806 2949 rel
845 2911 921 2949 mero
933 2899 1057 2964 singulari
1075 2899 1190 2952 verbum
1208 2901 1252 2952 hic
1268 2899 1369 2965 plurale

282 2975 443 3024 testamento
452 2986 503 3036 per
510 2973 809 3037 puerumnmenureci-
845 2973 968 3038 subiungi
985 2973 1075 3027 voluit.
1111 2977 1145 3026 At
1165 2977 1263 3027 Noster
1278 2976 1369 3038 singu·

281 3047 496 3110 tutos-Domo]
509 3047 552 3098 Gi.
560 3047 629 3098 v.t8.
640 3075 667 3084 -
676 3049 809 3111 Necessum
844 3045 929 3098 larem
941 3061 1084 3100 numerum
1096 3047 1233 3114 praetulit,
1250 3051 1305 3100 tem
1315 3048 1367 3110 hic,

281 3121 324 3186 est]
338 3115 432 3173 οὐκέτ’
444 3115 533 3172 ἔστιν.
551 3121 711 3173 iisndl'urs.
726 3123 767 3171 iv.
778 3135 804 3186 p.
844 3133 926 3184 qnam
943 3121 1013 3172 alibi.
1049 3123 1115 3187 Epp.
1130 3124 1159 3184 4,
1177 3124 1222 3184 tr,
1242 3123 1288 3174 62:
1306 3124 1370 3173 vict-

280 3195 338 3247 3444.
354 3223 382 3232 -
398 3197 464 3247 Unde
480 3196 541 3247 miii
557 3201 610 3246 tom
625 3194 723 3259 [orm]
742 3209 807 3260 spe·
843 3196 889 3246 alo
910 3210 992 3247 rocca
1013 3198 1143 3247 reclamat.
1183 3197 1248 3260 Epp.
1268 3196 1295 3258 4,
1320 3197 1367 3258 lt,

280 3273 348 3330 um.
372 3269 511 3334 parabol»
545 3271 599 3320 Sat.
623 3271 652 3332 4,
679 3271 707 3330 4,
737 3269 804 3319 ild:
844 3270 889 3322 il:
914 3271 1043 3321 Sedoidat
1063 3271 1370 3321 luncomoisdomurct

282 3345 349 3394 Unde
364 3344 426 3393 mut
442 3341 568 3406 lapidem?
587 3371 614 3380 -
632 3343 733 3408 Sporpe
746 3343 807 3393 444-
842 3345 936 3394 vicinio
961 3349 1039 3395 toto.»
1068 3347 1159 3396 Bnnrn.
1181 3372 1208 3381 —
1231 3345 1259 3394 Si
1284 3346 1340 3406 puts
1354 3370 1370 3381 ·

279 3417 345 3481 iude]
358 3417 539 3480 «Frequenter
550 3416 656 3466 dicito.»
674 3417 736 3468 Acn.
758 3421 808 3468 Ao·
843 3419 988 3469 coleman
1006 3419 1069 3483 cet]
1087 3418 1211 3470 Nondum
1229 3419 1300 3469 enlm
1312 3419 1369 3483 prl-

280 3491 397 3543 curatius
431 3490 559 3555 explices:
598 3493 713 3555 «passim
747 3493 807 3542 inii·
844 3505 888 3542 mn
914 3491 956 3542 illa
982 3493 1130 3544 hereditate
1156 3491 1267 3544 lellciter
1292 3495 1369 3558 capta

280 3567 345 3628 cito,
364 3565 442 3630 quasi
465 3566 586 3616 sincerus
608 3564 684 3615 dolor
707 3569 733 3615 te
754 3566 807 3616 hoc
844 3563 947 3630 expleta
965 3568 1008 3616 est
1028 3566 1202 3631 heredipetae
1223 3565 1367 3631 cupiditas,

279 3642 368 3692 iacere
385 3639 502 3690 iubente
518 3667 545 3675 -
558 3639 726 3704 tuocramre]
738 3641 806 3691 Sane
843 3639 893 3690 sed
910 3637 974 3690 elias
990 3653 1084 3691 rursus
1102 3641 1191 3692 stetim
1211 3643 1368 3706 aucupatur.

280 3718 322 3767 est
339 3714 549 3780 imperativusv.
563 3711 734 3776 deponentis,
753 3728 806 3778 qua
846 3741 873 3750 -
892 3716 924 3764 sit
947 3715 1066 3780 Emptor]
1094 3728 1147 3765 «ex
1173 3718 1268 3779 quarta
1293 3717 1369 3779 parte

279 3789 365 3840 torma
383 3801 448 3840 usus
465 3791 507 3840 est
521 3789 602 3839 etiam
613 3788 669 3838 Cic.
684 3787 717 3837 de
729 3789 760 3838 N.
774 3789 805 3840 ii.
843 3787 891 3839 tibi
917 3788 1002 3852 legate
1020 3789 1042 3840 si
1065 3789 1131 3854 quid
1153 3802 1245 3840 emere
1263 3790 1368 3854 cupiat,

280 3865 308 3924 3,
327 3864 372 3926 33,
391 3865 432 3914 82.
464 3865 513 3924 Qui
535 3876 584 3927 pro
606 3862 734 3912 infinitivo
752 3862 807 3913 ior·
843 3861 958 3914 libenter
974 3866 1001 3913 te
1015 3865 1038 3913 ei
1055 3863 1247 3914 donaturum.-
1259 3877 1372 3914 -Μ-

280 3951 341 3989 mae
363 3940 465 3990 activae
487 3937 601 3997 hebent,
628 3937 804 4000 distinguunt:
842 3949 884 3986 mo
900 3937 1027 4002 addicere]
1047 3937 1188 3989 edonare·
1217 3938 1370 3990 Recordare

280 4017 317 4075 ct,
336 4014 478 4075 sipoutam
490 4019 561 4076 potes
579 4012 747 4073 summram,
772 4015 807 4061 est
843 4011 886 4062 hic
904 4011 1046 4076 emptionis
1067 4023 1215 4071 summam,
1239 4025 1292 4076 qna
1309 4017 1371 4064 ute-

280 4087 382 4137 ttoudio
393 4089 444 4136 cet.
458 4088 509 4137 hoc
524 4099 619 4138 sensu:
639 4086 680 4135 «Si
697 4084 806 4150 punlum
842 4086 942 4136 bantur
958 4099 1050 4136 coram
1073 4085 1202 4148 testtbus,
1228 4085 1275 4136 ubi
1300 4087 1371 4138 inter

280 4163 357 4226 potes
369 4158 521 4223 lacrimare,
533 4161 634 4225 poteris
642 4158 806 4210 lacrimando
841 4161 917 4210 vivos
934 4157 1033 4224 aliquid
1045 4159 1194 4220 donabunt,
1213 4163 1370 4224 quominus

280 4233 538 4298 gaudomellae..
577 4233 616 4285 Cl.
636 4232 720 4284 Publii
743 4246 806 4283 ver·
843 4246 875 4283 ee
901 4247 933 4283 ex
963 4233 1106 4284 donatione
1136 4232 1197 4284 lites
1225 4235 1368 4284 orirentur.

280 4320 400 4372 aumep.
422 4305 486 4358 Geli.
508 4309 552 4368 44,
576 4307 621 4368 44,
645 4307 675 4359 i:
704 4307 806 4360 iimdts
843 4309 898 4359 Cic.
912 4321 961 4372 pro
978 4307 1042 4358 itnb.
1056 4309 1127 4360 Post.
1142 4308 1186 4370 44,
1205 4307 1250 4360 ili:
1274 4307 1370 4370 soem
