3116 4968
587 442 647 494 Lm.
665 443 685 494 i.
721 443 789 494 ssi.
808 442 839 494 X.
1197 436 1259 504 1187

175 605 276 656 while
290 613 416 653 rodiam
432 600 530 665 eriphio
544 605 621 664 aiqtis
632 611 782 667 mpraasu,
801 599 892 650 zittav.
913 597 987 652 4819.
1018 598 1099 662 (lehn.
1117 598 1218 649 loirii.
1237 599 1257 662 s.

172 687 256 738 Philet.
275 685 333 737 Vol.
353 685 394 736 58.
415 698 441 749 p.
461 681 529 746 ili.)

236 770 261 833 l)
279 770 384 821 Primus
401 768 436 819 de
452 767 537 818 Ennio
554 765 581 816 h.
600 765 617 816 l.
638 764 765 817 intellexit
786 767 866 817 lanus
883 765 973 816 Densa
990 766 1018 815 in
1034 763 1259 817 commentariolo

172 866 198 919 p.
217 853 275 905 coi.
294 852 343 903 Ed.
363 851 444 914 crnq.
465 850 529 901 ⁴597
539 863 545 898 :
577 850 670 911 elisio,
695 849 789 912 inerit,
813 850 939 914 inquam,
963 847 1078 900 Lucilius
1095 848 1214 901 urbanus
1232 850 1260 900 et

170 938 269 996 cemis;
296 935 394 986 demus
419 933 499 984 etiam
525 931 700 994 limatiorem,
726 933 752 983 id
779 933 833 995 esi,
860 932 1001 984 tersiorem
1025 933 1105 996 nique
1129 932 1259 984 emendu-

171 1021 267 1071 tiorem
289 1017 384 1080 fuisse,
411 1029 493 1081 quam
515 1016 630 1067 Ennium
653 1017 790 1078 nostrum,
817 1016 935 1080 primum
959 1014 1031 1068 illum
1055 1015 1129 1066 rudis
1158 1017 1259 1067 satirae

170 1105 352 1163 inventorem,
378 1100 525 1151 autetiam
548 1101 670 1150 secutam
692 1100 842 1162 seniorum,
864 1100 916 1151 hec
932 1099 987 1159 est,
1014 1098 1193 1162 antiquiorum
1210 1100 1260 1150 Lu-

171 1185 229 1238 cilio
247 1187 390 1251 poetarum
412 1182 535 1243 turbam,
561 1180 625 1233 nihil
643 1183 732 1232 tamen
750 1182 785 1233 ad
804 1181 977 1244 munditiem,
1004 1181 1106 1233 cultum
1124 1185 1171 1232 aui
1193 1180 1260 1247 peli-

170 1274 258 1321 inram
275 1267 359 1320 seculi
376 1267 486 1317 nostri.»
520 1267 577 1316 lam
593 1266 712 1316 Deusam
728 1264 854 1330 permulti
870 1265 955 1317 seculi
970 1268 1033 1318 suni
1045 1265 1101 1330 (cir.
1114 1265 1259 1316 Hermenni

169 1356 261 1417 Progr.
279 1365 307 1417 p.
326 1351 362 1414 7,)
380 1351 461 1414 atque
478 1349 609 1414 imprimis
626 1348 722 1412 dignus
734 1351 787 1408 ast,
806 1350 852 1412 qui
869 1348 984 1413 legatur,
1001 1349 1172 1400 weinharius
1183 1351 1256 1400 Pelii.

169 1440 224 1489 Lai.
243 1449 272 1502 p.
291 1435 340 1486 279
357 1447 417 1500 sqq.
436 1447 485 1499 pre
502 1434 555 1484 hac
577 1433 709 1484 sententia
733 1445 913 1498 propugnans.
948 1434 1049 1484 Verum
1072 1432 1126 1483 duo
1150 1432 1258 1497 potissi·

169 1533 245 1573 mum
263 1517 383 1570 obstant:
407 1517 538 1581 primum,
561 1515 635 1581 qued
652 1516 792 1567 manifesto
809 1518 960 1581 repugnani
975 1530 1001 1567 v.
1020 1515 1062 1568 is.
1081 1517 1209 1578 invenior,
1228 1515 1255 1566 h.

168 1603 186 1656 l.
204 1608 310 1662 accur,
336 1600 435 1665 quibus
453 1599 592 1651 vocabulis
609 1601 632 1651 si
650 1599 771 1650 diversos
788 1601 882 1664 poetas
893 1599 1041 1664 significare
1057 1599 1186 1651 voluisset
1202 1599 1258 1649 llo-

169 1688 268 1748 ratius,
285 1684 434 1735 admodum
450 1683 562 1734 contuse
579 1685 660 1747 atque
677 1681 793 1734 obscure
811 1681 914 1734 locutus
932 1685 1015 1742 essen
1044 1684 1144 1734 etenim
1161 1683 1257 1734 discri-

169 1782 247 1832 men,
266 1768 340 1832 quod
357 1765 474 1818 nonnulii
491 1767 561 1817 inter
576 1768 721 1830 uirumque
739 1768 856 1818 statuere
874 1767 961 1817 consil
980 1769 1043 1817 suni
1059 1766 1205 1830 (weicheri
1227 1779 1255 1831 p.

169 1852 247 1915 ilici,
273 1851 383 1902 omnine
406 1850 515 1916 probari
540 1851 640 1914 nequii.
674 1851 759 1902 liniue
776 1850 830 1911 est,
857 1849 930 1913 qued
953 1850 1037 1900 totum
1054 1861 1139 1913 genus
1155 1849 1256 1900 satirae

168 1935 319 1997 Ennianae,
344 1933 379 1985 de
395 1947 450 1998 quo
467 1934 572 1997 egregie
590 1933 734 1999 disputavit
756 1933 925 1984 hermannus
942 1945 968 1998 p.
987 1933 1015 1982 ii
1037 1945 1126 1997 seqq,
1144 1945 1255 1998 prorsus

169 2019 306 2070 diversum
324 2017 372 2069 luit
388 2031 403 2068 a
420 2015 510 2068 Lucilii
528 2018 635 2068 Satiris:
666 2029 741 2078 nam,
768 2018 797 2067 ui
818 2017 845 2066 ln
866 2016 918 2066 hoc
935 2014 1130 2077 subsistamus,
1156 2016 1256 2067 Ennius

168 2104 194 2153 in
210 2115 265 2154 una
283 2101 434 2166 eademque
452 2101 537 2151 Satira
553 2101 634 2152 variis
651 2101 757 2162 metris,
777 2101 804 2151 at
821 2099 933 2151 licenter
949 2099 1071 2164 quidem,
1093 2102 1122 2150 ut
1138 2099 1254 2162 videtur,

167 2199 231 2238 usus
243 2187 302 2246 esi;
320 2183 434 2236 Lucilius
450 2185 504 2235 iola
518 2185 637 2235 carmina
648 2185 694 2234 aut
710 2185 873 2236 hexametris
884 2186 931 2234 aui
947 2185 1081 2235 trochaeis
1094 2184 1253 2248 composuit,

169 2283 248 2335 porro
265 2268 309 2320 ille
327 2269 428 2331 vanas,
447 2267 680 2332 quemadmodum
696 2281 768 2319 nunc
784 2268 903 2319 divinare
920 2279 1077 2334 possumus,
1100 2268 1169 2318 vitae
1186 2279 1256 2332 quo-

168 2352 284 2404 tidianae
308 2353 426 2404 amianas
449 2353 567 2404 imitatus
588 2354 643 2413 esi,
670 2351 739 2403 adeo
755 2355 785 2402 ui
806 2351 1005 2403 similitudinem
1027 2349 1122 2402 saliem
1139 2349 1256 2415 aliquam

168 2435 281 2488 tortasse
302 2435 435 2487 haherent
455 2447 519 2486 cum
536 2433 693 2498 Θαλυσιοις
715 2437 795 2500 eique
810 2429 1044 2499 Ἀδωνιαζούσαις
1067 2435 1213 2495 Theocriti,
1239 2447 1255 2484 a

169 2520 294 2585 personis
311 2520 402 2570 autem
419 2520 565 2571 etiamtunc
581 2520 649 2571 vivis
667 2519 838 2571 traducendis
848 2519 972 2583 vitiisque
992 2519 1115 2570 humanis
1126 2517 1196 2570 salse
1208 2531 1257 2569 ex·-

167 2603 296 2668 egiiandis
307 2602 445 2666 abshnuit,
464 2604 510 2668 qui
527 2604 669 2668 primarius
681 2605 723 2654 esi
739 2599 889 2675 χαρακτὴρ
900 2603 1002 2654 satirae
1014 2601 1172 2654 Lucilianae.
1195 2603 1255 2667 (Pro

168 2688 250 2738 Ennio
275 2689 368 2738 contra
390 2687 420 2738 C.
439 2687 466 2738 F.
485 2688 669 2738 llermannum
693 2699 787 2738 rursus
813 2687 1016 2752 disputaverunt
1041 2688 1201 2738 Peiermann
1225 2687 1256 2737 de

166 2773 261 2823 rothae
276 2772 405 2822 dccwnac
421 2775 524 2822 auctore
540 2772 641 2835 circaque
657 2771 794 2835 inveniere,
816 2771 938 2827 Hirschb.
959 2769 1032 2822 isio.
1050 2770 1110 2820 Vid.
1129 2771 1203 2820 lahn.
1220 2771 1254 2822 N.

166 2855 251 2906 laici.
275 2856 295 2921 Ι.
319 2855 406 2906 Ριιιοι.
430 2852 488 2906 Vel.
512 2853 555 2906 iii.
578 2868 605 2919 p.
628 2853 677 2905 36⁰
698 2867 740 2918 sq.
763 2853 905 2906 Paldamus
928 2854 1073 2905 Horatium
1092 2866 1119 2917 p.
1139 2853 1171 2905 tl
1192 2866 1253 2918 sqq.

167 2939 224 2990 iisd.
237 2939 312 2990 lahn.
325 2939 358 2989 N.
371 2940 394 2988 J.
406 2939 427 3002 f.
439 2938 483 2988 Pi.
496 2937 554 2988 Vel.
567 2939 609 2989 ιιι.
622 2952 649 3003 p.
661 2939 711 2990 iii
722 2950 764 3003 sq.
795 2938 953 3002 Bernhardy
969 2937 1107 2990 ἃπιιιιιιι
1122 2939 1168 2988 der
1183 2939 1254 2989 lilim.

167 3023 224 3074 Liti.
244 3022 302 3086 (Ed.
322 3019 377 3085 ali.)
394 3034 421 3086 p.
440 3020 489 3074 497
506 3022 558 3085 sq.)

230 3106 255 3170 11)
275 3105 445 3156 «Concedam
462 3103 591 3156 Lucilium
608 3117 669 3157 esse
686 3103 846 3156 limatiorem
861 3105 945 3157 Ennio
962 3107 990 3156 ei
1006 3103 1063 3156 aliis
1079 3103 1255 3170 scriptoribus

168 3189 374 3254 antiquioribus;
401 3188 451 3240 sed
473 3189 585 3251 Ennius,
604 3189 627 3239 si
644 3191 735 3240 nostra
752 3190 839 3239 asiais
857 3189 972 3250 viveret,
991 3200 1058 3251 non,
1077 3190 1108 3238 ui
1123 3187 1253 3250 Lucilius,

168 3272 265 3336 multa,
284 3286 354 3337 quae
372 3271 487 3324 tollenda
505 3275 607 3336 esseni,
630 3269 809 3337 relinqueret,
832 3271 881 3324 sed
899 3272 1035 3324 detereret
1050 3274 1131 3337 atque
1148 3271 1255 3323 recide-

167 3359 220 3421 ret,
248 3369 314 3419 nec,
341 3357 411 3408 sicui
428 3354 554 3418 Lucilius,
580 3355 657 3407 hrevl
674 3357 802 3422 temporis
819 3357 905 3422 spatie
922 3355 1022 3408 multos
1038 3369 1134 3408 versus
1150 3357 1254 3408 temere

168 3439 333 3503 effunderet,
355 3440 405 3491 sed
421 3452 556 3492 summam
573 3453 668 3493 curam
684 3442 711 3492 ei
727 3439 888 3505 diligentiam
905 3441 932 3491 in
949 3441 1115 3507 expoliendis
1130 3440 1254 3493 versibus

167 3525 308 3588 poneret·
346 3525 469 3575 Dosmnc.
507 3523 560 3575 Sed
577 3537 709 3588 qucum,
728 3537 843 3589 quaeso,
861 3525 986 3578 instinctu
1008 3525 1097 3584 divan
1114 3513 1163 3589 pro
1180 3527 1254 3575 certo

168 3609 236 3659 scire
258 3609 365 3674 poterat
388 3608 527 3670 lloraiius,
553 3608 682 3670 Ennium,
709 3609 731 3659 si
747 3609 883 3662 Octaviani
908 3611 1029 3673 tempere
1046 3609 1166 3670 unisset,
1193 3621 1255 3658 cor·

168 3695 304 3744 recturum
329 3693 410 3744 luisse
432 3705 481 3743 sua
503 3692 579 3754 viiia,
612 3689 740 3743 Lucilium
763 3705 817 3744 non
841 3691 928 3744 iiemi
962 3694 1106 3744 Praeterea
1130 3691 1254 3745 Horatius

168 3779 240 3827 cerie
257 3789 311 3827 non
328 3774 445 3840 loquitur
456 3775 490 3827 de
505 3777 583 3828 Ennii
599 3775 758 3840 Annalibus,
776 3779 807 3827 ui
817 3775 873 3828 velt
888 3777 963 3829 idem
978 3778 1132 3840 interpres:
1151 3773 1255 3825 Graecia

169 3861 237 3913 enim
254 3862 380 3911 hascirim
395 3873 473 3924 peiere
488 3861 540 3912 hoc
557 3860 609 3912 dici
627 3873 681 3912 non
696 3862 812 3926 poterat,
834 3859 948 3914 camilli
966 3859 1099 3912 haherent
1115 3855 1254 3910 Choerilos

169 3945 196 3994 ei
210 3944 327 3995 lihlauos
344 3955 417 3996 suos.

231 4027 267 4091 6.]
286 4025 431 4080 ιιιιοίιιιιιιι
453 4026 537 4080 mulio
560 4028 772 4081 emendatiorem
795 4039 955 4094 essequam
978 4039 1053 4089 eum,
1080 4027 1126 4091 qui
1150 4027 1253 4092 primus

167 4110 271 4162 satirica
297 4111 408 4174 fuderit,
435 4112 565 4165 concedit.
609 4113 673 4174 Quis
697 4126 763 4165 vero
787 4115 890 4179 primus
915 4109 976 4164 talia
999 4112 1116 4163 carmina
1142 4111 1250 4172 lecerit,

167 4194 296 4260 ignorat.»
330 4197 459 4248 Discern.
