3082 4968
283 354 345 420 iti8
661 356 790 407 nonani
807 356 988 408 snnmnuu

325 523 409 608 Ergo
432 542 496 587 non
519 521 597 588 satis
619 513 669 587 ost
690 521 757 586 risu
780 519 935 587 diducere
956 523 1072 588 rictum

325 641 489 709 Auditoris
499 663 506 721 ;
517 680 560 691 —
572 652 604 709 et
619 652 669 710 est
684 640 847 730 quaedam
862 653 968 710 umen
984 642 1036 710 hic
1050 663 1183 730 quoque
1198 643 1315 723 virtns;
1328 683 1371 694 —

326 763 381 829 Est
402 763 559 830 brevitate
581 784 680 850 opus,
708 773 743 829 ut
764 773 873 829 currat
894 764 1052 830 sententia
1073 785 1138 832 neu
1161 785 1198 831 sc

326 884 484 972 Impediat
505 884 613 951 verbis
636 883 739 951 lassas
761 885 970 952 onerantibus
992 905 1104 964 aures3
1332 888 1372 952 t0

325 1007 363 1072 Et
385 1026 535 1074 sermone
558 1027 641 1094 opas
664 1017 714 1073 est
735 1007 834 1073 modo
856 1007 952 1082 tristi,
976 1027 1076 1094 saepe
1099 1007 1225 1084 iocoso,

327 1127 528 1195 Defendente
551 1128 656 1194 vicem
678 1127 777 1193 modo
799 1126 937 1194 rhetoris
959 1138 1057 1215 atque
1079 1136 1211 1215 poetae,

348 1329 372 1376 7.
392 1329 511 1377 dedumre
528 1327 573 1391 bp.
595 1356 622 1363 -
643 1329 682 1377 ll.
701 1329 766 1378 vices
783 1339 918 1392 superscr.
936 1339 963 1375 m
980 1327 1004 1374 S.

316 1477 388 1526 7-t5.
407 1475 524 1527 diducere
533 1476 626 1526 rictum
637 1477 699 1542 cet]
712 1476 808 1527 electe-
844 1475 1043 1540 fenderteeieem
1051 1475 1114 1540 cet]
1125 1477 1303 1542 «suscipiente
1312 1491 1374 1542 per-

283 1548 565 1601 remvelinvitumad
581 1542 752 1615 risumqaas'i
765 1565 808 1601 co·
846 1552 887 1600 tes
913 1549 1025 1600 oratoris
1051 1563 1084 1602 ac
1110 1553 1236 1615 poetam»
1262 1554 1374 1618 proprie

282 1638 359 1689 gere,
382 1626 406 1675 ei
418 1625 502 1676 risum
519 1626 658 1690 profusum
670 1638 807 1677 movere.»
846 1627 896 1686 ita,
920 1627 949 1676 ut
969 1622 1034 1676 aliae
1057 1626 1146 1676 minus
1163 1629 1241 1692 aptae
1258 1641 1375 1679 arcean-

282 1699 358 1764 Apul.
369 1699 403 1750 de
413 1700 661 1765 magiaeapaet.
671 1700 808 1751 Oud.:iie-
846 1701 897 1749 tar.
933 1698 1058 1751 Similiter
1082 1701 1112 1750 Α.
1136 1702 1163 1752 Ρ.
1187 1701 1249 1752 itt:
1275 1704 1376 1754 deteris

281 1775 373 1824 strictis
383 1775 448 1838 ferte
458 1775 480 1824 si
490 1773 585 1825 tabellis
594 1775 688 1826 riseris.
702 1772 806 1836 Quintil.
842 1778 929 1838 partes
951 1774 1040 1826 eborae
1056 1774 1214 1842 officiumque
1228 1777 1303 1828 uirile
1318 1779 1374 1829 De·

283 1851 313 1910 t,
333 1849 377 1910 tt,
396 1849 423 1898 9:
451 1849 639 1901 Observandum
655 1851 703 1900 erit
719 1852 807 1912 etiem,
844 1849 939 1912 [eadat.
961 1875 988 1885 -
1006 1847 1121 1914 rhetoris]
1143 1847 1247 1900 Ellendt
1263 1849 1298 1900 ad
1315 1851 1372 1902 Cic.

282 1938 365 1974 --ne
381 1925 456 1976 labra
472 1927 689 1989 distorqueamur,
711 1939 743 1976 ee
758 1927 808 1975 im-
846 1922 880 1973 da
906 1921 976 1973 Orat.
998 1922 1028 1982 2,
1056 1921 1080 1972 3.
1104 1936 1131 1986 p.
1151 1923 1212 1973 ⁴65:
1240 1925 1375 1976 «Fuerunt

281 1999 393 2048 modicos
412 2001 496 2050 bione
510 2002 604 2050 rictum
625 2001 756 2052 dmtmdat.
777 2025 805 2035 -
846 1998 891 2060 qui
908 1997 1032 2046 rictorem
1055 1995 1152 2060 (etiem)
1176 1999 1298 2049 Ciceroni
1322 2013 1374 2064 pro

281 2078 304 2122 et
321 2078 356 2122 est
370 2073 432 2137 cet]
445 2087 624 2140 «quamquam
636 2075 688 2125 hoc
699 2088 807 2140 qaoque
846 2077 961 2133 oratore,
979 2071 1130 2121 rhetoricen
1146 2085 1196 2136 pro
1209 2075 1322 2125 materie
1335 2074 1376 2124 di·

283 2160 336 2196 non
362 2147 502 2198 minimum
525 2149 623 2199 satirici
648 2151 743 2214 poetae
767 2151 809 2200 est
846 2148 919 2197 ctum
932 2145 1135 2206 arbitrarentur,
1154 2144 1228 2198 velut
1244 2147 1376 2200 Heindor-

283 2221 435 2270 meritum.»
471 2222 509 2272 De
528 2223 579 2272 hoc
595 2236 646 2273 usu
662 2223 809 2286 perdocet
846 2219 897 2270 iius
914 2219 977 2270 lecit
993 2218 1027 2269 ed
1041 2219 1104 2269 lior.
1118 2221 1203 2271 Serm.
1218 2222 1246 2283 t,
1266 2221 1311 2284 to,
1331 2223 1373 2274 te.

283 2300 366 2344 waren
383 2292 491 2345 consule
508 2297 596 2360 Reisig
607 2297 663 2348 bat.
675 2297 806 2359 Spraebw.
846 2293 946 2345 abusus
964 2296 991 2344 et
1007 2293 1130 2345 hocloco
1142 2295 1252 2345 etBruti
1265 2297 1311 2358 tt,
1330 2296 1372 2348 lb.

282 2383 309 2432 p.
329 2367 378 2420 ll8
395 2382 437 2432 sq.
459 2394 486 2406 ·-
503 2371 631 2438 brerritme]
649 2373 703 2423 Cic.
717 2371 751 2422 de
763 2373 806 2422 Or.
846 2369 919 2419 Flan.
932 2369 962 2431 2,
981 2368 1008 2430 6,
1029 2369 1080 2430 l‘i.‚
1093 2368 1191 2432 quibus
1204 2369 1266 2420 addi
1280 2371 1374 2435 utique

282 2445 314 2504 i,
334 2444 379 2505 80,
397 2444 458 2494 ted:
488 2447 809 2510 sibreeitasoppelteede
847 2443 1376 2509 poteratrt.1).e‚t‚t.»-erbem]ne

281 2522 331 2578 est,
344 2531 402 2568 eum
412 2519 515 2570 corbeon
524 2521 621 2571 aedium
630 2523 763 2572 redundet.
779 2548 806 2558 -
846 2517 936 2568 mitius
948 2518 1051 2568 Marsus
1063 2530 1105 2582 ap.
1123 2517 1228 2577 Quintil.
1239 2519 1264 2581 6,
1276 2519 1301 2578 3,
1316 2519 1372 2570 tob.

282 2592 379 2656 currat]
390 2592 487 2643 «multa
497 2607 559 2645 cum
570 2593 692 2645 iecilitate
700 2609 809 2660 progre-
847 2591 968 2654 Catonis,
987 2595 1016 2642 ut
1031 2592 1079 2654 ait,
1089 2593 1252 2656 opinionem
1263 2594 1376 2644 secutas

283 2666 371 2716 diatur
391 2681 480 2732 neque
498 2666 630 2720 claudicet
653 2683 720 2720 neve
743 2671 809 2721 insi·
846 2665 1025 2717 urbanitatem
1054 2668 1089 2716 ila
1118 2665 1227 2717 definit:
1260 2667 1376 2718 Urbanas

284 2741 362 2789 siat.»
391 2742 570 2805 Reprehendit
592 2743 681 2794 Lucilii
699 2745 809 2796 nimiam
846 2741 919 2791 bema
941 2741 1005 2804 erit,
1031 2743 1103 2792 metite
1122 2743 1204 2792 mutto
1225 2741 1284 2792 bene
1306 2743 1376 2792 dicte

283 2813 475 2867 verbositatem
499 2818 567 2880 (vide
592 2819 740 2870 Excursum
756 2819 808 2882 ll),
846 2829 1014 2879 responsaque
1030 2821 1115 2878 eriere,
1134 2821 1158 2866 et
1174 2817 1218 2877 eei
1234 2818 1261 2866 ie
1277 2829 1375 2867 emne-

284 2888 809 2959 irequentesaredigressiones.qulbus
847 2891 933 2952 nibus,
960 2891 1076 2952 circulis,
1103 2891 1236 2953 conuiciis,
1264 2891 1324 2941 item
1348 2893 1377 2942 te

283 2963 353 3014 vitiis
370 2964 581 3029 defatigabamur
604 2967 716 3020 lortesse
734 2969 809 3020 multi
847 2965 1011 3028 emrtioeibea,
1033 2965 1102 3016 enei
1118 2967 1223 3028 denique
1239 2965 1292 3016 leco
1308 2968 1377 3018 ridi-

284 3039 338 3088 iem
363 3040 499 3091 Horatiani
524 3043 652 3107 temporis
677 3042 808 3106 lectores,
847 3041 901 3091 rulo
917 3041 1091 3102 combibit&
1107 3041 1178 3091 65⁶0&
1200 3065 1227 3076 ··
1242 3043 1377 3102 liam&

285 3127 339 3164 non
355 3127 420 3165 vero
443 3114 533 3167 Lucilii
553 3116 688 3180 aequales.
712 3147 740 3156 -
761 3119 811 3169 lli-
846 3114 1011 3179 viridescet]
1024 3115 1187 3164 Diintzerus:
1207 3116 1375 3166 «Daeeoder

284 3187 403 3240 rabiliter
423 3193 514 3243 eutem
536 3191 660 3243 versibus
683 3193 709 3242 tt
731 3205 808 3256 seqq.
850 3189 899 3239 loe
911 3190 952 3238 der
962 3189 1070 3240 Reddere
1080 3189 1132 3238 uod
1143 3189 1257 3239 Dicbters
1268 3190 1374 3252 eimritt,

284 3264 369 3314 tetum
378 3265 478 3316 satirae
490 3264 661 3338 χαρακτῆρα
672 3266 808 3317 describit.
847 3265 914 3326 sript
934 3263 986 3313 siclt
1006 3263 1045 3313 die
1060 3263 1123 3314 volte
1144 3263 1220 3326 Kruft
1236 3265 1281 3314 der
1296 3267 1375 3326 trade·

284 3338 389 3389 Etenim
406 3339 588 3392 difficillimum
610 3342 662 3391 hoe
679 3354 763 3404 genus
783 3341 810 3390 id
848 3338 913 3388 diere
928 3350 995 3387 muer
1011 3337 1210 3388 mercedem
1225 3340 1377 3391 Μεμνο-

284 3413 408 3474 requirit,
436 3417 478 3474 ut,
506 3415 552 3478 qui
577 3417 603 3465 in
625 3427 657 3464 eo
675 3414 809 3475 elaborat,
848 3418 889 3462 ten
904 3413 957 3462 eed
971 3416 1033 3462 rtett
1053 3413 1137 3462 deren
1153 3413 1193 3462 die
1208 3413 1378 3477 peredbrrlicbe

284 3484 367 3536 modo
383 3488 474 3535 amtor
489 3501 601 3538 semeae
617 3489 694 3550 tristi,
713 3488 741 3537 id
758 3489 809 3548 est,
847 3487 894 3538 Art
914 3488 959 3537 der
979 3487 1062 3551 [einen
1083 3489 1315 3552 depenerent-aete
1334 3503 1378 3554 pe-

286 3560 809 3625 rgrari,serioetaddocendamapto».
847 3561 925 3611 wdbtt
948 3563 1074 3612 werden.»
1099 3589 1126 3598 -
1154 3563 1295 3612 liidirulsen
1319 3565 1378 3614 ceri

285 3633 371 3699 qualis
398 3635 523 3687 rhetorem
548 3636 708 3699 (oratorem)
736 3641 812 3700 utque
849 3636 911 3701 cet]
929 3637 998 3687 Scite
1021 3635 1152 3700 significat
1175 3649 1330 3688 sermonem
1348 3641 1377 3688 et

283 3712 386 3772 poetam
409 3710 505 3773 decet,
534 3712 649 3776 graviter
676 3711 810 3762 liberdum
849 3711 969 3762 iocosum
986 3713 1013 3762 et
1034 3710 1168 3762 urbanum
1191 3711 1217 3761 in
1243 3713 1297 3761 toto
1323 3711 1377 3763 hoc

285 3784 424 3836 hominum
461 3787 523 3837 vitia
560 3786 809 3851 reprehendentes,
849 3787 995 3836 Satirarum
1012 3785 1158 3850 genereed
1174 3785 1375 3851 permovendos

286 3858 367 3908 modo
392 3861 487 3923 iocoso,
518 3859 603 3924 qualis
629 3863 671 3911 est
696 3861 811 3913 hominis
848 3861 980 3913 lectorum
997 3860 1377 3926 animosplerumqueeiilce-

284 3933 391 3992 urbani,
416 3935 432 3983 i.
446 3948 470 3985 e.
485 3935 590 3996 «lereti,
610 3935 765 3999 elegantis»,
784 3939 812 3987 et
849 3938 951 3989 ciorem
968 3949 1029 3988 esse
1051 3949 1133 4000 quarn
1155 3934 1377 3987 declamatoriam

285 4005 374 4057 locum
399 4008 482 4060 habet
510 4011 640 4076 imprimis
665 4011 691 4060 in
716 4023 812 4060 narra·
849 4010 936 4072 illum,
955 4011 1059 4062 tristem
1075 4023 1109 4061 ac
1125 4013 1235 4062 serium.
1265 4011 1320 4061 Cic.
1339 4009 1374 4060 de

285 4081 408 4132 tiunculis
426 4084 546 4146 comicis,
566 4083 668 4135 labellis
680 4086 809 4150 demptis,
849 4087 892 4136 Or.
905 4087 934 4148 Ξ,
947 4086 991 4148 58,
1005 4085 1066 4136 236:
1084 4085 1232 4148 odiosaeque
1241 4098 1282 4135 ree
1292 4097 1375 4148 saepe,

286 4155 437 4221 dialogis-
455 4160 529 4209 orode
540 4187 554 4197 -
565 4173 672 4222 reepe-,
695 4161 768 4210 modo
779 4186 812 4198 ·-
849 4173 912 4222 ques
928 4163 1078 4224 urpunreete
1094 4160 1157 4210 ditrd
1173 4173 1224 4210 noe
1239 4159 1314 4223 [edile
1329 4165 1374 4220 est,

284 4233 420 4296 lebedum]
434 4233 507 4284 Coni.
519 4235 571 4285 Sat.
586 4235 613 4296 t,
633 4233 661 4296 9,
680 4235 704 4284 9.
721 4237 812 4287 -De-
848 4236 902 4284 ioco
918 4235 1021 4294 risitque
1037 4233 1147 4286 dissolvit
1160 4233 1275 4298 (orator).
1295 4233 1376 4294 Quin·
