3156 4972
260 411 323 475 300
640 413 768 482 uonirn
785 413 966 468 siruamus

302 569 418 635 Furius
441 566 592 633 hibernas
614 587 695 634 cana
717 568 790 634 nive
812 578 971 656 conspuet
992 569 1097 657 Alpes.

303 691 414 755 Nonne
428 687 521 754 vides
535 725 577 738 -
591 687 708 777 aliquis
730 690 839 756 cubito
862 699 997 758 stantem
1020 711 1122 778 prope
1144 700 1278 779 tangens

303 810 430 898 inquiet
446 847 503 887 -‚
528 821 563 875 nt
584 811 727 897 patiens,
752 821 787 876 ut
809 811 920 878 amicis
943 822 1051 899 aptus,
1074 821 1110 877 ut
1132 814 1231 886 aceri¹

303 931 415 998 Plures
438 929 602 998 adnabunt
623 931 734 1004 thunni
758 942 790 998 et
811 933 933 999 cetaria
955 945 1111 1000 crescent.

304 1024 344 1120 si'
360 1053 411 1120 cui
434 1061 604 1140 praeterea
625 1051 751 1119 validus
773 1053 856 1121 male
879 1051 963 1121 filins
986 1056 1018 1120 in
1041 1075 1076 1122 re
1305 1056 1345 1121 45

301 1174 471 1242 Praeclara
492 1173 636 1240 sublatus
659 1173 774 1251 aletur,
797 1195 839 1240 ne
862 1175 1065 1242 manifestum

303 1294 443 1363 Caelibis
465 1293 659 1382 obsequium
682 1295 782 1362 nudet
803 1307 849 1372 te,
874 1295 988 1364 leniter
1010 1298 1043 1366 in
1065 1319 1156 1386 spem

301 1416 430 1504 Adrepe
452 1415 633 1494 officiosus,
656 1427 691 1482 ut
713 1427 745 1483 et
766 1416 909 1484 scribere
932 1419 1096 1486 secundus

324 1595 365 1646 44.
384 1597 455 1658 murti
472 1596 502 1646 E.
527 1623 553 1632 -
572 1596 614 1647 48.
632 1597 670 1646 uti
686 1595 797 1647 sambore
813 1594 931 1646 malebat
949 1597 1125 1650 Heindorfius.

260 1747 326 1796 lium
344 1747 467 1812 suspicor
478 1745 533 1809 (cir.
547 1745 612 1812 Epp.
627 1747 654 1808 4,
672 1747 717 1807 ib,
734 1745 781 1797 ai:
823 1771 850 1781 -
869 1746 975 1810 cemma]
994 1746 1176 1811 «receptacula
1193 1761 1278 1813 prope
1290 1762 1345 1800 me·

256 1822 360 1883 paliaos
370 1821 490 1872 comebat
501 1823 593 1883 maed,
609 1821 785 1886 Viliselapni·
820 1820 857 1869 ris
875 1819 948 1880 litus,
968 1820 1013 1871 ubi
1031 1822 1124 1872 tbunni
1141 1835 1205 1873 vere
1224 1824 1341 1887 (Oppien.

258 1895 344 1961 uae.);
366 1909 461 1946 verum
479 1898 590 1960 propter
607 1896 678 1947 buno
694 1897 783 1961 ipsum
820 1892 836 1944 l.
857 1893 888 1944 l.:
919 1892 1045 1966 εἰαρινοῦ
1070 1894 1143 1961 μετὰ
1167 1893 1280 1949 λύσσαν
1305 1892 1346 1948 ὅτ’

259 1970 418 2033 ineptiarum
436 1970 571 2020 cumulum
590 1970 685 2021 meiius
700 1972 785 2022 inser·
822 1965 1000 2040 οἰοτρήοωοι
1024 1967 1154 2037 γάμοιο.)
1172 1973 1240 2036 cepti
1265 1970 1345 2023 salie-

257 2044 295 2093 vit
319 2045 393 2094 Furio
410 2047 521 2109 propter
537 2043 698 2096 edacitatem
715 2059 784 2109 quo·
821 2042 945 2093 bantur.»
969 2043 1022 2094 Cir.
1035 2045 1152 2109 Bbttiger
1162 2044 1300 2097 Amalthea
1312 2047 1343 2096 ii.

260 2131 312 2182 que
334 2117 494 2186 irridendop
512 2119 534 2169 is
556 2120 628 2169 enim
651 2119 785 2168 Bibaculus
821 2131 847 2182 p.
861 2118 918 2168 308.
1328 2175 1329 2180 ¹

258 2197 281 2241 et
306 2196 361 2241 erat
386 2196 408 2241 et
433 2192 571 2242 vocabatur
597 2191 673 2254 (Ptin.
695 2194 727 2243 li.
752 2195 782 2244 N.
853 2191 942 2242 bb-bb.
960 2193 1079 2258 ubbtus]
1098 2196 1218 2257 «Patres,
1238 2193 1344 2246 siblios

258 2265 391 2327 Prasiai),
409 2266 501 2329 quidni
519 2265 602 2316 allero
619 2268 699 2316 etiam
723 2267 784 2317 vitio
822 2265 872 2317 sibi
890 2269 966 2318 natos
984 2266 1055 2318 clere
1074 2266 1185 2329 velient,
1206 2283 1252 2320 eos
1270 2269 1343 2319 humi

258 2339 403 2390 laboreril‘l
421 2339 469 2390 Alii
486 2340 595 2404 quidem
613 2341 720 2390 Horatio
732 2341 783 2392 hoc
822 2340 939 2391 iacentes
958 2342 993 2405 [in
1010 2341 1104 2404 genua)
1123 2341 1214 2392 tollere
1233 2345 1260 2392 et
1274 2356 1346 2392 com·

258 2413 412 2465 membrum
430 2414 578 2465 tribuentes
595 2417 728 2466 Aaronem
743 2429 786 2466 se-
821 2414 900 2479 piecti
918 2415 1052 2470 solebant:
1074 2417 1096 2466 si
1114 2415 1225 2477 nollent,
1249 2419 1345 2482 exponi

259 2491 377 2552 quuntur
394 2489 428 2538 ila
445 2491 679 2551 interpretantem
702 2494 784 2554 upob-
822 2489 958 2541 iubebant.
971 2491 1080 2553 --Virg.
1091 2492 1156 2540 Aen.
1167 2491 1196 2552 9,
1209 2493 1270 2543 tot:
1288 2494 1345 2544 Nea

259 2565 313 2614 tam
331 2564 455 2614 immanis
472 2565 605 2621 uentris;e
624 2562 725 2614 nulium
743 2567 784 2613 te-
819 2565 857 2615 ila
874 2579 913 2616 me
928 2566 1073 2629 amiran
1084 2567 1216 2616 sublatum
1227 2567 1343 2617 mutii.»

258 2651 322 2688 men
339 2637 492 2701 exemplum
510 2638 635 2699 atterunt,
655 2652 708 2702 quo
721 2651 784 2702 pro-
821 2641 899 2689 Larte.
913 2667 940 2675 -—
952 2639 1064 2702 caelibis]
1076 2642 1119 2691 Sic
1132 2643 1241 2690 vocatur
1252 2642 1342 2701 etiem,

258 2710 324 2762 beni
340 2725 454 2761 mausum
470 2712 571 2762 dictum
589 2726 649 2762 esse
666 2711 708 2762 vei
731 2712 783 2762 dici
821 2715 867 2778 qui
882 2727 994 2764 uxorem
1011 2711 1054 2764 vel
1080 2717 1166 2764 morte
1189 2716 1277 2765 amisit
1301 2713 1343 2764 vei

258 2787 376 2851 poluisse
395 2799 443 2850 pro
460 2786 598 2836 abdomine.
635 2788 733 2850 (iuven.
752 2786 781 2846 4,
821 2788 964 2838 divortium
992 2801 1055 2838 cum
1086 2803 1117 2838 ee
1145 2788 1215 2839 iecit.
1248 2817 1275 2826 -·
1298 2803 1345 2840 aar·

260 2861 325 2910 ibi:
353 2862 468 2911 Montani
492 2873 589 2924 quoque
611 2868 696 2912 uerter
715 2863 784 2912 adest
820 2863 867 2927 dut]
891 2864 1016 2914 «astutias
1039 2865 1099 2914 tuas
1120 2865 1234 2928 aperiet,
1262 2866 1343 2928 tuque

258 2937 389 2986 abdomine
416 2936 526 2999 tardus.)
567 2939 663 2987 Nostra
691 2940 782 2987 contre
821 2935 989 2988 excludere.»
1009 2938 1344 3000 -iuspera1ebereditn-

258 3009 397 3075 explicetio
433 3013 554 3075 congruit
587 3012 781 3063 consuetudini.
799 3057 801 3064 .
821 3013 879 3062 tis.»
908 3012 1049 3062 Tacina.
1068 3013 1095 3073 4,
1115 3013 1144 3064 8:
1173 3013 1200 3062 iu
1216 3025 1284 3074 spera
1305 3025 1345 3062 se-

258 3085 321 3136 Piin.
335 3089 431 3150 Peueg.
445 3087 485 3138 49.
500 3086 533 3138 de
546 3089 706 3138 Domitiano:
726 3093 784 3138 aute
819 3087 928 3136 mudum
946 3086 1094 3149 (Augustus)
1107 3091 1205 3148 nepotes
1216 3099 1344 3148 pronepo-

257 3162 366 3211 medium
392 3162 457 3212 diem
484 3162 640 3212 distentus
668 3163 783 3212 solitaria
820 3167 915 3222 respue,
935 3162 1007 3210 lertio
1023 3162 1109 3224 produ
1120 3161 1246 3222 primores
1256 3161 1345 3210 ciuita-

256 3249 342 3285 coena.
819 3237 851 3285 lis
867 3236 1009 3298 scripserat.
1025 3263 1053 3271 -
1066 3235 1170 3300 Adrepe]
1189 3236 1304 3286 mensim
1317 3237 1345 3284 et

290 3309 379 3361 tt-tt.
406 3311 487 3361 cubito
503 3317 610 3362 stantem
627 3326 707 3376 prope
724 3317 782 3361 tau·
820 3312 896 3359 ceute
928 3313 954 3358 in
980 3309 1052 3360 senis
1082 3309 1287 3360 familiaritatem
1316 3315 1344 3359 te

256 3384 324 3448 pars]
337 3386 410 3435 Pers.
425 3385 452 3445 4,
471 3385 517 3436 ot:
537 3388 702 3449 Eslpropele
714 3387 783 3450 ipae
820 3385 949 3436 insinua.»
974 3385 1029 3434 Cic.
1042 3384 1118 3434 Verr.
1131 3385 1161 3444 2,
1181 3383 1211 3445 3,
1230 3383 1274 3434 68:
1293 3397 1344 3433 acu

256 3463 309 3520 tus,
335 3457 416 3508 arbita
441 3459 483 3519 qui
509 3465 606 3524 laapal.
637 3488 664 3496 -
686 3459 781 3524 liunus]
818 3459 908 3508 sensim
925 3463 1001 3520 atque
1015 3457 1346 3508 moderawadistiusami-

257 3533 412 3583 catervatim
425 3535 523 3583 nabot.
544 3534 653 3597 Oppian.
668 3532 780 3584 Helieut.
819 3533 905 3582 citium
922 3534 1078 3594 obrepserat.
1094 3555 1121 3567 -
1140 3537 1168 3581 ul
1184 3536 1208 3582 et
1222 3530 1343 3595 scribare]

257 3607 286 3668 3,
300 3607 360 3656 6344
379 3602 478 3672 Πολλὴ
495 3605 518 3656 d'
530 3598 674 3674 ἔκπαγλος
686 3622 719 3664 Ἰτε
731 3622 784 3657 aa·
819 3605 921 3670 Duplici
937 3612 960 3656 et
977 3605 1076 3670 duplex
1092 3609 1211 3670 optatum
1224 3607 1345 3670 caplato-

256 3683 388 3752 plomrou
407 3676 717 3754 ἰχθυβόλοισινἌγρη,
740 3675 782 3733 ὅτ’
819 3682 856 3732 ris
874 3685 947 3732 recte
964 3681 1146 3744 distinguitur,
1174 3680 1296 3742 alterum,
1315 3681 1346 3730 ut

257 3751 382 3828 εἰαρινὸς
401 3753 514 3809 θύννων
539 3753 663 3828 στρατὸς
689 3753 783 3828 ὁρμή·
819 3759 880 3806 ente
898 3757 987 3808 omnia
999 3756 1134 3807 secundus
1152 3757 1231 3806 heres
1243 3755 1346 3806 scriba·

257 3847 373 3882 σωνται.
408 3834 454 3884 iiis
478 3833 556 3897 igitur
578 3835 717 3898 comperet
738 3845 783 3883 se·
820 3834 874 3894 tur,
893 3831 1019 3894 alterum,
1037 3834 1067 3882 ut
1078 3845 1146 3896 puer
1157 3831 1287 3881 morietur
1298 3832 1346 3880 itc-

257 3919 306 3957 nes
318 3905 425 3968 stultos,
445 3909 491 3972 qui
509 3908 725 3971 heredipetarum
738 3921 783 3957 ve·
819 3918 871 3969 que
889 3907 946 3970 ipse
958 3906 984 3956 iu
996 3906 1075 3956 huius
1086 3905 1175 3956 iocum
1188 3906 1268 3956 heres
1280 3919 1345 3956 suc-

256 3979 304 4030 tuti
320 3981 571 4047 hemiseapiuntur:
596 3996 648 4045 que
667 3982 780 4046 imagine
819 3980 906 4031 cedat.
942 3981 998 4031 Non
1017 3983 1075 4030 eret
1091 3981 1181 4043 igitur,
1201 3993 1250 4030 cur
1267 3979 1346 4031 Hein-
1405 4033 1410 4041 ,

257 4067 321 4104 usus
344 4057 385 4105 est
410 4057 490 4106 etiem
516 4059 622 4107 Lucien.
642 4057 707 4107 Tim.
729 4057 779 4106 22:
819 4055 920 4106 doriius
938 4058 1100 4121 proponeret
1115 4057 1153 4104 uli
1170 4055 1289 4105 scribare.
1313 4079 1341 4090 -

257 4121 318 4190 οἷος
336 4123 444 4192 αὐτοὺς
460 4127 658 4195 (captatoresid
675 4127 782 4194 θύννος
818 4131 895 4194 operit
913 4131 986 4192 Orco]
1004 4130 1051 4180 0d.
1065 4132 1094 4190 4,
1119 4129 1165 4190 ri.
1192 4129 1236 4180 ⁴8:
1263 4131 1345 4192 Nipro

257 4202 288 4252 ἐκ
305 4199 401 4267 μυχοῦ
419 4200 472 4269 τῆς
489 4202 620 4271 σαγήνης
636 4203 779 4271 διέφυγεν,
817 4205 964 4267 corapuieril
981 4205 1122 4256 Mercurius
1140 4204 1219 4268 prepi.
1249 4203 1297 4254 0d.
1312 4205 1343 4262 4,

257 4271 312 4327 orire
333 4272 431 4344 ὀλίγον
451 4275 485 4328 τὸ
506 4277 605 4350 δέλεαρ
623 4277 778 4331 καταπιών.
818 4281 863 4340 28,
884 4281 931 4329 iii:
951 4281 1016 4330 Orco
1034 4281 1181 4331 Deaissura.
1203 4307 1229 4315 -
1249 4279 1276 4329 ia
1295 4293 1345 4328 ua-
