3130 4966
320 454 361 518 nt
602 534 605 539 ³
699 457 828 508 ιιοιιιτιι
848 458 1029 511 sannanim

321 614 402 681 Cum
424 633 527 700 genus
548 612 610 680 hoc
632 613 821 680 interritae
843 623 1007 692 versetur,
1031 614 1086 681 ubi
1109 617 1193 682 acris
1367 619 1409 682 60

319 735 442 802 lnvidia
464 745 561 824 atque
583 735 691 823 vigent
712 733 768 801 ubi
792 735 941 802 crimina:
966 756 1025 823 pro
1048 735 1132 804 bene
1155 757 1235 803 sano

318 858 364 924 Ac
386 878 450 923 non
472 857 599 924 incauto
620 857 726 944 fictum
747 866 950 945 astutumque
972 877 1137 925 vocamus.

318 978 501 1066 Simplicior
522 980 596 1067 quis
618 988 650 1047 et
672 991 733 1057 est,
757 979 887 1067 qualem
909 1000 963 1046 me
985 999 1085 1066 saepe
1106 978 1244 1048 libenter

320 1099 501 1168 Obtulerim
522 1101 594 1178 tibi,
617 1101 801 1178 Maecenas
825 1111 860 1166 nt
881 1101 962 1167 iorte
984 1100 1144 1188 legentem

384 1309 426 1360 60.
444 1273 573 1358 mserum
591 1306 675 1358 ilenti,
692 1321 725 1358 cx
742 1309 887 1359 veterrimo
907 1306 1026 1358 Blandin.
1064 1309 1103 1372 (lit
1123 1322 1185 1370 nos,
1205 1323 1300 1362 omnes
1320 1313 1375 1362 mei

352 1385 380 1434 et
396 1383 532 1445 Pettierii.)
557 1410 584 1419 -
598 1383 639 1432 63.
657 1387 684 1432 ct
703 1382 758 1434 est?
777 1383 877 1443 qualem
893 1383 925 1443 L,
946 1387 974 1432 ct
993 1387 1040 1444 eet,
1065 1383 1166 1444 quanm
1185 1388 1203 1434 t.
1247 1386 1301 1448 (vlu
1318 1385 1375 1436 solo

351 1459 492 1523 Reginensi
510 1459 543 1520 (κ)
561 1462 589 1508 ιιι
608 1456 724 1508 habetur
742 1471 791 1522 pro
809 1459 881 1508 varia
901 1457 1029 1518 lectione,
1054 1469 1068 1506 a
1087 1469 1169 1509 mann
1186 1460 1323 1522 recentia)
1417 1461 1423 1470 ·

318 1658 333 1694 a
345 1657 371 1693 v.
384 1643 487 1694 mutum
504 1671 532 1679 —
544 1644 664 1708 nasetur]
676 1643 763 1695 Tertia
774 1644 842 1695 haec
879 1645 975 1708 potest,
989 1645 1019 1693 ut
1029 1643 1076 1694 tibi
1088 1643 1217 1697 molestus
1228 1644 1333 1707 luerim,
1346 1659 1408 1712 per-

317 1731 433 1784 persona
460 1720 535 1769 recte
561 1731 670 1769 causam
698 1718 839 1783 significat,
878 1718 972 1769 videre
982 1722 1091 1782 poteras
1109 1718 1258 1784 simplicem
1270 1722 1351 1786 atque
1363 1721 1406 1772 in-

317 1807 365 1844 cur
382 1791 423 1844 ille
441 1795 580 1857 tantopere
598 1795 704 1854 caveat,
724 1807 757 1844 ne
773 1793 841 1844 invi·
879 1806 996 1856 genuum
1014 1804 1106 1843 meum
1123 1794 1268 1844 animum.»
1303 1795 1339 1846 Er
1352 1795 1405 1846 hoc

316 1868 359 1917 dia
373 1871 400 1918 ct
411 1867 566 1919 criminibus
578 1869 755 1932 opprimatur:
775 1881 842 1918 con·
878 1870 968 1918 autem
989 1881 1015 1918 v.
1038 1880 1111 1930 saepe
1133 1871 1208 1932 petet
1231 1881 1326 1919 verum
1349 1882 1403 1921 non

318 1945 358 1992 tra
379 1941 485 1994 Codicls
504 1942 596 1993 Bland.
615 1942 694 1994 lectio
714 1957 842 1994 versertur
878 1955 957 2002 esse,
987 1943 1061 2006 quod
1087 1943 1197 2008 quidam
1222 1944 1404 2006 contendunt,

317 2015 410 2067 lalsam
443 2017 522 2066 inlert
549 2019 721 2068 sententiam:
757 2031 840 2068 «eum
880 2017 1032 2068 elioretium
1044 2031 1091 2078 eo,
1111 2030 1164 2081 quo
1177 2017 1244 2069 haee
1256 2019 1403 2082 scripserit,

316 2090 387 2154 apud
405 2103 454 2141 nos
472 2091 506 2154 (in
524 2091 576 2142 hoc
592 2093 662 2143 vitae
680 2093 787 2155 genere)
804 2094 842 2142 vi·
878 2095 1009 2156 ternpore,
1029 2090 1114 2142 semel
1128 2093 1230 2142 tantum
1243 2094 1402 2146 convenisse

317 2167 397 2228 geant
413 2166 509 2216 invidia
531 2167 612 2230 atque
629 2168 755 2229 crimina,
779 2167 841 2217 ideo
878 2166 1062 2216 Maecenatem
1080 2169 1107 2216 et
1126 2165 1269 2217 commode
1292 2166 1403 2230 quidem

316 2253 379 2290 eum
402 2239 494 2291 fictum
514 2253 670 2292 vocamus.»
694 2267 721 2277 -
742 2254 841 2303 pron
877 2239 1039 2300 admissum,
1060 2238 1108 2290 sed
1126 2239 1247 2290 nondum
1264 2246 1405 2305 receptum

315 2314 442 2378 vocamus]
454 2315 509 2364 Liv.
522 2316 567 2376 22,
587 2315 842 2377 nezemuisclen
878 2313 958 2364 luisse
980 2315 1006 2363 in
1030 2313 1087 2364 eius
1109 2315 1260 2366 convictum
1283 2319 1310 2365 et
1326 2315 1406 2366 lami-

312 2403 363 2452 pro
379 2393 466 2450 cauto,
488 2391 591 2439 turdum
609 2403 658 2451 pro
675 2390 840 2452 cmsidmuto,
877 2387 1044 2438 Ueritatem.»
1074 2389 1154 2451 Saepe
1174 2393 1265 2440 autem
1286 2391 1363 2440 otiati
1380 2405 1406 2442 ee

316 2462 436 2514 imbellem
449 2465 590 2528 propertio
601 2462 761 2514 bettioocent.
779 2465 838 2516 Vid.
877 2463 1002 2524 ottmme,
1021 2466 1050 2535 ut
1066 2464 1111 2512 lric
1122 2464 1245 2514 Horatius
1257 2476 1287 2514 sc
1299 2465 1404 2516 Maece-

317 2538 352 2588 ad
375 2549 402 2586 v.
423 2539 463 2588 bb.
489 2565 516 2574 —
538 2537 605 2602 bem]
632 2536 740 2588 «valde»
764 2539 839 2590 lland
877 2539 968 2588 uatem
986 2550 1067 2600 saepe
1085 2537 1242 2590 convenisse
1259 2537 1331 2598 dicit,
1350 2539 1404 2590 dll-

316 2615 392 2663 Turs.
411 2612 442 2661 ll.
460 2625 487 2676 p.
505 2611 530 2662 3.
545 2639 573 2650 -
587 2613 683 2677 fictum]
702 2612 838 2664 aluisum.»
876 2612 928 2662 lert
947 2614 1062 2662 wmena
1080 2611 1244 2662 diuturniore
1256 2613 1405 2664 necessitu-

317 2685 383 2737 Plin.
396 2687 462 2749 Epp.
476 2686 504 2746 8,
518 2687 563 2747 lii,
576 2687 605 2736 3:
624 2687 669 2736 olii
687 2688 839 2751 (Domitium
877 2687 953 2748 dine,
980 2699 1049 2750 quae
1075 2699 1140 2736 sune
1166 2687 1235 2736 iuter
1256 2688 1404 2750 utrumque

316 2758 428 2822 'lulluml
437 2763 537 2824 fiction,
554 2761 698 2826 improlem,
710 2763 840 2813 immemo-
877 2762 994 2812 nondum
1022 2761 1112 2813 locum
1138 2761 1277 2812 habuerat.
1316 2763 1403 2825 atque
1475 2781 1479 2788 ·

314 2847 370 2885 rme
395 2835 540 2896 loquuntur.
564 2861 592 2871 -
616 2835 759 2898 Simplicior
786 2839 842 2898 quta
876 2838 954 2888 nimis
980 2836 1093 2888 tortasse
1119 2835 1251 2887 subtiliter
1272 2837 1404 2888 strennas

317 2909 379 2974 cet]
398 2911 438 2959 «Si
455 2907 600 2972 simplicior
616 2910 675 2974 quis
693 2914 735 2962 est
751 2914 778 2962 et
797 2915 840 2962 ta-
876 2927 922 2964 rus
942 2914 972 2972 Q.
990 2913 1020 2962 ll.
1038 2927 1064 2977 p.
1081 2912 1125 2962 53:
1158 2912 1255 2962 «verba
1279 2912 1348 2962 haec
1368 2913 1404 2962 ti-

316 2983 363 3044 lis‚
387 2982 495 3046 qualem
513 2986 593 3044 caim,
610 2997 664 3035 non
685 2999 765 3036 vero:
794 2989 839 3037 «si
876 2987 1025 3037 miditatem
1047 2985 1183 3050 quendam
1208 2990 1288 3050 utque
1313 2987 1402 3037 incer-

316 3061 376 3122 quis
393 3060 435 3108 est
452 3059 531 3108 etiam
549 3058 708 3123 simplicior,
731 3061 839 3126 qualem
876 3065 931 3111 tam
958 3073 1018 3111 sese
1044 3060 1154 3124 gerendi
1183 3062 1314 3111 rationem
1340 3073 1403 3110 cum

316 3137 395 3195 cet,»
418 3134 449 3183 nt
469 3132 511 3184 alii
531 3133 632 3184 volunt.
671 3136 718 3188 Est
737 3140 837 3200 antean
875 3135 999 3199 longioris
1023 3147 1088 3186 usus
1112 3133 1294 3186 familiaritatis
1316 3135 1402 3186 contl-

316 3210 377 3274 uqui
402 3209 458 3260 sine
480 3221 577 3274 magne
599 3211 838 3276 circumspectione
875 3211 964 3262 dantia
990 3222 1085 3274 pamm
1108 3209 1313 3260 convenientem
1337 3221 1402 3273 pro-

315 3287 343 3335 at
358 3287 482 3334 accurata
504 3284 717 3336 consideratione
734 3288 838 3338 sincere
875 3284 967 3335 danto
988 3311 1015 3320 -
1034 3283 1153 3346 iuepetlot]
1177 3282 1243 3334 Nihil
1265 3285 1336 3334 iuvat
1357 3284 1401 3334 iric

315 3371 347 3408 ac
364 3357 447 3408 libere
465 3371 561 3408 sensus
578 3371 642 3408 suos
659 3361 757 3423 aperit,
783 3373 837 3423 quo
875 3369 1032 3422 comparare
1049 3355 1176 3406 lormulas
1195 3359 1321 3420 impellere
1343 3371 1401 3407 sea-

315 3434 356 3494 fit,
383 3435 414 3482 ut
437 3431 571 3482 interdum
593 3434 716 3496 quamvis
740 3435 838 3486 invitus
874 3445 916 3482 nte
933 3433 1046 3494 (lucret.
1066 3432 1096 3492 i,
1115 3430 1193 3493 tot),
1211 3431 1338 3494 impellere
1352 3445 1402 3482 αιι-

313 3509 358 3569 iis,
377 3505 538 3570 quibuscum
555 3504 725 3571 colloquitur,
744 3509 837 3558 incau-
873 3520 914 3556 res
931 3507 1008 3570 (virg.
1022 3507 1068 3555 Ge.
1082 3504 1110 3566 l,
1129 3505 1187 3556 ate.
1206 3508 1280 3557 Pers.
1294 3509 1319 3568 ι,
1336 3507 1400 3570 tl),

314 3586 356 3633 tus
372 3581 495 3631 videatur
512 3580 694 3645 molestasque
712 3583 771 3632 sit.»
788 3581 837 3634 Alii
874 3581 923 3632 sed
946 3583 1031 3644 magis
1059 3582 1113 3631 huc
1140 3581 1272 3645 quadrare
1295 3581 1403 3631 videtur

314 3658 402 3708 minus
425 3659 487 3720 apte
508 3657 717 3719 interpretantur
742 3659 835 3721 crplos,
874 3660 928 3710 Cic.
947 3671 996 3722 pro
1014 3656 1102 3708 Plane.
1122 3659 1152 3716 t,
1171 3658 1216 3707 l‘l:
1243 3657 1397 3720 siquemdo,

315 3730 407 3784 «nullis
433 3730 628 3795 suspicionibus
654 3744 773 3795 unquam
795 3735 837 3783 ta-
872 3739 900 3783 ct
915 3735 956 3798 pit,
974 3733 1191 3794 iccterinterbe,
1209 3731 1401 3782 aonidvmna-

314 3810 398 3857 ctus.»
413 3833 439 3842 -
452 3804 564 3869 liberter]
582 3818 646 3855 non:
666 3807 719 3856 atui
731 3819 836 3858 sermo-
872 3821 942 3868 caco,
966 3808 1062 3868 quiesi
1083 3809 1109 3856 in
1126 3819 1224 3856 nanum
1247 3807 1330 3856 Sacro
1346 3807 1399 3862 eto,

313 3882 354 3932 nis
380 3879 522 3944 cupidum»
549 3893 600 3930 nec
623 3877 708 3930 «laeto
730 3883 834 3943 animo,
872 3897 929 3932 mm
945 3884 1035 3946 epood
1051 3881 1157 3931 Fabium
1172 3882 1293 3945 fornicem
1311 3881 1402 3944 impel-

311 3955 399 4020 frma
422 3955 484 4016 sed,
511 3958 540 4004 ut
560 3953 636 4016 alibi,
664 3955 706 4005 hic
727 3969 835 4021 quoque
872 3957 925 4018 lor,
945 3958 987 4008 sed
1003 3969 1073 4018 eum,
1092 3957 1179 4019 quiin
1195 3969 1235 4005 nee
1251 3956 1334 4018 ipmm
1355 3956 1398 4006 in·

313 4032 366 4080 est:
382 4023 481 4093 ἡδέως,
493 4023 635 4094 ἀσμένως,
648 4031 737 4081 animo
747 4032 785 4082 sic
794 4031 836 4081 ul·
872 4033 952 4085 currit
962 4038 1039 4094 atqve
1047 4033 1142 4081 incidit.
1155 4032 1201 4082 Est
1214 4031 1303 4094 igitur:
1317 4043 1400 4080 oneri-

312 4104 481 4166 troiubcnte,
490 4118 575 4170 pane.
593 4105 713 4170 Explica:
727 4120 836 4171 «quem-
872 4107 979 4170 opinato
997 4105 1069 4156 velut
1085 4107 1223 4156 incurrere
1236 4107 1263 4156 et
1280 4105 1399 4156 incidere

311 4177 458 4232 admodum
475 4179 683 4243 haudquaquam
694 4182 836 4245 poenitue-
872 4184 898 4232 in
927 4179 1044 4244 aliquem
1072 4183 1152 4244 atque
1185 4182 1220 4231 ita
1252 4181 1399 4230 detlecterc

311 4254 345 4303 rit
361 4265 405 4303 me
417 4252 464 4304 tibi
477 4253 588 4306 fortasse
601 4267 682 4320 saepe
694 4257 747 4305 lam
759 4255 835 4306 obtu-
872 4267 934 4306 eum
953 4267 968 4304 a
986 4253 1098 4305 lectione
1116 4257 1193 4305 eota
1212 4257 1290 4306 tacita
1311 4254 1399 4306 medi-

311 4328 387 4388 lisse;
414 4341 476 4378 nam
499 4341 532 4380 eo
556 4329 626 4394 ipso,
650 4331 753 4382 etiamsi
777 4330 834 4382 lieri
872 4329 978 4392 tatium,
997 4327 1241 4382 cuivecerevolt.»
1260 4331 1399 4394 Frequen-
