3174 4974
170 470 171 474 ¹
247 443 310 509 456
604 443 731 495 aonaru
750 441 971 506 4444444444

291 601 468 690 Ambigitur
490 600 569 689 quid
591 599 701 666 enim?
723 599 837 666 Castor
858 598 939 664 sciat
959 616 1000 662 an
1022 593 1175 662 Dolichos
1198 593 1289 682 plus;

291 723 498 790 Brundisium
519 692 636 788 Minuci
659 720 774 787 molius
795 721 847 785 via
869 719 966 785 ducat
987 738 1028 783 an
1049 717 1141 805 Appi.
1296 717 1337 782 40

292 847 396 926 Quem
419 845 576 910 damnosa
597 845 718 918 Venus,
742 861 840 928 quem
864 861 1023 928 praeceps
1046 838 1118 905 alea
1139 838 1252 914 nudat,

293 967 401 1034 Gloria
424 986 523 1054 quem
545 984 645 1053 supra
667 963 753 1029 vires
775 971 807 1029 et
828 962 923 1028 vestit
944 971 977 1028 et
997 961 1103 1046 ungit,

291 1090 395 1169 Quem
418 1098 505 1155 tenet
526 1087 647 1174 argenti
671 1085 740 1152 sitis
765 1085 947 1172 importuna
969 1082 1152 1170 famesque,

291 1212 397 1291 Quem
419 1209 617 1297 paupertatis
639 1207 746 1295 pudor
768 1216 800 1272 44
820 1206 908 1292 luga,
935 1205 1027 1270 dives
1052 1207 1175 1270 amicus

293 1332 399 1419 Saepe
422 1330 536 1398 decem
558 1329 642 1395 vitiis
665 1329 848 1394 instructior
870 1326 938 1392 odit
959 1335 992 1392 et
1012 1325 1136 1398 horret,
1296 1325 1338 1389 25

315 1493 356 1543 ts.
381 1491 529 1556 Ambipitur.
560 1491 625 1552 Quid
646 1487 729 1539 euim?
754 1501 816 1540 cum
839 1487 923 1540 Ccdd.
942 1488 1020 1538 Tcus.
1040 1486 1115 1536 44444.
1128 1484 1171 1535 Sil.
1191 1484 1308 1536 distinxit

284 1567 416 1630 Cruquius
433 1568 460 1616 et
478 1567 516 1616 sic
534 1567 560 1616 d.
581 1591 611 1601 —·
631 1565 724 1614 Dolicis
741 1565 760 1613 E
778 1565 876 1612 altres
894 1561 997 1621 bland.¹
1016 1560 1111 1610 Docilis
1121 1558 1220 1623 bScdp,
1234 1560 1264 1608 Lt
1281 1561 1307 1607 et

282 1641 426 1692 Bentleius.
441 1668 467 1677 -
482 1641 523 1690 40.
537 1641 707 1690 Brundusium
719 1651 787 1688 corr.
801 1638 828 1687 d.
842 1663 869 1674 -
883 1637 983 1687 Numici
994 1636 1021 1697 d,
1033 1637 1071 1686 44.
1085 1663 1111 1671 -
1125 1635 1166 1684 44.
1179 1635 1268 1697 unpuit
1277 1633 1305 1683 44.

250 1774 292 1824 444
318 1771 360 1823 444
384 1771 583 1833 condicionem,
611 1783 693 1835 quarn
711 1769 776 1820 alins
814 1781 868 1832 que
885 1766 1032 1831 prudenter
1049 1765 1180 1816 Obbarlus
1198 1763 1265 1828 (coll.
1283 1765 1338 1814 Cic.

249 1847 424 1898 libentissime
441 1847 589 1911 acciperet,
608 1848 637 1895 ut
654 1843 698 1894 vel
715 1846 777 1909 post
815 1842 849 1892 ad
860 1843 913 1892 444,
926 1843 951 1902 9,
962 1841 987 1902 a,
999 1841 1009 1890 4
1021 1855 1027 1889 :
1040 1841 1200 1900 cohortesque
1210 1853 1264 1900 sec,
1277 1851 1341 1901 quoe

250 1923 418 1973 senectutem
443 1933 636 1986 repuerascere
653 1918 695 1970 vel
717 1921 778 1983 post
813 1919 890 1969 Alide
904 1918 1020 1981 44444444,
1039 1917 1189 1968 4404444444
1204 1917 1341 1966 444444444-

251 1999 365 2047 mcrtem
382 1996 544 2046 reviviscere
559 1997 710 2059 iterumque
728 2007 777 2058 per
814 1994 856 2043 cio
872 1992 1024 2056 4444444444
1047 1992 1119 2042 «Hoc
1136 2003 1218 2042 unorn
1235 1992 1341 2040 cerium

250 2070 356 2134 longam
377 2082 509 2122 annorum
531 2071 629 2120 seriem
651 2071 677 2119 in
700 2070 777 2120 terris
816 2069 948 2128 44444444,
965 2066 1220 2130 quamquaerimus,
1234 2065 1341 2114 aRoma

251 2144 350 2208 degere
376 2144 441 2194 mihi
466 2143 582 2203 liceatp»
613 2146 663 2193 aut
686 2142 777 2192 Virbio
815 2143 941 2193 euntibus
966 2141 1009 2191 via
1033 2139 1117 2205 Appii
1148 2139 1181 2191 ad
1207 2140 1340 2190 sinistram

253 2220 391 2282 contigitzn
404 2217 478 2268 addit
487 2219 660 2282 Porphyrion.
675 2216 777 2268 4444444
815 2217 895 2268 luisse
913 2221 941 2267 et
956 2229 1006 2281 per
1021 2217 1136 2275 Marsos,
1155 2215 1287 2266 Samnites
1298 2213 1342 2262 tu-

253 2294 305 2343 vits
330 2307 382 2343 non
409 2295 451 2343 est
478 2294 560 2354 tanti,
590 2295 619 2342 ut
646 2297 777 2342 4444444.»
814 2291 904 2343 iisse.»

254 2368 346 2416 84444..
365 2365 404 2416 04.
415 2368 492 2418 llom.
504 2365 606 2426 Iliade,
621 2366 670 2418 444
678 2378 739 2430 sqq.
749 2393 776 2402 -
847 2367 937 2417 44-444.
960 2365 1112 2429 occaecat]
1124 2363 1190 2424 «Qut
1201 2364 1256 2424 his,
1269 2375 1340 2428 quae

253 2440 344 2503 sordet]
363 2440 402 2490 Cl.
417 2441 482 2504 Epp.
496 2441 519 2501 4,
534 2441 575 2501 44,
587 2439 611 2492 i.
816 2443 969 2502 444444444,
992 2441 1062 2491 vitiis
1079 2439 1237 2502 deturpatus
1254 2437 1342 2489 divitis

287 2515 328 2566 49.
339 2515 380 2565 40.
390 2514 599 2578 Ambipiturquid
610 2513 778 2579 mimffluoua
815 2515 907 2574 amici,
938 2514 1050 2565 44444444
1080 2515 1159 2565 etism
1184 2513 1339 2574 vitiosioris,

254 2590 288 2640 de
300 2603 330 2639 44
341 2589 451 2640 tandem
463 2591 645 2641 controversia
657 2591 779 2640 estisa·
815 2591 928 2653 gratiam
956 2589 1057 2653 captat,
1091 2591 1137 2638 aut
1165 2588 1236 2637 bunc
1264 2586 1341 2638 brevi

254 2678 287 2714 ne
296 2663 330 2714 de
340 2663 477 2714 levicula.»
493 2666 778 2716 Pravamautemesse
817 2669 937 2729 tempore
966 2664 1000 2715 ab
1030 2677 1059 2714 se
1089 2662 1267 2724 abalienabit,
1297 2665 1343 2713 aut

253 2739 362 2803 cruquii
375 2737 571 2790 distinctionem
582 2740 719 2790 neminem
736 2739 779 2789 lu·
816 2741 914 2790 amissa
932 2737 1053 2788 libertate
1071 2737 1106 2789 ab
1123 2751 1156 2788 44
1174 2751 1285 2802 semper
1297 2751 1343 2788 ce·

252 2816 296 2878 git.
311 2841 337 2850 -
349 2815 606 2878 cmm-metictas]
620 2815 778 2878 gladiatores
816 2815 964 2877 stigabitur.
995 2814 1044 2874 Qui
1061 2825 1125 2876 ergo
1145 2813 1276 2863 {autorem
1293 2812 1342 2861 dr-

254 2887 296 2940 4444
319 2891 441 2952 tempore
469 2893 572 2952 magnis
598 2889 721 2940 laudibus
744 2889 778 2939 ab
817 2891 895 2940 miter
911 2901 1006 2940 secum
1023 2889 1184 2952 coniungere
1206 2886 1340 2952 simulque

253 2962 379 3014 omnibus
393 2963 530 3029 celebrati.
557 2965 673 3014 4444444444
687 2967 778 3014 autem
816 2963 968 3014 libertatem
991 2963 1107 3012 retinere
1123 2960 1208 3018 volat,
1236 2961 1258 3011 is
1280 2963 1342 3011 ante

254 3051 268 3088 e
281 3036 366 3088 4444444
376 3038 459 3088 Codd.
469 3041 543 3089 44444.
550 3040 629 3089 Tons.
640 3041 667 3090 et
675 3038 717 3089 Sil.
727 3039 779 3102 pri·
817 3041 905 3090 omnia
923 3053 937 3088 a
950 3039 1030 3098 vitiis,
1050 3036 1148 3100 quibus
1160 3034 1201 3085 ille
1214 3035 1270 3086 iure
1282 3048 1344 3086 444-

254 3113 580 3177 musreoepitcruquius
596 3115 779 3163 etreotiussa·
817 3117 938 3175 censeat,
964 3112 1034 3163 liber
1059 3115 1143 3162 esto.»
1168 3137 1195 3147 -
1219 3111 1344 3161 4444444444

254 3199 288 3237 44
300 3188 326 3238 in
336 3188 468 3250 mancipio
478 3187 584 3238 videtur
593 3200 690 3238 nomen
700 3189 780 3238 Grae·
819 3188 905 3252 Venue]
925 3189 1034 3252 partim,
1054 3189 1083 3236 ut
1100 3186 1166 3249 Epp.
1180 3186 1210 3246 2,
1231 3185 1260 3244 4,
1280 3185 1340 3234 tot:

209 3319 211 3327 ,
254 3275 332 3322 cum,
350 3262 400 3311 etsi
411 3262 516 3313 Docrars
528 3260 615 3312 liberti
627 3275 725 3312 nomen
738 3264 780 3313 444
817 3266 938 3314 damnosa
954 3261 1042 3321 libido,
1067 3261 1129 3324 quia
1146 3260 1249 3309 amicae
1267 3271 1343 3309 sme-

254 3337 280 3385 in
292 3337 465 3400 inscriptione
477 3337 618 3387 Mutinensi
630 3337 701 3402 apud
714 3339 780 3387 Car·
816 3341 889 3389 tores
901 3339 1061 3400 emungunt,
1081 3336 1191 3400 partim.
1211 3337 1273 3398 quia
1285 3348 1344 3386 cor-

254 3409 381 3462 dinelium
397 3411 508 3472 Diplomi
524 3423 551 3475 p.
565 3412 621 3462 484.
646 3410 779 3462 Bentleius
817 3412 1098 3477 pusipsumenervet.
1126 3409 1201 3460 ovid.
1215 3423 1247 3460 ex
1259 3411 1343 3460 Ponto

255 3484 376 3536 lectionis
385 3485 519 3535 varietatis
530 3484 581 3535 b.l.
592 3489 621 3536 ut
629 3484 778 3549 aliquoties,
817 3489 846 3548 4,
866 3487 910 3546 444,
929 3487 974 3536 33;
992 3487 1059 3536 uires
1075 3485 1166 3535 adimit
1185 3485 1283 3536 Veneris
1294 3486 1343 3535 du-

253 3573 364 3626 prorsus
382 3560 531 3610 incuriosus
549 3559 604 3610 44444.
621 3587 648 3597 -
665 3561 780 3610 uictu
817 3575 905 3612 muoso
929 3561 1053 3622 uoluptas.
1079 3587 1106 3596 -
1131 3573 1252 3623 praeceps
1276 3561 1342 3624 4444]

251 3637 317 3702 plur]
344 3634 468 3699 «peritior
492 3636 527 3685 sit
551 3637 615 3686 artis
638 3649 728 3686 suaet
748 3661 774 3672 -
817 3637 858 3686 «in
882 3649 935 3700 qua
958 3634 1106 3699 periculum
1128 3637 1211 3696 inest,
1238 3649 1271 3685 ne
1289 3647 1342 3685 uno

253 3708 487 3772 Brundieieenoet.]
498 3711 604 3761 «Utrum
613 3710 655 3759 via
668 3710 778 3762 blinucia
816 3710 929 3762 talorum
954 3711 1025 3760 iactu
1050 3711 1186 3772 ingentem
1212 3711 1341 3773 pecuniae

254 3799 287 3836 an
299 3787 361 3836 nota
370 3782 412 3834 illa
425 3784 508 3848 Appia
518 3783 685 3834 commodius
696 3786 780 3835 Brun·
816 3797 951 3837 summam
963 3784 1109 3848 perdamus
1118 3787 1145 3833 44
1153 3783 1257 3847 spoliati
1269 3797 1298 3833 re
1308 3783 1344 3833 44-

254 3861 351 3912 disium
369 3859 476 3910 ducat.»
493 3861 569 3908 Viam
584 3859 723 3910 Minuciam
735 3861 780 3909 Sa·
818 3860 910 3912 miliari
920 3859 1074 3922 decoquere
1081 3857 1256 3908 debeamus.»
1268 3860 1340 3909 Pers.

254 3934 376 3985 nedonus
387 3933 554 3997 aliiqueali.
568 3933 680 3984 Minucio
689 3936 780 3998 Augu·
816 3937 846 3995 4,
865 3935 911 3985 st:
938 3935 1004 3984 4444
1025 3933 1084 3982 cleo
1103 3932 1232 3993 decoquit,
1258 3931 1300 3980 iile
1315 3931 1344 3980 ie

254 4011 313 4059 rino
330 4021 384 4060 cos.
402 4021 426 4058 4.
443 4022 470 4058 u.
484 4021 507 4058 4.
522 4007 578 4060 tis.
597 4021 646 4073 per
665 4011 780 4061 tractum
820 4011 936 4061 Venerem
950 4009 1041 4070 putris.
1064 4031 1088 4044 -
1110 4007 1198 4056 644444
1216 4005 1344 4067 4441444-

255 4085 427 4134 montuosum
452 4085 507 4146 egri
530 4082 619 4134 sabini
637 4085 666 4134 et
681 4084 780 4135 Samnii
817 4080 943 4147 ύοὸοξία.
975 4084 1076 4134 «Homo
1098 4095 1196 4143 vanus,
1219 4078 1343 4145 gloriolae

255 4158 384 4209 munitam
402 4161 482 4221 atque
499 4161 644 4210 Beneventi
661 4171 723 4210 cum
738 4161 780 4208 444
817 4158 905 4210 studio
921 4157 1075 4221 abreptus,
1101 4153 1343 4220 sumptuosioribus

256 4233 338 4297 appia
351 4233 521 4283 coniunctam
533 4234 614 4285 luisse
629 4235 778 4298 opinantur.
817 4231 937 4284 vestibus
949 4231 1144 4295 unguentisque
1154 4230 1248 4290 444444,
1261 4239 1342 4292 quarn

255 4307 308 4360 Sed
325 4307 393 4358 boec
411 4309 452 4358 est
463 4320 537 4359 mera
550 4311 712 4360 coniectura.
731 4309 782 4358 lta-
819 4308 875 4360 eius
893 4305 1032 4359 facultates
1050 4307 1226 4367 concedunt·
1247 4331 1273 4340 -
1294 4302 1344 4354 int·
