3156 4972
301 443 362 510 338
677 439 1005 493 nonnrusnnnnnun

343 602 505 666 Matronae
527 596 691 684 peccantis
714 597 746 661 in
768 595 864 662 ambo
887 597 970 662 iusta
993 595 1161 683 potestas?

344 725 379 788 in
402 729 624 807 corruptorem
646 716 698 784 vel
719 717 841 783 iustior.
886 716 942 783 iila
964 727 1070 784 tumen
1092 739 1128 784 se
1224 745 1227 752 ·

343 846 413 910 Non
435 841 544 908 habitu
567 849 708 905 mutatve
730 836 816 914 loco,
840 850 994 926 peccatve
1017 859 1167 926 superne.

345 965 425 1034 Cum
447 973 478 1030 te
500 960 649 1027 tormidet
669 959 785 1026 mulier
807 981 915 1048 neque
937 961 1048 1028 credet
1069 963 1203 1039 amanti,
1344 965 1385 1028 65

343 1086 407 1154 Ibis
430 1083 491 1150 sub
512 1085 634 1149 iuream
657 1081 801 1169 pmdens
822 1080 1020 1169 dominoque
1043 1082 1158 1149 iurenti

343 1207 529 1276 Committes
546 1225 615 1270 rem
632 1223 761 1269 omnem
779 1201 922 1269 civitam
937 1213 1057 1270 etcum
1073 1224 1210 1291 corpore
1222 1205 1348 1272 samam.

342 1330 464 1398 Evasti:
489 1326 602 1401 eredo,
626 1335 753 1395 metues
775 1322 957 1412 doctusque
980 1325 1128 1406 cavebis;

364 1529 405 1579 ot.
424 1526 508 1576 ambos
524 1523 579 1589 bSp
597 1525 624 1573 et
641 1535 710 1574 corr.
730 1535 754 1584 c,
774 1523 833 1573 tet.
850 1547 877 1557 ·-
891 1521 932 1573 ot.
947 1528 1082 1585 pereatque
1096 1537 1165 1575 corr.
1180 1524 1209 1576 h.
1224 1549 1251 1562 -
1265 1527 1352 1588 supine

331 1606 448 1657 Nunnius
465 1600 550 1667 prob„
562 1599 664 1652 Bothio.
686 1627 713 1636 -
733 1599 774 1650 ot.
788 1601 828 1650 66.
848 1612 967 1662 superne,
986 1599 1047 1650 Com
1066 1600 1201 1664 distinguit
1217 1603 1250 1652 tt.
1265 1627 1294 1637 -
1308 1601 1349 1652 67.

331 1680 475 1732 committas
491 1691 515 1728 c.
531 1703 557 1712 -
572 1674 612 1726 68.
626 1675 732 1726 Evasit?
748 1677 835 1738 medo,
855 1682 948 1728 netues
957 1675 1093 1738 distinguit
1104 1676 1229 1739 flooring,
1245 1673 1352 1726 Evasit?

297 1849 343 1908 23,
362 1850 390 1898 tt:
409 1848 438 1896 in
455 1844 579 1894 adiutorio
596 1855 702 1894 uxorem
719 1843 821 1892 tuamet
858 1842 934 1894 firma
953 1843 980 1892 te
991 1842 1041 1892 etsi
1059 1841 1141 1905 ipsius
1152 1843 1301 1892 amatorem
1313 1854 1385 1894 sem·

297 1922 506 1985 deprehendisses,
532 1919 585 1968 sine
609 1918 702 1967 iudicio
721 1919 821 1980 inpune
857 1929 906 1981 per
923 1915 1062 1967 tormidine
1080 1917 1182 1980 percita
1200 1917 1307 1980 recipit,
1332 1928 1384 1966 nec

295 2010 406 2048 necares.
443 1996 556 2044 «Temen
584 1992 636 2042 hoc
661 1993 760 2054 fateor,
788 2005 820 2043 so
857 1991 966 2042 contidit
983 1991 1135 2055 pmmissis,
1155 1990 1203 2042 sed
1222 1991 1298 2041 fimet
1312 2003 1384 2042 sem-

296 2083 392 2124 severo
409 2070 467 2120 iure
483 2079 615 2132 perquam
632 2079 693 2117 raro
710 2068 820 2117 maritos
857 2079 918 2130 per,
946 2079 979 2116 ne
998 2079 1013 2115 a
1030 2067 1056 2115 te
1082 2064 1232 2130 decipiatur
1255 2077 1288 2116 ac
1313 2064 1383 2117 maia

293 2160 365 2204 enom
394 2142 567 2204 moribusque
588 2143 727 2204 receptum
744 2141 821 2192 vide·
857 2140 927 2190 tarne
945 2141 1062 2204 primum
1088 2140 1157 2190 inter
1174 2137 1292 2199 sodales.
1320 2153 1384 2191 mox

294 2224 352 2280 tur,
379 2221 409 2268 ut
430 2216 578 2267 adulteram
599 2215 670 2280 apud
693 2219 820 2278 cognatos
857 2215 927 2280 apud
944 2215 1052 2282 volgum
1070 2211 1199 2265 laedatur.
1235 2216 1272 2264 Tu
1287 2218 1383 2266 contra

295 2295 445 2346 convictam
466 2291 548 2340 domo
570 2288 666 2340 saltem
684 2291 820 2352 exigerent
856 2291 975 2354 prudens
1000 2303 1032 2340 ac
1057 2290 1146 2341 sciens
1173 2293 1198 2340 te
1221 2291 1381 2354 turpissimis

294 2367 491 2430 multarentque
520 2365 614 2414 dote.»
660 2366 755 2414 Lirsrns
785 2366 819 2415 ad
856 2365 966 2430 exponis
978 2364 1097 2428 poeuis.»
1129 2365 1382 2424 Quihuncversum

294 2445 356 2494 Tac.
377 2444 444 2492 Anu.
465 2439 494 2500 i,
513 2439 553 2490 m.
584 2467 611 2476 -
637 2441 818 2504 cenuptorein]
856 2442 897 2491 st.
922 2454 937 2490 a
960 2443 1089 2505 sequente
1115 2439 1293 2492 distrahentes
1318 2453 1383 2492 eum

295 2519 375 2579 Urget
395 2515 460 2574 hoc,
487 2513 635 2563 amoeeho
659 2511 819 2577 plerumque
855 2529 899 2566 vv.
924 2515 964 2566 63.
987 2515 1028 2566 ot.
1050 2516 1204 2576 iunxerunt,
1235 2529 1288 2566 nou
1314 2517 1382 2567 satis

294 2589 381 2641 solere
399 2588 534 2650 eorrumpi
557 2586 671 2638 alienam
691 2599 817 2646 uxorem,
856 2591 1104 2640 animadverterunt
1126 2603 1170 2640 vv.
1191 2597 1310 2652 peccatve
1337 2604 1383 2641 su-

294 2662 459 2716 deciamator
480 2662 591 2711 Stoicus.
613 2689 640 2698 -
658 2662 697 2710 uei
721 2662 818 2724 iustior]
853 2677 930 2726 poene
946 2677 996 2728 per
1013 2664 1184 2734 nape'vdeow
1196 2666 1305 2715 minime
1318 2664 1384 2716 toio-

294 2741 368 2790 Rutio
385 2737 492 2787 Latinae
506 2735 705 2786 consuetudinis
723 2737 817 2800 poscit,
855 2739 966 2790 rendam
978 2740 1069 2804 inepte
1082 2741 1178 2802 iugem
1191 2751 1253 2790 num
1265 2740 1300 2789 nd
1312 2741 1383 2790 hene

293 2815 322 2863 ui
338 2813 407 2862 haec
428 2811 461 2860 sit
483 2811 636 2874 responsio;
663 2812 817 2861 Germanica
855 2815 962 2864 veneris
978 2813 1091 2878 figuram
1109 2813 1180 2866 nulio
1194 2814 1383 2866 modoreierri
1492 2835 1496 2848 ·

292 2885 489 2948 interrogationi
508 2884 593 2942 iavet.
620 2885 696 2934 cuius
713 2885 819 2947 signum
856 2889 1115 2951 potentiacum
1140 2895 1163 2939 te
1185 2890 1302 2952 formidet
1327 2893 1380 2942 cet.

292 2961 381 3026 posuit
393 2960 515 3022 Doering.
526 2959 608 3008 —Iito
616 2959 680 3023 eet]
694 2960 818 3010 «Moecha
859 2987 886 2999 -
900 2962 955 3027 ibis]
969 2963 1103 3014 omissum
1115 2977 1130 3013 a
1142 2967 1221 3028 poeta
1232 2977 1382 3028 pmnomen

293 3040 366 3087 certe
376 3048 428 3085 nou
441 3034 561 3085 habitum
571 3033 746 3084 matronalem
756 3046 818 3084 cum
856 3043 884 3087 tu
909 3037 1077 3089 Heindorfius
1106 3041 1180 3088 recte
1205 3039 1324 3090 defendit
1348 3053 1382 3090 ex

292 3109 381 3162 servili
398 3113 497 3170 mutat,
516 3122 604 3172 neque
621 3108 820 3160 aedibusclen-
857 3113 909 3162 Sat.
929 3113 956 3170 i,
982 3113 1011 3168 2,
1035 3113 1075 3162 90.
1104 3114 1133 3170 2,
1152 3112 1180 3172 3,
1199 3115 1256 3163 2⁴2.
1279 3114 1380 3166 ettet.

292 3183 382 3236 cuium
396 3186 462 3246 exit,
487 3188 518 3234 ut
539 3187 566 3234 te
584 3184 656 3234 domi
675 3187 735 3234 tuae
753 3197 819 3234 con-
857 3187 923 3251 Epp.
937 3187 966 3247 t,
987 3185 1030 3246 tt,
1049 3186 1090 3237 to.
1107 3213 1134 3223 -
1147 3187 1191 3235 mi
1206 3187 1307 3250 tuream
1318 3189 1381 3255 cet]

290 3261 393 3319 veniet,
413 3261 561 3310 utmorem
575 3257 759 3309 tantumnodo
771 3258 818 3308 tilii
857 3261 898 3328 nin
915 3259 1096 3323 turpissimam
1113 3262 1282 3324 servitutem,
1301 3264 1380 3326 adeo,

292 3335 373 3398 gerit,
391 3333 457 3383 dum
474 3335 501 3382 te
518 3333 641 3392 noninit‚
661 3333 709 3382 sed
728 3332 820 3384 mulie·
855 3335 885 3383 ut
906 3334 927 3384 si
951 3335 1078 3384 meriton
1099 3338 1128 3385 te
1151 3333 1225 3386 laeso
1246 3336 1379 3401 placeret,

292 3407 334 3458 bri
352 3408 478 3471 patientia
496 3419 557 3457 sese
574 3407 682 3470 supinet
703 3407 751 3458 tibi
772 3421 819 3458 su·
855 3410 924 3460 sicut
949 3411 1111 3473 mancipium
1136 3423 1252 3473 nequam
1278 3415 1304 3462 te
1330 3413 1382 3465 sub

292 3494 377 3546 perne
395 3482 508 3544 patranti
526 3477 704 3545 (precinite
724 3495 820 3544 -pee-
855 3483 930 3534 turca
948 3483 1062 3535 vinciret
1077 3498 1109 3535 ec
1129 3485 1313 3538 verberaret.»
1349 3490 1381 3539 V.

292 3561 364 3608 cotue
396 3556 516 3620 rupem]
547 3569 656 3619 «neque
683 3559 820 3622 resupinat
855 3559 955 3608 dornino
977 3559 1056 3610 nimis
1077 3560 1218 3612 artificiose
1235 3561 1277 3612 ulii
1298 3562 1383 3628 expli·

293 3630 470 3683 adulterum.»
506 3629 555 3681 Alii
581 3631 726 3696 explicant:
755 3647 820 3683 une·
856 3631 1382 3704 caut:«libidinituneturiosee.»-rem]

295 3718 348 3768 que
360 3718 407 3755 ore
426 3716 530 3754 morem
548 3705 594 3755 tibi
607 3707 688 3768 gerit»
702 3707 818 3769 (Sueten.
856 3706 1045 3768 «familiarem,
1077 3721 1110 3759 ex
1138 3722 1190 3772 qua
1220 3710 1332 3762 multem
1357 3714 1382 3764 ei

293 3779 350 3830 Tib.
364 3777 424 3842 tit,
437 3778 556 3842 qnodeb
570 3779 691 3832 hocloco
704 3780 819 3832 alienum
856 3781 972 3846 pendes,
1002 3795 1036 3834 ne
1065 3785 1091 3834 te
1120 3785 1230 3834 cestrari
1259 3785 1381 3837 iubeat.-

294 3857 344 3905 est.
382 3855 473 3904 Nonnii
495 3852 558 3904 iliud
581 3856 681 3917 supine,
708 3857 822 3906 «incon-
858 3856 933 3906 Coni.
955 3858 1008 3907 Sat.
1031 3859 1060 3920 t,
1087 3859 1115 3920 2,
1142 3857 1249 3910 tt-to.
1274 3860 1322 3912 tet
1339 3875 1381 3925 su.

295 3926 373 3987 sulio,
389 3926 498 3988 stulte.»
517 3928 701 3979 incredibilem
719 3930 745 3980 in
762 3943 822 3980 mo·
890 3931 979 3981 os-rt.
998 3931 1085 3982 deeuti
1097 3931 1159 3997 cet]
1178 3935 1232 3984 «Ne
1250 3937 1307 3986 tum
1323 3936 1384 4000 qui-

295 4000 360 4051 dum
376 4000 497 4066 languet,
525 4007 552 4054 et
569 4005 652 4054 miror
668 4005 821 4056 etiamnunc
858 4005 934 4067 dem,
955 4018 1017 4056 cum
1033 4007 1138 4058 tertona
1155 4007 1261 4060 terente
1276 4010 1385 4062 erasisti

295 4075 428 4126 fautorem
445 4078 578 4129 invenisse
596 4077 728 4128 Bothium.
858 4093 962 4145 poenae
974 4081 1132 4145 perieulum,
1146 4084 1308 4147 experientia
1321 4083 1385 4136 edo·

330 4148 418 4200 66-67.
448 4151 509 4202 Ormi
526 4157 549 4202 te
563 4151 755 4216 fonnidetceti
769 4152 822 4204 «Eo
859 4157 918 4206 ctus
936 4154 1054 4207 cavebis.
1083 4157 1184 4219 immo¹
1204 4161 1330 4222 quastus
1342 4161 1384 4210 est

297 4237 405 4288 quoque
429 4227 537 4278 nomine
562 4225 603 4277 itin
626 4226 714 4277 minos
731 4231 773 4277 est
796 4229 822 4276 te
859 4229 1035 4292 perversitas,
1054 4243 1150 4282 novam
1162 4233 1331 4284 occasionem
1342 4236 1385 4284 in-

298 4299 387 4360 noxia,
415 4299 486 4362 quod
513 4301 651 4366 tamquam
669 4299 765 4352 mutter
781 4301 823 4352 in·
860 4302 1004 4366 vestigatis
1029 4305 1140 4370 periculi
1167 4304 1235 4358 iilius
1260 4306 1307 4358 tibi
1334 4308 1385 4358 ite·
