3130 4966
591 466 650 516 nra.
670 465 689 514 ι.
725 465 784 515 sir
801 465 843 514 ιν.
1113 516 1117 528 ,
1222 461 1261 525 75

217 623 339 700 Saevit,
365 620 455 710 quod
478 621 649 689 meretrice
671 641 774 708 nepos
797 621 929 687 insanus
952 620 1053 687 amica

215 743 313 810 Filius
336 763 471 810 uxorem
494 742 607 831 grandi
631 763 705 810 cum
727 742 803 810 dote
826 754 970 820 recuset,
1220 742 1261 804 50

215 865 331 932 Ebrius
355 874 388 932 et
407 903 451 914 -
473 885 624 952 magnum
646 864 735 952 quod
760 863 970 932 dedecus-
991 862 1134 931 ambulet
1157 873 1230 930 ante

215 990 349 1054 Noctem
372 1006 447 1054 oum
468 985 601 1053 facibus.
645 987 808 1075 Numquid
830 986 1027 1074 Pomponius
1054 986 1122 1052 istis

216 1110 350 1176 Audiret
370 1107 506 1187 leviora,
530 1119 623 1198 pater
646 1110 673 1176 si
695 1109 843 1176 viveret?
865 1109 949 1197 Ergo

214 1234 285 1298 Non
307 1232 386 1298 sutis
408 1242 459 1299 ast
479 1231 570 1319 puris
591 1251 723 1298 versum
744 1229 949 1318 perscribere
971 1229 1098 1302 verbis.

216 1354 323 1434 Quem
345 1353 372 1422 si
394 1352 570 1430 dissolvas,
593 1353 699 1440 quivis
722 1352 941 1420 stomachetur
962 1351 1078 1420 eodem
1222 1353 1262 1416 55

216 1476 290 1556 Quo
312 1485 506 1564 personatus
527 1484 622 1563 paeto
644 1483 748 1564 pater.
792 1473 865 1552 llis,
889 1495 952 1563 ego
973 1495 1059 1562 quae
1075 1494 1176 1547 nunc,

215 1596 304 1665 Olim
326 1616 412 1685 quae
435 1597 564 1684 scripsit
586 1596 742 1674 Lucilius,
766 1596 887 1684 eripias
910 1596 936 1662 si

215 1721 377 1807 Tempora
389 1729 478 1786 certa
488 1717 671 1806 modosque
682 1728 722 1796 ct,
733 1717 822 1806 quod
832 1717 922 1806 prius
935 1715 1049 1784 ordine
1058 1716 1192 1784 verbum
1204 1726 1262 1791 est,

215 1840 386 1908 Posterius
405 1840 519 1918 iacias,
542 1861 748 1928 praeponens
770 1838 882 1905 ultima
903 1839 1030 1927 primis,

213 1965 303 2040 Non,
329 1971 365 2028 ut
386 1963 413 2029 si
435 1960 542 2029 solvas
568 1964 761 2051 «Postquam
782 1959 951 2027 Discordia
973 1969 1055 2027 tetra
1223 1963 1265 2026 60

212 2084 297 2152 Belli
320 2067 456 2152 serratos
478 2093 590 2172 postes
611 2095 788 2174 portasque
811 2084 975 2172 refregit»

239 2303 284 2355 te.
311 2302 406 2352 insanit
430 2302 463 2363 d,
489 2301 533 2354 alii
558 2301 672 2353 Codices
689 2303 780 2366 (etiam
799 2303 938 2366 Pettierii),
958 2301 1049 2354 Aldus.
1070 2327 1098 2338 —
1117 2302 1158 2352 to.
1177 2315 1234 2352 com

205 2377 303 2443 mundi
319 2390 346 2441 p.
367 2403 395 2414 -
413 2377 454 2427 ct.
472 2377 616 2440 Potnptnins
632 2377 674 2428 cd.
697 2405 725 2414 -
743 2378 784 2428 ct.
799 2379 880 2440 postis
896 2392 920 2428 c.

175 2546 286 2597 tatione.
307 2569 336 2582 -
356 2557 416 2594 acer
431 2544 542 2610 pintan]
560 2546 705 2609 lauriger
741 2543 866 2608 explicari
888 2545 985 2610 possit,
1013 2543 1138 2609 equidem
1156 2557 1209 2594 uon
1226 2545 1267 2594 vi-

174 2620 397 2686 tusscnwong.
424 2620 531 2670 iiirchn.
547 2647 574 2656 -
587 2621 706 2671 Nacoer-
741 2619 802 2670 deo.
824 2645 851 2656 -
869 2620 1027 2682 monins]
1051 2618 1208 2670 adolescens
1225 2617 1267 2669 lu-

175 2695 210 2745 tis
232 2708 282 2746 nee
306 2693 387 2756 rebus]
414 2693 520 2754 Quintil.
543 2696 607 2744 lust.
631 2693 702 2744 Oret.
740 2694 877 2754 nui-iosus,
904 2693 1021 2758 alioquin
1041 2695 1156 2757 ignotus,
1185 2705 1267 2757 quem

176 2772 218 2831 to,
237 2772 267 2832 t,
286 2769 333 2818 ti:
352 2769 385 2818 ab
400 2769 438 2817 tris
449 2769 473 2831 (a
487 2769 581 2832 poetis)
594 2770 621 2818 tn
631 2767 705 2818 redte
741 2769 780 2820 sic
790 2767 821 2820 ἐν
833 2765 950 2838 παρόδῳ
961 2769 1059 2820 acritm
1070 2767 1184 2820 vellicat.
1205 2770 1268 2818 «Pa-

176 2844 225 2906 tnin
244 2843 411 2906 sententiis»)
423 2844 527 2906 militen
542 2848 566 2892 ct
582 2843 609 2892 in
624 2841 706 2893 onon
742 2845 827 2904 tres,n
853 2844 950 2908 inquit,
979 2843 1119 2907 «quotidie
1145 2844 1181 2892 ita
1208 2841 1267 2892 liliis

174 2920 316 2970 ntttinitas
331 2947 347 2957 -
362 2945 378 2956 -
391 2919 495 2981 petitur.
516 2945 543 2954 -
567 2919 616 2968 nist
638 2919 705 2979 qnod
741 2919 796 2968 suis
814 2919 930 2982 prodigis
942 2921 1103 2968 succensent
1116 2928 1218 2980 eosque
1230 2916 1268 2966 in·

176 2995 236 3060 cet]
255 2993 421 3044 «Comoedia
439 3006 530 3044 sermo
546 2997 702 3054 urerusest,
742 2996 865 3056 crepant;
890 3005 978 3056 neque
1002 2991 1081 3056 igitur
1101 2993 1210 3056 propter
1227 2992 1268 3039 ta-

176 3071 224 3119 nisi
246 3067 325 3134 quod
348 3070 435 3118 metro
458 3067 492 3118 eb
516 3067 567 3117 hoc
589 3067 704 3118 diflert.»
741 3066 774 3117 lia
799 3066 938 3117 dumtaxat
962 3067 1101 3117 comoedis
1126 3077 1176 3130 pro
1201 3068 1269 3129 poe-

176 3144 261 3194 iiinus
290 3147 364 3193 recte
390 3141 432 3193 ulii
456 3145 520 3206 post
543 3155 570 3192 v.
596 3142 705 3192 nannoni
742 3139 1176 3206 mateheberipotast.»-pon's]
1190 3139 1269 3190 «sim-

177 3231 228 3268 non
245 3218 425 3281 disfinguunt,
443 3218 536 3267 utsit:
556 3217 619 3267 »nisi
632 3217 703 3280 quod
742 3214 856 3280 plicibus
871 3219 898 3266 ct
915 3216 1084 3276 inaffectctis,
1103 3217 1160 3266 sine
1178 3213 1268 3276 figuris

177 3291 219 3343 iric
242 3305 336 3344 sermo
357 3304 448 3342 merus
470 3291 540 3357 pede
561 3293 636 3343 certo
655 3290 705 3341 dil·
743 3293 770 3340 et
786 3302 884 3353 magno
902 3303 995 3341 sono.»
1025 3289 1078 3341 Cir.
1092 3286 1176 3340 Bentl.
1190 3287 1224 3338 ed
1236 3289 1265 3338 Α.

177 3365 430 3418 iertasermons.»
447 3365 578 3431 -nnnuJ
598 3366 706 3417 «cuini-
743 3366 770 3414 Ρ.
792 3364 832 3415 99.
871 3363 978 3425 Quintil.
999 3366 1028 3426 8,
1056 3363 1084 3426 3,
1112 3362 1162 3414 li:
1187 3373 1270 3426 pem

178 3441 211 3492 hil
229 3443 343 3494 ornatus
359 3443 457 3507 poetici
475 3442 624 3492 admixtum
637 3442 704 3492 est.»
742 3452 823 3489 senno
844 3444 867 3489 ct
889 3439 1014 3490 dissimilis
1034 3452 1119 3490 mnne.
1139 3465 1168 3476 -
1182 3451 1270 3502 porto·

209 3517 302 3568 itt-aa.
320 3517 351 3567 At
368 3517 431 3582 cet]
451 3517 532 3580 Fingit
549 3515 599 3568 sihi
612 3516 706 3567 edver-
742 3515 826 3577 notin]
845 3515 984 3577 insecus,
1004 3515 1133 3566 comicus.
1155 3541 1182 3551 -
1203 3515 1271 3565 Toni·

178 3593 297 3652 sarium,
324 3603 406 3655 quem
431 3592 529 3642 relutat
552 3605 578 3641 v.
605 3592 647 3641 aa.
676 3614 703 3626 -
741 3589 985 3654 porc-modosque]
1004 3590 1105 3654 «pedes
1123 3590 1150 3639 st
1168 3588 1269 3654 pedum

178 3667 279 3730 m]
303 3666 355 3726 irs,
382 3668 412 3716 ut
434 3666 504 3730 virg.
523 3668 588 3716 Aen.
607 3667 637 3726 2,
656 3663 701 3716 tt:
743 3665 842 3716 scriem
864 3665 1045 3728 rhythmicam
1067 3677 1128 3714 cum
1151 3663 1270 3714 caesuris

179 3741 295 3791 Laocoon
311 3742 411 3791 orden
432 3765 459 3776 -
480 3740 575 3805 Saeuit]
595 3753 706 3803 «magna
743 3739 894 3803 legitimis.»
923 3739 976 3790 Cir.
994 3751 1021 3788 v.
1040 3740 1070 3788 7:
1093 3737 1198 3800 penius
1220 3749 1270 3786 nn-

179 3817 293 3866 curnira
306 3815 506 3879 reprehendit.»
533 3813 705 3875 Plautiipid.
743 3814 868 3876 nnrisqno
884 3815 996 3864 mutans.
1018 3837 1045 3848 -
1062 3810 1269 3875 memnonem]

180 3889 207 3950 t,
232 3892 263 3953 t,
291 3891 337 3940 et:
366 3891 415 3941 Sed
438 3895 575 3952 memento,
601 3891 623 3939 si
648 3890 709 3950 qnid
744 3889 844 3940 Versus
856 3888 932 3938 Ennii
948 3886 1063 3938 testibus
1074 3885 1161 3937 schol.
1175 3890 1202 3937 et
1212 3888 1272 3936 Ser·

180 3965 390 4028 tocoinntscnss,
417 3966 550 4029 suppetias
574 3965 635 4014 mitt
651 3977 708 4014 cuns
744 3964 787 4013 vio
805 3962 839 4012 ad
857 3965 922 4013 Aen.
941 3964 974 4023 7,
994 3963 1051 4012 622.
1073 3963 1176 4012 -mttt
1191 3963 1271 4025 ppo—

180 4051 267 4089 sororc
293 4041 368 4103 ferre.
401 4065 428 4077 -
456 4041 546 4103 nepos]
575 4033 706 4101 ἄσωτος,
744 4037 955 4100 insontesque]
979 4038 1069 4100 imago
1091 4036 1232 4100 desumpta
1255 4049 1270 4086 a

182 4106 321 4180 ἀσελγής,
353 4114 551 4166 «dissolutus».
588 4113 646 4163 Viti.
673 4113 707 4162 sd
745 4114 808 4162 lunc
833 4113 935 4176 aperto.
971 4113 1045 4178 virg,
1066 4113 1131 4162 Aen.
1156 4112 1182 4172 l,
1207 4109 1269 4161 tet:

183 4187 308 4253 Epod.l,
327 4187 368 4240 dl.
390 4217 418 4226 -
438 4189 706 4253 anteNoctom1nco-
746 4187 900 4238 Clcndentnr
923 4186 986 4235 Belli
1008 4191 1107 4249 portae.
1151 4189 1216 4237 rien.
1241 4186 1269 4243 6,

184 4264 308 4314 misectur
336 4265 388 4314 ism
416 4277 466 4329 par
491 4261 707 4329 crepusculqu
745 4262 806 4312 279:
834 4260 1040 4325 mortiferumque
1062 4261 1167 4312 adverso
1189 4261 1216 4326 in
1239 4259 1272 4308 n-

186 4340 261 4388 ·aute
282 4337 399 4390 mediam
421 4341 544 4390 noctem»
572 4336 708 4402 quomodo
745 4338 814 4386 minc
838 4336 941 4386 &dunt
978 4339 1042 4387 Aen.
1066 4336 1093 4398 7,
1121 4335 1184 4386 stt:
1211 4333 1272 4384 Belli
