3130 4966
565 415 626 466 ΗΒ.
644 415 665 464 1.
701 415 768 466 SAT.
788 415 829 465 lll.

155 574 285 662 Urgeris
306 571 401 640 turba
423 573 544 639 circum
567 582 600 638 te
622 581 725 638 stante
747 571 912 659 miserque

156 697 325 783 Rumperis
347 704 381 763 et
401 694 515 770 latras,
538 715 728 782 magnorum
751 694 889 760 maxime
912 713 1034 780 regum.

155 820 200 885 Ne
221 818 354 906 longum
376 816 508 884 faciam:
532 816 610 882 dum
634 827 666 881 tu
689 815 869 902 quadrante
891 815 1031 882 lavatum

155 941 222 1008 Rex
245 939 308 1008 ibis
331 959 437 1026 neque
461 948 493 1004 tc
515 938 689 1026 quisquam
711 938 845 1025 stipator
868 937 1011 1024 ineptum

155 1063 288 1129 Praeter
310 1061 495 1149 Crispinum
517 1058 710 1136 sectabitur,
734 1057 864 1126 etmihi
888 1057 1000 1126 dulces

155 1185 340 1272 ignoscent,
365 1183 393 1249 si
415 1181 495 1270 quid
516 1155 656 1270 peccaro
679 1180 814 1257 stultus,
838 1182 948 1256 amici,
1181 1181 1193 1247 l
1201 1183 1243 1248 t0

156 1307 257 1394 Inque
279 1305 385 1372 vicem
408 1303 536 1370 illorum
558 1303 663 1392 patiar
685 1301 802 1369 delicta
824 1301 976 1381 libenter,

156 1428 368 1514 Privatusque
392 1425 494 1514 magis
517 1425 623 1492 vivam
645 1433 677 1490 te
700 1446 777 1512 rego
800 1423 924 1490 beatus.

223 1571 280 1620 439.
299 1575 328 1620 04
343 1570 404 1619 mitt
421 1568 504 1619 cedd.
524 1570 606 1628 Fene,
625 1567 757 1633 probante
774 1567 904 1631 Madvigio
922 1568 956 1619 ad
974 1569 1028 1620 Cic.
1042 1569 1076 1620 de
1095 1571 1167 1622 Finn.
1186 1583 1212 1636 p.

188 1646 245 1696 4344.
270 1647 302 1709 (et
323 1657 419 1695 omnes
442 1645 497 1695 mel
518 1647 546 1694 et
567 1644 701 1705 Pottierii.)
722 1669 749 1680 -·
769 1642 825 1694 4444.
845 1657 980 1704 peccavero
1001 1645 1063 1695 th.
1098 1646 1214 1708 (peccam

187 1719 263 1786 yar.)
284 1747 312 1756 —
326 1719 382 1770 tta.
399 1720 570 1780 4440044444οω
586 1735 604 1784 γ
621 1720 648 1768 04
667 1731 723 1768 var.
743 1716 804 1768 leet.
823 1735 851 1767 κ.

157 1825 238 1884 dass,
268 1821 357 1884 tua,
385 1823 534 1885 4044040440,
564 1822 683 1885 maleta,
722 1822 813 1872 autem
839 1819 889 1872 sibi
915 1821 1081 1885 respondent
1104 1827 1128 1873 et
1142 1847 1156 1859 ·
1172 1835 1220 1884 aaa
1234 1849 1248 1858 -

157 1912 204 1948 rea
220 1897 327 1959 00040440
343 1909 440 1961 reaten.
722 1909 778 1960 qua.
813 1893 861 1946 atti
881 1897 1001 1960 protasia
1022 1895 1148 1948 claudunt
1163 1896 1248 1947 verbo

188 1971 312 2022 433-436.
335 1971 437 2035 Vellent]
451 1971 493 2021 Sic
504 1971 553 2021 Dio
565 1971 628 2022 Clrr.
639 1971 682 2020 Or.
722 1971 781 2030 ibis,
800 1971 830 2020 ut
847 1967 897 2021 sibi
914 1969 1096 2034 respondeant
1111 1985 1214 2034 4400440-
1227 1977 1250 2021 04

156 2041 685 2112 raptet.u.zraatevotuvatoaca
723 2044 784 2107 oet.)
805 2069 832 2080 -
853 2045 994 2105 quadrante
1004 2045 1127 2110 lavatam]
1146 2047 1174 2096 ln
1192 2045 1248 2096 bal-

157 2117 286 2182 ἀχὶτωνα
303 2120 334 2172 ἐν
355 2121 458 2189 ἱματίῳ
478 2115 616 2186 κομῶντα
631 2117 685 2186 τὴν
722 2119 780 2169 nais
810 2117 924 2183 publicis
956 2119 1079 2171 homines
1113 2122 1248 2173 tenuiores

157 2192 288 2261 κεφαλὴν
309 2191 412 2246 καὶτὰ
431 2198 541 2263 γένεια,
557 2224 572 2235 -
589 2223 603 2234 -
619 2195 685 2257 ricot-
723 2195 890 2256 0000404404
911 2193 1065 2258 pendebant
1089 2193 1246 2247 balneatori.

158 2285 277 2321 armna
300 2271 349 2321 44044
372 2271 532 2342 ἐρεθίζουσι
553 2271 603 2322 καὶ
618 2265 685 2338 ἢτοι
722 2268 847 2321 Similiter
863 2273 954 2321 turen.
969 2273 997 2332 6,
1017 2270 1080 2323 itt:
1108 2274 1251 2336 quadrante

157 2345 354 2414 κατεγέλων
389 2341 410 2411 ἢ
441 2341 632 2416 ἐλοιδόρησάν
665 2340 686 2412 ἢ
721 2345 813 2394 tanam
830 2373 858 2384 -
871 2346 986 2411 stipator]
1000 2345 1089 2396 ovelut
1103 2347 1209 2399 satelles
1222 2353 1249 2399 et

159 2421 251 2474 444040
268 2415 403 2473 ἕλκουσιν
420 2417 633 2486 ἐπιλαβόμενοι.
655 2449 683 2458 -
722 2418 850 2473 assecla.»
868 2422 953 2470 varro
966 2423 994 2472 L.
1017 2421 1044 2471 L.
1065 2421 1094 2483 7,
1118 2424 1165 2473 ta:
1194 2425 1249 2474 ta-

159 2496 272 2562 barbam]
290 2509 354 2546 oum
371 2495 457 2548 abolla
475 2497 577 2559 insigne
594 2496 686 2546 buius-
721 2500 827 2546 traaas
849 2496 909 2546 dicti
925 2495 958 2545 ab
979 2495 1069 2558 404040,
1094 2498 1137 2560 pai
1153 2499 1249 2550 04400444

157 2571 228 2622 modi
242 2571 639 2634 Stoicorumsemicynicorum.
655 2597 682 2608 -
721 2570 805 2620 404040
834 2575 907 2620 arant
929 2570 984 2634 rapi
1009 2576 1084 2632 040440
1108 2574 1142 2622 aa
1166 2573 1248 2624 404040

158 2645 264 2710 tacetur]
283 2659 415 2710 «quorum
430 2645 603 2712 petulantiam
620 2659 685 2710 pro·
720 2644 843 2694 4044000444
857 2645 968 2707 saram,
988 2657 1049 2706 qaas
1061 2651 1150 2707 postea
1166 2663 1184 2698 a
1200 2651 1247 2699 sti-

157 2723 233 2771 40004
249 2719 360 2770 ridicula
372 2721 418 2770 tua
430 2719 588 2772 declamatio
601 2721 628 2769 el
638 2733 685 2782 ge·
717 2719 822 2781 patiano
844 2720 1008 2781 stipatores
1028 2721 1196 2782 appellarant.
1219 2749 1260 2760 -,.

158 2793 314 2846 stioulatio.»
334 2821 360 2832 -
384 2795 456 2860 fuste]
475 2808 557 2859 quem
575 2807 684 2860 semper
720 2793 839 2857 inartam]
863 2793 985 2844 Wielnnd
1010 2799 1149 2859 comparat
1175 2797 1248 2848 tran-

158 2869 280 2921 manibus
299 2869 437 2933 gerebant.
466 2869 549 2919 allino
565 2869 644 2919 Stoici
657 2870 684 2918 et
721 2865 878 2930 cogollicum
895 2869 971 2918 clean
992 2869 1121 2921 radotear.
1142 2897 1170 2907 —
1190 2873 1248 2922 044·-

158 2945 249 3007 cynici
266 2943 602 3007 bacnopnttaedicisoliti,
622 2944 683 3008 quia
720 2942 828 3005 4044444444]
855 2943 908 2992 Ctr.
936 2944 989 2993 Sat.
1018 2945 1045 3005 4,
1074 2947 1102 3006 4,
1131 2947 1187 2996 lto.
1218 2975 1246 2994 -.·

157 3023 265 3084 praeter
291 3019 419 3070 baculum
444 3021 472 3069 et
499 3031 594 3084 peram
619 3017 683 3068 nibil
716 3017 834 3080 0400040]
856 3017 1009 3068 tectionem
1028 3031 1167 3080 peccavero
1191 3025 1248 3088 pri·

158 3094 319 3145 baberent.»
358 3095 512 3156 Hieronym.
540 3095 566 3143 in
592 3093 681 3145 4404444.
721 3104 782 3142 mus
793 3090 886 3142 reiecit
897 3089 1022 3153 Bentley;
1043 3105 1146 3157 cneque
1158 3099 1246 3148 enirn»

159 3170 197 3230 44,
212 3169 254 3220 to.
268 3193 295 3204 —
306 3168 446 3234 anpats]
465 3167 611 3220 clamitans
627 3168 681 3219 Cio.
721 3167 818 3230 inquit,
842 3179 875 3215 «0
891 3164 969 3216 finale
990 3167 1017 3215 in
1035 3167 1126 3218 verbis
1144 3172 1247 3223 temere

157 3244 191 3294 ad
208 3245 282 3294 Fam,
301 3245 332 3304 7,
352 3246 379 3304 4,
398 3244 426 3296 l:
451 3245 536 3307 dirupi
551 3256 592 3294 4440
603 3256 685 3306 poene
721 3240 841 3290 invenies
858 3243 1012 3305 correptum
1029 3243 1101 3305 apud
1117 3245 1175 3296 eins
1187 3249 1247 3298 aevi

158 3320 183 3370 in
198 3319 293 3370 40444040
312 3318 387 3370 Galli.
721 3317 878 3380 scriptores;
893 3320 919 3366 et
931 3315 1020 3366 adbuc
1031 3316 1124 3370 durius
1137 3323 1186 3383 est,
1198 3321 1247 3372 ubi

189 3393 312 3444 tet-tta.
332 3395 417 3445 «Dum
435 3395 478 3455 lu,
497 3393 598 3455 Stoice,
620 3405 684 3458 pro·
721 3405 838 3456 sequens
856 3391 1018 3443 vocabulum
1035 3407 1050 3443 a
1068 3393 1173 3448 duabus
1185 3411 1247 3448 rnu-

158 3469 217 3532 pter
241 3469 329 3532 ipsam
354 3469 538 3519 morositatem
563 3469 589 3518 in
615 3466 684 3517 iudi·
722 3467 753 3516 tis
771 3465 980 3516 consonantibus
997 3467 1161 3520 inchoatur.»
1184 3472 1248 3522 Cor-

158 3543 243 3594 onndo
267 3541 302 3592 ab
326 3542 451 3594 omnibus
472 3545 581 3607 praeter
600 3553 684 3591 unum
720 3541 848 3604 reptionis
870 3539 992 3605 exempla
1015 3542 1083 3592 baec
1108 3543 1193 3594 attulit
1216 3547 1245 3597 C.

158 3615 229 3667 illrum
246 3617 414 3680 Crispinum,
437 3617 574 3668 hominem
597 3617 685 3682 perri·
721 3618 838 3665 Passou:
865 3617 918 3665 Sat.
942 3616 972 3675 4,
1000 3615 1029 3676 4,
1057 3615 1119 3668 tot:
1148 3619 1247 3672 Dtacro

160 3690 288 3752 (ticulum,
303 3689 447 3742 derelictus
459 3703 563 3751 manes,
576 3703 626 3754 ego
637 3701 686 3738 na·
721 3690 795 3751 qaid,
814 3690 836 3738 st
851 3690 916 3753 sorte
934 3692 985 3739 cet.
1022 3691 1075 3740 Sat.
1089 3693 1116 3753 4,
1136 3693 1164 3754 6,
1185 3694 1245 3744 449;

158 3767 232 3816 urae
244 3765 600 3829 bumanaemoremgerens
611 3765 685 3816 truor
721 3764 817 3814 Deinde
832 3777 861 3814 00
872 3764 1015 3814 dormitam
1043 3765 1096 3815 Sat.
1116 3767 1146 3828 4,
1166 3767 1196 3827 9,
1215 3768 1244 3818 2:

157 3843 229 3890 sorte
245 3838 326 3903 longe
342 3837 474 3899 loliciore;
494 3841 594 3890 etenim
608 3852 685 3889 com·
721 3839 809 3890 Nesor'o
825 3839 886 3899 qaia
901 3839 1032 3890 444σά440444.
1054 3851 1079 3889 v.
1096 3839 1141 3889 tr:
1169 3854 1248 3903 044044-

156 3910 247 3977 plures
265 3914 368 3964 amicos
384 3913 473 3964 babeo
492 3915 518 3964 in
534 3927 578 3964 me
597 3925 683 3977 aeque
722 3914 782 3964 dam
804 3914 860 3963 0040
884 3914 988 3964 viseraa
1017 3941 1045 3950 —
1072 3915 1168 3981 stultus]
1193 3929 1247 3968 nou

157 3985 325 4050 indulgentes
343 3989 372 4037 et
388 4000 480 4038 comes
497 3991 578 4052 atqua
596 4001 646 4051 ego
657 3988 684 4037 in
723 3987 930 4052 simpronianum
957 3989 1006 4039 sod
1030 4002 1104 4040 anon
1126 3991 1246 4055 sapiens,

157 4059 214 4111 illos
231 4075 319 4112 sumn·
339 4061 395 4126 (Vv.
407 4076 487 4125 nepta
503 4069 526 4114 te
541 4064 592 4115 cet.
605 4063 684 4126 iungo
722 4063 910 4114 nonStoicus.»
929 4063 986 4113 Vid.
1001 4063 1171 4115 Funkhaenel
1181 4066 1247 4115 Zeit-

158 4147 218 4185 cum
238 4138 340 4201 protasi
361 4138 421 4187 dam
439 4141 502 4198 cet.;
529 4139 556 4188 in
573 4136 684 4202 apodosi
720 4139 784 4189 4044.
803 4139 821 4200 s.
840 4137 1059 4216 Atrataarett.
1078 4151 1105 4203 p.
1124 4140 1181 4190 7⁰0.

625 4329 778 4339 ..η-..-

245 4386 338 4435 tlonar.
354 4398 410 4434 rou.
427 4387 452 4434 ll.
484 4399 522 4435 su.
539 4398 617 4435 usion
632 4386 668 4434 lll.
1061 4389 1075 4432 5
