3130 4966
649 371 780 422 donatii
797 369 978 423 sicininum

311 531 417 596 Snave
440 529 531 595 iocus
553 505 623 593 voci
647 535 779 593 resonat
801 525 984 594 conclusus.
1031 527 1147 592 inanes

312 652 381 738 Hoc
403 651 504 726 iuvat,
529 648 615 716 hand
639 647 716 714 iliud
739 659 942 736 quaerentes,
966 670 1044 714 num
1067 648 1136 714 sine
1159 666 1268 722 sensu,

312 775 469 860 Tempore
492 793 568 837 num
590 771 707 838 iaciant
728 770 843 837 alieno.
889 768 1033 836 Laedere
1057 767 1201 854 gaudes,

312 895 432 982 inquit,
456 904 488 960 et
509 893 571 960 hoc
594 892 700 960 studio
724 913 842 980 pratus
865 891 952 958 iacis.
999 890 1087 960 Unde
1111 891 1246 979 petitum

312 1018 381 1083 Huc
404 1015 436 1081 in
460 1037 512 1082 me
535 1015 637 1082 iacis?
660 1015 715 1080 Est
736 1023 849 1080 auctor
871 1015 944 1102 quis
967 1012 1110 1101 denique
1133 1034 1260 1088 eorum,
1316 1015 1358 1077 80

312 1138 380 1204 Vixi
402 1158 477 1205 cum
498 1137 640 1224 quibus?
662 1136 836 1204 Absentem
858 1136 914 1224 qui
937 1135 1022 1202 rodit
1043 1136 1198 1214 amicum,

311 1260 374 1340 Qui
396 1280 460 1325 non
482 1258 626 1326 defendit
648 1257 711 1325 alio
734 1257 900 1346 culpante,
925 1257 1048 1324 solutos

312 1383 375 1462 Qui
398 1391 505 1469 captat
526 1381 610 1447 risos
633 1379 798 1446 huminum
820 1381 1002 1468 famamque
1025 1379 1162 1456 dicacis,

311 1503 446 1591 Fingere
469 1503 526 1590 qui
549 1523 613 1568 nun
635 1503 705 1570 visa
727 1511 850 1590 potest,
874 1501 1047 1570 commissa
1070 1510 1178 1568 tacere

334 1703 375 1753 ro.
394 1702 478 1752 inanis
494 1714 517 1751 c.
539 1727 566 1738 -
586 1700 627 1751 79.
654 1701 740 1762 irionis
755 1699 807 1765 cdp
825 1702 852 1750 et
869 1713 938 1752 corr.
958 1700 992 1762 b,
1023 1703 1088 1750 item
1114 1699 1208 1750 LCtFJ.
1234 1699 1328 1764 (inquit

301 1779 382 1828 etiam
399 1771 416 1840 ξ
433 1789 495 1826 cum
513 1773 619 1826 duobus
639 1774 789 1837 Torrentii.)

269 1941 317 1978 seeo
332 1927 359 1976 in
378 1925 571 1987 immolaret.
592 1949 620 1960 -
639 1923 708 1976 nond
724 1923 795 1989 tund]
832 1925 903 1986 dios,
926 1923 968 1974 eni
990 1936 1080 1974 nonen
1102 1928 1137 1972 est
1159 1923 1288 1982 Phormio,
1314 1937 1361 1974 nee

270 2002 395 2053 «Gravior
407 2001 510 2063 negotio
522 2000 548 2049 in
561 2000 592 2050 iis
604 2002 731 2064 apparet,
750 1997 797 2049 ubi
832 2001 917 2050 minue
944 1999 1017 2063 niqer
1044 2012 1088 2048 nec
1112 1999 1194 2048 minue
1218 2000 1358 2062 confidens,

268 2089 352 2126 unum
369 2073 529 2126 vocabuium
542 2087 590 2125 sue
603 2075 742 2136 negatione
754 2075 797 2123 in·
833 2087 910 2136 quom
934 2073 976 2124 iiio
999 2074 1159 2124 Terentianus
1176 2077 1211 2123 est
1234 2074 1357 2123 Phormio.

271 2149 387 2200 tenditur
404 2150 483 2212 atque
502 2160 554 2197 una
571 2160 615 2198 res
630 2146 739 2210 reliquis
751 2161 798 2211 op-
835 2172 863 2184 -
874 2147 992 2212 iiorinone]
1003 2147 1160 2212 «mprobe,
1171 2147 1287 2198 utdecet
1299 2160 1360 2198 osse

274 2225 405 2288 pontium
439 2223 511 2272 iiim
533 2222 610 2272 Turs.
633 2223 675 2272 iil.
706 2235 731 2285 p.
755 2221 795 2271 δι.
833 2224 1007 2272 Romanum.»
1027 2249 1055 2258 —-
1073 2222 1154 2272 tribuo
1176 2221 1253 2286 tectis]
1272 2223 1361 2272 oliuo·

273 2325 299 2336 -
319 2296 399 2361 senne]
417 2299 562 2347 communi.
582 2297 634 2346 Sat.
654 2297 683 2351 ι,
703 2295 731 2356 3,
754 2295 795 2344 66.
833 2296 921 2347 decim
943 2297 1066 2348 homines
1091 2298 1118 2348 in
1144 2295 1268 2356 triclinio;
1298 2309 1360 2348 nam

273 2399 299 2410 -
326 2370 418 2435 inquo]
444 2371 614 2421 adversarius
643 2369 751 2433 eiiquis,
779 2362 797 2418 ὁ
834 2371 895 2422 inde
913 2370 1055 2422 triclinium
1073 2371 1174 2422 dictum
1192 2374 1248 2433 ast,
1267 2370 1359 2422 scite

270 2444 373 2508 τυχών.
409 2447 481 2496 Haec
507 2443 619 2497 iormula
645 2458 659 2494 a
683 2443 797 2495 librariis
833 2445 918 2498 tribus
943 2445 1044 2498 lectis.»
1074 2447 1159 2496 Coun,
1187 2447 1231 2496 Cu.
1263 2447 1359 2496 Lectus

269 2521 428 2586 plerumque
446 2522 585 2571 immutata
603 2523 645 2570 est
662 2521 687 2568 in
704 2519 795 2581 inuitis.
833 2523 917 2582 imus,
936 2521 1057 2582 medius,
1070 2533 1202 2572 summus.
1232 2519 1298 2570 Vide
1313 2521 1361 2570 Ex·

273 2621 300 2633 -
327 2597 373 2646 noc
396 2597 477 2645 studio
499 2607 598 2657 pronus
621 2593 694 2658 sacis]
719 2607 797 2644 «cum
834 2608 943 2646 cursum
961 2595 993 2646 ad
1017 2597 1069 2646 Set.
1088 2597 1117 2654 ι,
1136 2595 1165 2654 8,
1184 2596 1226 2645 20.
1248 2621 1275 2632 -
1295 2608 1361 2656 que·

270 2683 370 2736 pravus
387 2671 438 2730 sis,
465 2669 566 2727 idest,
592 2670 703 2733 propter
721 2667 797 2718 meli·
833 2671 924 2732 ternos]
946 2671 1072 2720 Summus
1093 2669 1136 2718 hic
1154 2681 1283 2720 numerus
1303 2671 1362 2718 eret

270 2747 349 2804 tiam,
376 2742 466 2794 dedite
490 2755 573 2807 opera
591 2745 671 2807 atque
689 2742 796 2794 assidue
834 2743 906 2808 apud
930 2744 1053 2794 homines
1071 2741 1256 2806 elegantiores.
1294 2743 1360 2793 iiiuc

270 2821 322 2870 hoc
347 2819 436 2870 iecere
462 2816 533 2870 soles
560 2831 647 2881 eoque
669 2817 796 2881 gaudes.»
834 2819 889 2869 Cic.
913 2818 939 2868 in
965 2818 1015 2867 Pis.
1038 2818 1085 2879 27,
1113 2817 1154 2868 67.
1179 2818 1218 2868 sic
1245 2818 1271 2866 in
1297 2829 1360 2867 eum

271 2896 328 2946 Hoc
349 2895 421 2946 enim
443 2893 512 2944 inest
531 2893 559 2943 in
575 2906 601 2943 v.
619 2893 713 2950 studio,
740 2893 798 2942 mii
833 2893 979 2944 invehitur:
1009 2893 1100 2943 dread
1120 2892 1220 2954 stipati,
1244 2891 1314 2953 quini
1334 2892 1361 2940 in

270 2971 344 3019 Lusi
369 2969 429 3017 end
452 2967 554 3025 Liete,
582 2969 612 3017 ut
629 2967 684 3016 Cic.
703 2967 795 3030 pros.
833 2967 941 3028 ιεοιιιιιε,
959 2968 1145 3030 succentores,
1163 2967 1215 3028 ipse
1230 2967 1359 3016 notescet.

271 3043 365 3094 Roscio
383 3042 429 3102 ιι,
449 3041 493 3091 ei:
512 3046 540 3091 nt
556 3055 640 3092 omnes
655 3041 798 3106 intetiiyont
837 3069 864 3080 -
893 3041 971 3107 unm]
1002 3043 1044 3094 «si
1073 3055 1126 3093 non
1155 3040 1259 3106 piures.
1291 3051 1362 3090 unus

270 3131 309 3168 me
325 3131 376 3168 nen
391 3117 473 3167 studio
495 3129 629 3178 emanere,
653 3117 695 3166 sed
714 3115 796 3180 efficio
833 3116 929 3168 saitem
952 3129 1059 3178 scurra,
1085 3129 1167 3180 quem
1190 3116 1265 3166 dives
1286 3128 1362 3165 men·

271 3192 407 3255 defendere.
437 3215 465 3226 —
492 3192 544 3242 Hoc
568 3192 596 3242 in
620 3205 659 3240 me
679 3189 750 3254 ineis]
769 3193 798 3239 ut
833 3205 879 3243 sae
911 3190 1041 3242 adhibere
1072 3191 1156 3250 solet,
1189 3194 1218 3242 ut
1248 3190 1359 3250 hebeat,

271 3266 369 3318 crebro
395 3266 491 3316 dicitur
514 3265 612 3328 probra
637 3267 663 3314 in
688 3265 798 3327 oiiqnem
835 3267 910 3318 cuius
937 3268 1001 3318 iocis
1026 3280 1056 3317 se
1083 3268 1262 3328 convivasque
1285 3263 1362 3315 deio-

270 3341 361 3391 incere.
382 3367 408 3378 -
429 3341 473 3390 Est
489 3345 579 3391 unnim
596 3339 659 3404 qno]
681 3352 750 3399 non,
769 3341 798 3389 ut
834 3343 913 3393 etet.»
948 3342 1074 3406 Speciosa
1087 3343 1129 3392 est
1146 3339 1313 3400 tedintonus,
1332 3343 1363 3391 ut

271 3413 373 3476 Schoi,
401 3415 481 3477 «quis
507 3417 549 3465 est
574 3415 705 3466 auctori»
732 3413 796 3464 sed:
834 3418 887 3466 Sat.
906 3417 935 3478 2,
954 3417 982 3476 8,
1007 3415 1053 3466 in:
1079 3416 1125 3465 inni
1148 3416 1272 3465 Conuiuae
1294 3415 1359 3465 tecti.

272 3491 363 3540 «estne
381 3489 475 3539 auctor
491 3488 585 3553 aliquis
603 3501 697 3539 eorum
715 3489 796 3540 cett·
834 3491 900 3554 Epo.
919 3491 948 3552 ι,
968 3491 1012 3552 48,
1037 3490 1083 3540 i0:
1110 3491 1155 3540 inti
1172 3491 1276 3540 Derisor
1295 3491 1359 3540 tecti.

304 3563 393 3615 tit-89.
420 3563 512 3614 sointor
538 3564 587 3626 Qui
611 3568 699 3626 contat
722 3563 797 3627 νιετιε]
834 3565 947 3626 Verum,
975 3568 1005 3614 ut
1020 3567 1094 3614 recte
1112 3564 1216 3615 dicatur
1233 3565 1297 3614 imru
1317 3565 1361 3614 inti

271 3634 480 3706 γελωτοποιός,
515 3640 561 3703 qui
589 3638 728 3689 hominum
752 3651 799 3688 ca-
834 3639 890 3690 iecti
906 3639 1013 3688 conuiuo
1030 3640 1144 3703 (Peteon.
1163 3639 1209 3690 38:
1242 3640 1310 3688 Vides
1329 3639 1362 3688 ii-

272 3715 384 3766 chinuos
399 3727 509 3765 movere
522 3713 620 3765 studet.
636 3741 664 3752 -
676 3712 716 3762 nio
726 3712 799 3775 nicer
834 3714 901 3775 tren,
926 3713 969 3776 qni
985 3714 1013 3764 in
1034 3714 1086 3764 imo
1106 3714 1172 3764 imeae
1186 3712 1356 3778 mentiti),

271 3787 317 3854 est]
343 3790 401 3839 «hic
419 3793 461 3840 est
482 3787 612 3852 improbis
634 3784 754 3838 moribus
772 3787 799 3836 et
833 3781 944 3860 ἄκυρον
962 3792 1051 3840 temen
1068 3788 1174 3839 videtur
1191 3801 1275 3840 unum
1293 3791 1362 3840 inter

270 3862 375 3927 perfido
401 3864 513 3926 ingenio.
518 3879 531 3906 ε
569 3862 655 3913 Alexis
680 3862 706 3912 in
732 3861 799 3912 Mei·
835 3866 889 3914 tres
906 3865 986 3915 trium
1003 3862 1134 3916 lectorum
1152 3865 1221 3915 imos
1238 3861 1363 3928 simplici-

271 3937 340 3987 neirii
367 3937 408 3987 Fr
433 3938 508 3986 Com.
537 3937 578 3988 ili.
601 3950 628 4001 p.
653 3935 719 3988 iit:
748 3930 797 3986 Ari
835 3941 876 3989 ter
896 3938 976 3988 imum
992 3939 1102 3988 dici.-
1074 3939 1195 4001 -emed
1218 3952 1272 3989 non
1289 3944 1360 3998 ωσι,

271 4009 346 4072 ἐστι,
357 4011 526 4072 Ναυσίνικε,
539 4011 705 4100 παρασίτων
717 4011 795 4076 γένη
834 4013 979 4076 requiritur
995 4027 1010 4062 a
1028 4014 1108 4063 totius
1133 4012 1267 4063 clausulae
1294 4027 1360 4064 con·

265 4078 317 4136 'dv
336 4083 391 4150 irio
412 4080 447 4136 τὸ
468 4081 568 4136 κοινὸν
590 4085 639 4137 και
660 4099 798 4150 κεκωμω-
834 4086 994 4147 structione,
1036 4100 1086 4136 nec
1122 4086 1243 4138 subsistit
1279 4087 1360 4138 homo

271 4157 410 4226 δημένον,
437 4159 473 4210 Oi
495 4159 617 4227 μέλανες
643 4155 736 4226 ἡμεῖς
756 4158 799 4210 Ci-
834 4159 969 4209 mordax
963 4159 1056 4211 insola
1069 4161 1363 4227 cupiditatoalioscar-

273 4248 335 4286 cero
353 4247 402 4300 pro
424 4235 502 4286 Caec.
522 4237 569 4296 tc,
587 4236 632 4286 ni:
659 4235 719 4286 See.
740 4235 799 4286 Cio-
834 4233 925 4298 pendi,
937 4235 1009 4297 quod
1022 4247 1106 4286 unum
1117 4236 1204 4287 inest¹
1198 4251 1223 4286 m
1237 4251 1262 4287 v.
1276 4249 1358 4286 unere.
