3022 4984
585 451 645 502 ΑΗΒ
662 451 808 504 Poenici.

200 607 357 674 Traverso
379 607 503 674 calamo
526 607 669 694 signum,
693 605 862 675 ambitiosa
885 606 1007 676 recidet

199 730 412 808 Omamenta,
436 749 551 817 parum
575 728 671 796 cieris
693 728 799 796 iucem
821 727 901 796 dare
924 739 1033 818 coget,

128 905 131 910 .
199 854 319 938 Arguat
339 849 490 938 ambigue
513 847 649 928 dictum,
673 848 827 917 mutanda
849 847 985 928 notabit,

199 971 266 1038 Fiet
287 971 506 1052 dustarehus3
529 990 593 1038 non
615 971 716 1039 dicet:
741 971 807 1039 Cur
829 991 892 1058 ego
913 971 1052 1039 amicum
1180 977 1245 1041 450

197 1090 368 1160 Offendsm
390 1093 423 1158 in
445 1093 565 1180 nugis?
608 1095 676 1160 iiae
699 1113 805 1180 nugae
828 1093 914 1160 seria
935 1093 1056 1162 ducent

188 1265 214 1322 S,
232 1269 302 1328 coget
318 1264 380 1313 dore
395 1263 476 1314 tracen
491 1265 519 1314 Τ.
541 1292 568 1300 -
587 1263 645 1315 inc.
664 1265 722 1328 ooo]
740 1263 865 1324 rachio,
885 1264 1010 1314 undecim
1023 1265 1109 1329 Regii,
1128 1267 1208 1317 LCtF.

189 1339 228 1400 (tit
243 1349 304 1398 nos,
323 1336 387 1401 Sdp,
406 1350 455 1388 «ex
472 1339 568 1390 nostris
587 1341 660 1389 certe
678 1338 774 1389 decem
789 1341 816 1388 et
826 1339 854 1388 in
866 1338 907 1388 iris
919 1351 1014 1390 omues
1025 1341 1210 1394 vetustiores.»

187 1412 290 1472 iissre.)
311 1439 338 1448 -
357 1411 415 1462 itti.
434 1412 528 1462 demet
544 1425 613 1462 unus
630 1413 778 1476 Pragensis.

153 1561 232 1610 Nereo
239 1573 352 1622 onqoom
359 1573 439 1621 neque
448 1561 526 1622 poeto
536 1574 614 1622 eaque
622 1575 681 1611 oro·
717 1557 804 1620 ribus,
823 1571 885 1610 cum
897 1562 1008 1612 veritate
1021 1565 1137 1626 careant,
1155 1562 1238 1613 recidi

154 1641 195 1685 tor·
216 1635 282 1698 seit,
312 1635 355 1697 qni
380 1648 530 1697 qumquam
554 1635 681 1685 meliorem
717 1631 845 1684 iubebit.»
866 1635 1082 1701 Epp.2,2,i22:
1101 1637 1240 1688 inmission-

154 1709 455 1771 quomseorbttroreter.
473 1710 611 1759 Boeotiam
622 1721 677 1758 mc·
716 1712 753 1760 tio
770 1715 911 1772 compescet.
928 1735 955 1747 -
974 1710 1069 1774 Arprrct
1084 1711 1147 1776 cet]
1168 1715 1242 1776 «ipsa

154 1785 185 1834 its
200 1785 329 1848 contingit.
349 1785 426 1834 tusc.
440 1785 464 1844 s,
478 1785 518 1844 ἥ,
532 1783 577 1833 6³:
596 1783 680 1834 innoc
717 1784 926 1848 reprehensione
951 1783 1022 1835 ciare
1049 1785 1243 1838 demonstrabit

154 1861 219 1909 enirn
235 1859 422 1922 emmenrode
443 1872 492 1920 otto
508 1863 582 1920 pecto
598 1859 681 1922 mepte
717 1859 868 1910 huiusmodi
881 1859 1056 1925 amphiboliae
1068 1861 1190 1911 vitandas
1201 1874 1243 1912 es·

154 1949 230 1996 qnam
247 1936 273 1983 tn
290 1933 348 1983 otiis
363 1947 436 1983 mum
447 1935 538 1994 eoique
545 1933 680 1996 petrinam
716 1945 772 1984 se.»
793 1961 821 1970 -
839 1935 971 1999 micando]
993 1936 1049 1985 iioc
1071 1935 1186 1986 retertur
1208 1935 1242 1986 ad

153 2014 187 2058 est
196 2023 205 2068 ;
222 2009 303 2059 editio
318 2009 442 2058 nanim
453 2009 557 2073 cognovi
565 2011 678 2071 poetam,
716 2005 818 2071 singula
834 2007 917 2058 verba
936 2021 1084 2072 eorumque
1103 2009 1240 2070 ordinem;

154 2085 197 2146 put
221 2083 266 2132 riti
290 2097 341 2133 eon
363 2083 471 2145 optimus
491 2083 627 2134 viderem.
649 2109 672 2120 -·
717 2081 751 2131 de
768 2083 831 2132 totis
849 2083 920 2133 enim
935 2081 1060 2134 versibus
1078 2085 1242 2148 corrigendis

152 2159 205 2208 sinc
220 2157 305 2222 menti]
335 2159 418 2208 «Sane
436 2157 498 2221 quia
515 2155 599 2208 maios
617 2169 679 2206 ver·
716 2157 780 2208 satis
798 2156 900 2206 dixerat
916 2171 960 2206 vv.
982 2157 1119 2210 tte-itt.
1144 2187 1171 2194 -
1189 2159 1243 2209 Fiet

154 2245 200 2283 sus
217 2233 403 2297 composuisti,
423 2243 502 2282 nemo
518 2230 606 2282 rivaiis
619 2233 678 2282 tuus
716 2230 883 2296 Aristaenetus]
901 2232 1029 2283 «Omnino
1048 2233 1098 2282 erit
1109 2231 1175 2283 aiter
1186 2235 1242 2283 Ari·

154 2319 230 2368 esse,
249 2310 339 2356 tecum
351 2305 515 2356 contendere
527 2303 610 2365 volet;
629 2318 679 2355 ra·
716 2305 870 2366 starchus,»
894 2305 970 2356 cuius
992 2309 1023 2355 ut
1043 2308 1141 2358 summi
1158 2307 1240 2358 critici

153 2383 194 2432 nis
219 2383 309 2431 autem
336 2380 488 2432 hominibus
511 2379 600 2445 piacet
621 2381 677 2430 sine
716 2391 815 2430 nomen
832 2381 859 2430 in
871 2379 1164 2444 proverbiumabierat.
1184 2382 1238 2432 Cic.

153 2454 264 2506 aemulis
282 2467 369 2506 esse.»
392 2455 431 2505 Ci.
451 2455 506 2506 Cic,
524 2455 558 2505 ad
575 2456 605 2516 Q.
624 2455 679 2506 ira-
715 2454 749 2504 ad
766 2456 818 2505 itt.
832 2457 861 2516 i,
879 2454 924 2518 ti,
941 2455 970 2504 3:
990 2469 1100 2518 ocermn
1116 2456 1241 2520 (manen

153 2533 222 2581 trem
240 2531 267 2592 3,
281 2530 312 2589 8,
325 2529 357 2580 i:
378 2529 398 2578 0
415 2530 464 2592 dii,
484 2543 560 2592 onom
570 2531 676 2592 ineptus,
714 2530 868 2594 arctionern)
885 2530 1083 2581 tarditates-citus
1094 2545 1128 2582 os.
1147 2534 1173 2582 in
1186 2535 1238 2584 Pis.

154 2618 230 2667 mmm
247 2617 271 2655 re
288 2606 339 2666 ipse
356 2617 447 2654 amores
462 2605 515 2655 sine
530 2605 615 2654 riveti.
715 2603 756 2665 ³⁰,
769 2603 810 2654 73:
825 2605 1238 2668 Quoniamteoondristarctum,
1285 2597 1298 2618 ⁸

185 2677 321 2731 tte-ina.
348 2678 451 2742 inertes]
475 2680 552 2729 «eine
576 2680 632 2728 arte
650 2681 678 2728 et
714 2679 885 2728 sedPtotorin
901 2681 1096 2742 grammaticum
1111 2681 1238 2741 noemia,
1276 2723 1281 2734 .

152 2755 279 2817 gravitate
297 2753 407 2803 iactos.»
426 2753 510 2803 cour.
525 2753 604 2810 Cano.
624 2754 678 2802 im·
714 2752 757 2812 ersi
780 2765 831 2801 non
851 2757 939 2801 cotom
959 2765 1073 2815 opponm
1094 2755 1129 2804 ad
1144 2753 1240 2804 mian

151 2828 244 2892 primis
265 2825 395 2890 significat
417 2827 528 2886 otiosos,
555 2825 618 2875 nihii
636 2825 677 2876 di·
712 2837 824 2886 numm,
842 2827 885 2876 sert
898 2828 1002 2888 potitam
1012 2828 1239 2890 onnupersepeo-

152 2904 258 2963 cenies,
286 2901 358 2964 quod
384 2913 547 2966 magnopere
566 2901 675 2950 adrem
713 2913 748 2950 re.
775 2901 841 2964 (vid.
859 2902 977 2951 indicem
995 2903 1070 2952 Nom.
1089 2905 1189 2967 propr.)
1209 2931 1237 2942 -

152 2977 243 3038 iaciat,
262 2977 311 3026 dte
327 2975 476 3026 Leertoit.
496 2975 572 3025 Voss.
589 3003 616 3010 -
634 2975 676 3024 in·
712 2987 763 3024 non
780 2975 850 3038 dicet]
870 2977 957 3036 «tice,
976 2976 999 3026 si
1016 2989 1096 3028 aures
1113 2974 1237 3038 consutis,

151 3050 262 3114 comptis]
275 3051 378 3100 «miuus
391 3047 555 3112 elegantibus
567 3051 677 3114 propter
713 3047 818 3112 pienius
830 3048 976 3113 fortiusque
989 3051 1050 3113 exit,
1066 3051 1130 3114 quin
1141 3053 1168 3101 et
1178 3063 1239 3102 sen-

151 3125 233 3176 verba
251 3124 359 3176 humilia
377 3128 403 3175 et
419 3118 522 3195 ἄκυρα,
540 3124 675 3174 interdum
714 3123 812 3172 tentiae
838 3135 945 3188 quoque
971 3123 1098 3187 ponderis
1121 3123 1238 3175 nonnihit

151 3199 193 3251 rei
218 3203 329 3266 propter
349 3211 446 3250 sonum
468 3201 625 3263 ingratum.»
646 3227 673 3236 -
713 3197 900 3261 gravitatisque
926 3197 1024 3249 addit.»
1047 3199 1139 3248 Bsnrn.
1170 3201 1238 3260 Quin

150 3275 281 3336 incomptis
297 3275 359 3336 cet]
381 3273 474 3324 uobeio
491 3285 586 3324 versus
603 3273 675 3323 initio
713 3273 792 3323 etiam
811 3274 909 3324 rectior
925 3271 969 3332 iit;
995 3287 1056 3324 narn
1079 3274 1105 3324 in
1123 3273 1237 3325 lectione

151 3350 271 3415 apposito
290 3349 324 3412 (id
342 3349 413 3412 quod
432 3351 501 3399 inest
521 3349 590 3398 inv.
609 3349 676 3398 odit-
712 3361 757 3397 noo
781 3347 844 3397 dicet
868 3360 910 3396 vv.
935 3347 1108 3398 Aristarchum
1129 3349 1186 3412 lteri
1210 3351 1238 3400 et

150 3431 191 3474 net
208 3423 420 3489 cestretcien)
440 3421 597 3488 significabit
612 3437 676 3474 ver·
711 3435 761 3471 non
772 3421 854 3471 rimare
864 3424 893 3470 ut
904 3420 1025 3472 eiusdem
1037 3423 1142 3486 generis
1154 3424 1238 3474 actio·

151 3511 212 3550 sum
229 3511 289 3550 esse
308 3497 480 3549 delendum.»
506 3499 573 3548 Dicit
584 3500 674 3548 eutem
712 3509 760 3548 nas
788 3507 915 3560 perverse
943 3495 1068 3548 videntur
1103 3497 1234 3562 coniungi.

151 3579 235 3624 einen
258 3573 350 3624 iestiva
368 3573 479 3636 diiogia;
503 3585 565 3622 nam
583 3575 610 3623 et
626 3585 674 3622 co·
712 3573 809 3623 Contra
842 3585 893 3620 non
919 3571 983 3621 dicet
1009 3571 1062 3622 hoc
1088 3571 1234 3634 significat:

150 3647 206 3698 iore
223 3655 308 3698 etnim
325 3650 383 3698 erat
404 3649 510 3711 signum
530 3649 558 3698 et
573 3649 675 3712 niprmn
713 3646 855 3709 uquocirca
871 3645 915 3696 hic
933 3646 988 3696 tam
1005 3657 1116 3696 severus
1128 3647 1236 3697 ondens

151 3722 228 3773 simul
245 3723 312 3772 theta
329 3722 410 3786 (Pers.
429 3721 459 3783 t,
477 3722 528 3784 te.)
546 3735 674 3772 versuum
711 3731 848 3784 nunquam
865 3719 984 3784 proiecto
995 3719 1094 3771 dicet.»
1107 3745 1136 3758 -
1153 3721 1236 3770 inea·

150 3797 354 3861 incomptcrum.
378 3821 405 3832 -
433 3795 573 3860 metuero]
600 3809 675 3859 apo·
710 3795 757 3859 ptr]
775 3796 817 3845 «in
830 3793 912 3845 rebus
923 3791 1055 3854 ievicuiis,
1074 3796 1104 3844 ut
1115 3797 1156 3844 est
1166 3805 1235 3844 unus

149 3871 365 3934 sottsttomipm
385 3869 482 3933 quibus
496 3871 619 3933 quemvis
631 3882 675 3920 su·
711 3867 811 3920 aiterve
820 3867 967 3920 versiculus
979 3868 1187 3931 reprehensione
1196 3867 1235 3918 di·

149 3945 322 4009 perracaneis
339 3945 366 3994 et
382 3942 511 3994 attentatis
528 3946 555 3993 tu
566 3942 674 3994 lectoris
711 3954 804 4005 gnus.»
820 3969 846 3980 -
859 3945 913 3993 Hor
929 3955 1012 4007 napae
1029 3942 1091 4007 cet]
1110 3943 1158 3992 rit
1168 3954 1233 3992 uero

150 4019 354 4071 admirationem
375 4023 401 4069 te
425 4021 560 4068 moturum
581 4029 674 4082 spera-
710 4017 761 4066 hae
789 4018 861 4081 ipsae
885 4031 970 4081 nugae
993 4017 1019 4067 in
1043 4029 1122 4067 causa
1145 4020 1232 4080 erunt,

149 4107 255 4145 veras.»
275 4121 301 4131 -
319 4093 411 4144 recidet
428 4092 594 4157 Ornamentis]
614 4091 674 4142 «Fi-
711 4092 740 4140 ut
757 4091 859 4142 amicus
876 4093 901 4142 in
920 4091 1033 4143 eandem
1053 4092 1234 4157 turpissimam

151 4180 230 4231 goras
247 4167 403 4218 elocutionis
421 4169 448 4216 et
463 4166 592 4228 imagines
608 4179 673 4230 pro-
711 4165 808 4216 tamam
825 4163 936 4226 ineidat,
955 4178 1024 4229 quae
1040 4168 1180 4230 persecuta
1193 4168 1234 4218 est

151 4245 210 4306 pter
227 4241 450 4292 idtantummodc
462 4241 605 4304 quaesitas,
619 4252 672 4303 quo
711 4240 792 4290 etiam
816 4239 887 4304 apud
911 4240 1096 4304 posteritatem
1121 4241 1234 4292 Choeri-

151 4318 266 4367 novitate
284 4317 311 4366 et
328 4315 438 4366 audacia
455 4313 577 4380 placeant
593 4314 674 4366 lecto-
709 4312 778 4377 lum,
802 4313 926 4376 Beuum,
944 4315 1088 4376 Maeuium
1115 4315 1143 4366 td
1160 4317 1233 4379 quod
