3174 4974
298 476 359 541 464
660 471 787 522 44044444
806 469 1025 520 0004044400

341 632 480 699 Partitur
501 629 611 694 lintres
634 627 812 704 040404444ος
835 625 924 690 Actia
946 645 1053 711 pugna

343 757 385 820 Te
408 753 491 820 duce
514 771 573 838 per
595 767 714 836 pueros
737 745 843 814 hostili
867 765 957 812 more
979 745 1128 822 refertum

341 873 554 941 Adversarius
579 879 628 938 est
652 869 761 944 irater,
787 867 877 934 lacus
898 865 1032 943 Hadria,
1057 865 1162 932 donec

340 995 534 1063 Alterutrum
556 991 650 1059 velox
671 991 809 1058 Victoria
832 989 945 1056 fronde
968 999 1109 1054 coronet.

341 1117 530 1184 Consentire
553 1115 621 1180 suis
644 1111 760 1179 studiis
782 1111 837 1198 qui
861 1109 1037 1178 crediderit
1056 1121 1105 1187 te,

341 1241 460 1304 Fautor
479 1247 619 1323 utroque
640 1245 731 1299 tuum
756 1231 900 1298 laudabit
922 1230 1037 1318 pollice
1059 1230 1181 1296 ludum.

247 1415 250 1426 .
339 1359 490 1426 Protinus
512 1368 548 1423 ut
569 1375 719 1422 moneam
733 1355 817 1419 -si
833 1351 912 1442 quid
930 1353 1097 1420 monitoris
1112 1373 1190 1440 eges
1205 1361 1239 1419 tu
1254 1389 1311 1429 -‚

340 1479 426 1560 Quid
449 1478 490 1544 de
514 1497 646 1566 quoque
669 1476 738 1542 viro
760 1485 793 1541 et
815 1475 867 1540 cui
890 1473 992 1549 dicas.
1017 1494 1116 1561 saepe
1139 1473 1256 1540 videto.

329 1657 369 1708 63.
388 1659 468 1708 Adria
479 1658 512 1717 Ε,
527 1669 540 1706 0
553 1658 613 1718 (non
626 1654 652 1716 d,
667 1655 711 1717 qui
727 1651 789 1703 alibi
804 1653 861 1714 040).
875 1681 901 1692 .‚
913 1653 1116 1705 611400ιο04400.
1133 1681 1159 1688 -
1174 1653 1214 1704 68.
1227 1659 1249 1703 04
1261 1655 1354 1704 oms.

297 1806 463 1864 14008043,
484 1807 508 1864 4,
528 1805 568 1854 73.
591 1829 618 1839 -
640 1804 712 1852 Actia
726 1802 823 1866 popae]
862 1801 946 1851 lorma
968 1802 1103 1852 rarissima
1129 1804 1184 1861 est,
1211 1805 1345 1866 reperitur
1362 1805 1386 1854 ln

296 1881 366 1942 Vlrg.
380 1883 445 1930 Aen.
459 1879 484 1940 8,
503 1879 567 1929 675:
585 1878 657 1928 Actia
674 1877 744 1926 bello.
763 1875 822 1926 vid.
861 1877 924 1925 400.
938 1877 994 1925 41011
1005 1877 1063 1926 last.
1080 1877 1187 1926 arcbeol.
1199 1877 1230 1926 V.
1241 1877 1283 1927 Xl.
1297 1892 1323 1942 p.
1335 1879 1386 1942 73.)

296 1954 331 2003 ad
341 1955 408 2017 Epp.
423 1955 446 2012 1,
461 1954 500 2014 44,
514 1954 555 2002 20.
572 1979 599 1988 —-
613 1951 730 2014 refertor]
743 1952 825 2000 ‹dma-
864 1975 890 1985 -
904 1951 1157 2013 0440000--00444001
1179 1951 1207 2001 10
1223 1950 1318 2016 pollice
1331 1957 1388 2004 erat

295 2030 384 2093 glnem
402 2039 506 2092 pugnae
519 2028 641 2078 Actiacae
654 2025 774 2084 exhibes,
788 2026 823 2074 lta
861 2027 888 2074 et
905 2025 1002 2074 1040440
1020 2027 1048 2074 04
1064 2025 1238 2075 aversationis
1258 2027 1388 2090 signitica-

295 2105 325 2154 ut
350 2105 378 2152 lu
404 2103 531 2164 Augusti,
559 2101 720 2151 fraternale
737 2101 824 2150 minor
861 2101 911 2148 tio:
931 2111 993 2148 nam
1012 2099 1204 2149 lavanteseum
1216 2099 1385 2163 premebant,

295 2177 415 2236 Antonii,
443 2176 514 2224 servi
540 2176 680 2237 utriusque
710 2172 822 2223 4041440444
860 2173 1043 2237 improbantes
1061 2177 1089 2224 et
1100 2173 1273 2237 gladiatorem
1286 2177 1386 2227 victum

295 2252 385 2315 parles
397 2250 505 2312 agatis.»
533 2250 575 2298 Sic
590 2249 682 2298 dicunt
694 2249 773 2297 etlam
784 2249 824 2310 fo-
860 2247 1055 2297 conficiendum
1067 2261 1128 2299 esse
1141 2247 1319 2311 significantes
1329 2263 1387 2300 ver-

295 2323 493 2384 bulamrcserre,
504 2323 593 2372 denuo
604 2322 694 2372 edere.
714 2323 821 2371 Terent.
860 2321 953 2372 lebant
970 2323 1081 2372 4044004
1098 2321 1281 2385 subrigebant.
1304 2325 1387 2387 (1144440

295 2399 393 2460 410044.
407 2394 475 2446 Ρ401.
489 2398 513 2457 4,
531 2397 572 2445 21.
587 2398 614 2446 04
626 2397 671 2445 34);
698 2397 823 2457 llecpram
860 2398 964 2458 gestum
993 2397 1165 2447 nominabant
1182 2399 1297 2460 insertion
1310 2399 1387 2461 potti-

294 2473 329 2521 cd
338 2485 382 2520 004
392 2471 619 2532 404000--410000,
634 2471 761 2520 Ceterum
771 2471 823 2519 1400
859 2483 920 2520 0004.
949 2471 1001 2520 Clr.
1016 2472 1158 2521 Buttmann
1176 2471 1209 2520 ad
1226 2471 1330 2532 Quintil.
1345 2474 1385 2532 44,

294 2558 326 2596 00
344 2543 405 2594 talla
421 2544 522 2594 ludicra
547 2546 733 2608 praecesserat
752 2545 821 2594 seria
859 2543 883 2604 3,
896 2546 962 2605 llll.)
981 2543 1044 2594 Plin.
1057 2545 1087 2595 ll.
1100 2547 1129 2594 N.
1141 2546 1182 2604 28,
1194 2547 1218 2606 Ξ,
1230 2548 1258 2596 t:
1276 2548 1385 2610 Polltcas,

293 2623 364 2670 inter
379 2631 478 2684 pueros
496 2621 630 2668 Romanos
646 2619 821 2669 Caesarianos
858 2633 916 2668 0040
930 2621 1076 2682 foveamus,
1101 2633 1216 2682 pretaere
1233 2623 1309 2672 044040
1322 2637 1386 2685 pro-

293 2698 322 2745 04
338 2695 500 2744 Antonianos
525 2693 550 2744 ln
575 2692 644 2745 Urbe
663 2706 766 2756 pugna,
795 2694 820 2742 in
858 2693 942 2742 verbm
959 2693 1081 2743 40400400.
1109 2691 1336 2757 411040144οηί,4.
1357 2709 1384 2761 p.

295 2781 349 2833 qua
367 2769 393 2818 hl
411 2767 609 2820 succubuerant
631 2781 654 2817 a.
673 2781 700 2816 u.
720 2781 743 2817 0.
763 2769 819 2818 144.
860 2769 969 2818 3344441.
985 2766 1098 2830 Glycera
1109 2769 1268 2819 Menandro:
1282 2767 1385 2834 ἐντοῖς

293 2846 343 2895 1140
364 2845 438 2894 Cass.
458 2844 499 2902 50,
519 2843 543 2892 8.
572 2841 713 2892 Lolllorum
731 2846 822 2893 autem
860 2843 1048 2912 προσκηνίοις
1065 2835 1187 2906 ἕστηκα,
1206 2840 1386 2907 recedenti·

195 2961 199 2980 ,
293 2916 434 2969 4040144600
449 2919 506 2968 0404
527 2917 603 2980 qoasl
618 2919 715 2967 rustica
733 2919 822 2968 imita·
860 2915 928 2978 λους
956 2911 1084 2982 ἐμαυτῆς
1112 2919 1267 2980 πιέζουσα,
1301 2909 1321 2990 ᾖ
1349 2914 1386 2969 ἂν

294 2993 330 3042 110
348 2990 446 3041 navalis
464 2989 558 3055 proelii
576 2989 610 3040 ab
629 2995 745 3054 Augusto
758 2992 820 3043 editi
859 2990 1017 3061 44000014οῃ
1031 2987 1065 3041 τὸ
1076 2991 1209 3062 θέατρον.
1237 2994 1334 3044 Contra
1345 2995 1387 3044 lu·

295 3067 411 3130 (Sueton.
433 3065 523 3115 00404.
545 3063 586 3115 ta.
610 3066 671 3115 Tac.
691 3069 758 3116 llna.
779 3068 819 3126 44,
859 3080 920 3117 ven.
942 3067 970 3125 3,
993 3067 1038 3115 364
1065 3067 1173 3116 Munera
1190 3070 1348 3118 paecedunt
1364 3077 1387 3120 04

293 3140 358 3203 tabl,
381 3139 453 3202 quod
472 3137 525 3189 44014
542 3151 605 3189 cunr
622 3137 691 3190 ludis
707 3142 821 3190 Actiacis
858 3155 929 3190 verso
943 3141 1035 3202 pollice
1050 3141 1138 3205 004004
1150 3141 1228 3202 Quem
1243 3141 1309 3192 10404
1320 3143 1386 3192 0004-

295 3214 352 3278 (4440
361 3215 435 3264 Cass.
446 3213 489 3274 143,
503 3213 536 3274 l.)
550 3213 723 3263 contundere.
738 3215 766 3263 ln
780 3214 820 3265 1440
859 3217 920 3265 duat
931 3215 1097 3278 populariter.
1118 3214 1176 3266 11.1.
1189 3217 1280 3280 igitur:
1299 3229 1387 3268 «sum-

295 3289 379 3348 enlm,
398 3299 422 3338 a.
443 3300 469 3336 u.
483 3301 506 3337 0.
520 3287 578 3336 726.
597 3288 714 3350 primum
733 3287 819 3350 editis,
859 3301 904 3339 mo
921 3289 1051 3354 applausu
1069 3288 1240 3340 dilaudablt.»

293 3357 348 3426 τὴν
366 3359 560 3430 ἱπποδρομίαν
576 3359 624 3410 daal
642 3375 672 3411 40
686 3359 821 3412 4010004-
891 3365 980 3415 61-11.
999 3365 1116 3414 40044004
1132 3365 1194 3430 cet]
1213 3377 1309 3428 «porro
1320 3377 1386 3416 0044-

294 3433 351 3485 6040
368 3437 417 3485 sal
434 3431 482 3485 διὰ
499 3432 556 3485 τῶν
573 3431 684 3506 ἀνδρῶν
703 3433 759 3485 τῶν
778 3429 822 3486 eti-
859 3438 966 3487 tinuatls
983 3439 1219 3502 praeceptionibus
1237 3441 1266 3488 ut
1285 3441 1311 3488 40
1330 3451 1387 3490 mo·

294 3505 384 3577 pavos
409 3509 539 3574 ἐποίησε.
573 3537 600 3546 -
633 3511 715 3560 hastili
741 3511 820 3574 mora]
858 3525 923 3563 nere
941 3525 1078 3577 pergam.»
1103 3513 1142 3564 Cl.
1160 3511 1236 3563 Hand
1254 3513 1402 3582 1444014,

296 3585 394 3649 0044004
418 3597 448 3634 40
474 3595 538 3634 vera
564 3584 655 3635 hostes
681 3585 821 3634 intervos
858 3599 883 3650 p.
900 3586 957 3635 62⁴.
985 3587 1148 3651 scripturam
1162 3587 1281 3649 0404444444
1296 3589 1387 3637 00040-

296 3659 418 3710 essetis.»
433 3683 460 3694 -
478 3657 552 3707 00400
571 3659 688 3723 Victoria]
711 3656 775 3708 Gell.
795 3660 819 3718 6,
858 3659 934 3709 ritate
952 3659 1037 3710 codd.
1056 3661 1125 3710 14041.
1146 3662 1173 3710 04
1189 3661 1264 3712 Rom.
1283 3662 1308 3710 ln
1326 3661 1386 3711 1444·

296 3734 321 3794 6,
339 3729 371 3782 δί
389 3733 434 3783 Gn.
454 3733 602 3782 4404440410
618 3733 823 3795 0004400114αόᾶο
857 3732 918 3797 gillo
945 3733 1044 3797 ubique
1067 3734 1193 3799 praetulit
1209 3737 1334 3798 Wagner.
1356 3763 1384 3772 -

297 3808 431 3856 4404044040
456 3807 582 3856 volumem
598 3809 756 3870 praepetem
773 3819 822 3868 cp-
857 3807 960 3872 010040]
979 3805 1057 3870 stre,
1074 3822 1162 3860 4004444
1179 3809 1383 3873 4400464004.

291 3881 395 3942 00440044
411 3881 560 3930 40000400.1
585 3881 652 3930 41040
663 3881 822 3930 0040400006
858 3883 928 3946 virg.
942 3886 1008 3933 llen.
1021 3884 1046 3943 a,
1060 3883 1121 3934 688:
1141 3886 1162 3934 04·
1180 3885 1386 3946 0040040400044-

294 3965 410 4018 praepes
430 3951 540 4004 44640440
554 3953 677 4016 palmam.
706 3955 820 4005 Victoria
857 3959 929 4020 44000
954 3957 1052 4008 laboret
1076 3959 1182 4020 llesptelt
1203 3959 1333 4007 40000000.
1355 3983 1382 3993 -

295 4025 361 4076 01040
373 4028 508 4078 'eoronam
525 4026 645 4077 1044400444
662 4027 755 4078 victori
772 4031 821 4079 im·
858 4033 923 4094 Quid
940 4033 971 4082 ds
987 4043 1085 4094 000000
1101 4031 1164 4095 cet]
1182 4030 1262 4095 «quid
1274 4030 1308 4080 dc
1321 4043 1386 4094 qno·

295 4101 369 4164 ponit
390 4102 469 4152 044004
492 4103 518 4152 ln
539 4103 668 4163 4400444440,
696 4115 763 4166 quos
780 4105 821 4152 04-
857 4119 964 4169 cunquc
983 4106 1091 4156 1404441440
1109 4105 1209 4156 dicas·
1238 4105 1385 4170 Porpbytio

294 4174 413 4223 04000404
438 4175 579 4226 vocabant.
618 4177 740 4236 (1440404444
766 4189 819 4227 non
857 4179 966 4242 quidem
992 4179 1043 4242 (004
1064 4181 1209 4230 assentitur
1224 4177 1383 4240 Bentleluslz

295 4244 376 4306 01040,
409 4249 497 4312 imago
520 4249 647 4300 4104041440
673 4253 763 4301 004400
788 4263 820 4301 00
857 4252 931 4301 «Tria
949 4251 1025 4303 diclt:
1050 4253 1208 4315 0010414004,
1232 4253 1328 4314 dequo
1344 4253 1385 4302 414-

294 4324 493 4385 ]40440044044144,
525 4335 594 4386 quae
625 4325 734 4388 qtridem
762 4327 819 4374 clus
855 4335 910 4386 000,
937 4327 978 4376 0444
1004 4327 1106 4381 dicam
1133 4329 1213 4378 atde
1230 4339 1328 4389 04400440
1350 4327 1385 4376 014
