3192 4974
326 418 388 484 iiii
686 416 814 468 nonam
831 415 1053 488 errsronnnun

368 579 415 642 An
437 575 567 642 tacitum
589 569 686 638 silvas
709 573 791 639 inter
813 583 941 660 reptare
964 569 1125 648 salubres,

370 700 542 766 Curantem
564 693 723 782 quidquid
746 693 878 782 dignum
900 695 1046 782 sapiente
1067 695 1220 784 bonoque
1243 697 1316 762 est?
1395 699 1415 761 5

368 822 438 886 Non
460 828 494 885 tu
517 837 637 904 eorpus
660 835 733 882 eras
756 815 825 882 sine
848 826 989 903 pectore.
1034 816 1074 882 Di
1097 815 1152 884 tibi
1176 816 1328 896 formam,

392 1001 440 1050 ΕΡ.
459 999 501 1048 lV.
521 997 546 1050 4.
564 999 732 1059 iotmepiure
747 996 767 1046 E
785 999 812 1046 et
829 1009 898 1047 corr.
912 995 938 1055 d,
958 997 987 1048 C.

328 1168 449 1219 dentum
468 1167 530 1216 Aen.
550 1165 613 1215 ollio
625 1165 679 1226 est,
698 1164 744 1228 qui
755 1164 782 1214 in
792 1177 851 1228 par·
889 1165 994 1216 misset.
1026 1166 1152 1217 Ceterum
1164 1167 1298 1232 integrum
1311 1171 1338 1219 et
1350 1181 1415 1220 oau-

326 1245 398 1297 tibus
415 1243 499 1294 Cassii
516 1243 544 1292 et
566 1241 638 1291 Bruti
661 1240 783 1291 tribunus
801 1241 853 1289 mi·
890 1238 982 1290 didum
1004 1239 1121 1290 iudicem
1144 1253 1173 1292 se
1196 1241 1309 1306 praehet
1330 1244 1415 1294 llore-

326 1319 402 1371 litum
422 1330 486 1368 oum
507 1317 614 1367 llorutio
632 1313 767 1377 militavit,
792 1315 852 1379 qui-
889 1315 941 1365 tius
965 1315 1045 1365 etiam
1070 1317 1096 1365 in
1114 1329 1160 1378 eo,
1188 1317 1260 1380 quod
1281 1317 1413 1380 Cassium,

326 1395 378 1446 hus
393 1392 471 1443 vietis
487 1391 604 1441 Athenas
622 1402 652 1441 se
670 1389 789 1440 eontulit.
820 1391 850 1449 Q.
889 1391 1024 1440 Octaviani
1045 1389 1183 1441 inimicum
1204 1394 1231 1442 et
1252 1391 1286 1442 nh
1304 1393 1356 1444 hoo
1372 1394 1415 1444 iu-

325 1470 412 1519 Vurus
424 1465 458 1517 ob
476 1466 593 1529 Augusto
612 1465 723 1526 missus,
743 1466 773 1513 ut
789 1475 852 1513 eum
889 1465 1044 1527 terlectum,
1071 1467 1209 1530 tamquam
1225 1469 1333 1531 poetam
1356 1467 1415 1518 lan-

325 1541 502 1602 interiioeret,
521 1539 675 1590 studentem
692 1539 812 1604 repperit
826 1541 853 1588 et
889 1539 943 1589 dat.
963 1539 1055 1603 (Cassii
1068 1541 1175 1590 Brotean
1186 1544 1319 1592 memorat
1329 1543 1414 1592 Varro

326 1617 466 1684 perempto
487 1627 520 1665 eo
542 1614 668 1664 scrinium
691 1625 753 1664 uum
776 1611 852 1662 libris
889 1615 917 1664 L.
930 1615 958 1664 4..
973 1613 1003 1676 6,
1023 1615 1048 1664 7.
1078 1615 1205 1666 Eiusdem
1217 1615 1261 1679 qui
1273 1615 1416 1668 teneror-

325 1690 392 1743 tulit.
412 1688 484 1742 Unde
497 1686 571 1738 multi
583 1687 756 1738 erediderunt
765 1687 853 1749 Thye-
884 1688 975 1750 pheor,
990 1701 1071 1752 quem
1084 1689 1110 1738 h.
1125 1687 1141 1739 l.
1152 1689 1324 1744 inseruerunt
1334 1692 1416 1742 Geon·

325 1769 395 1818 stem
412 1763 496 1816 Cassii
508 1763 660 1815 Parmensis
673 1762 764 1813 luisse.
784 1762 853 1811 Sori—
888 1764 946 1826 gius
974 1763 1127 1826 Fabricius,
1158 1764 1226 1826 Fea,
1257 1766 1415 1817 Bruuuhurd

323 1841 415 1906 pserat
439 1839 511 1889 enim
534 1837 630 1889 multus
653 1836 718 1888 olias
744 1839 850 1901 tragoe-
889 1840 952 1899 oet,
976 1837 1139 1889 subditivum
1157 1841 1198 1889 est
1220 1835 1411 1905 ποιημάτων,

324 1916 407 1968 dias.»
438 1916 524 1965 Aenon
548 1915 575 1962 et
597 1915 689 1962 l'oaru.
718 1912 799 1974 (Quae
817 1924 850 1960 ex
888 1913 1066 1978 compositum
1091 1911 1125 1963 uh
1151 1914 1264 1964 Antonio
1289 1914 1414 1979 Thylesio

322 1990 408 2040 veteri
431 1991 458 2039 et
482 1986 574 2038 illustri
600 1985 671 2037 lama
694 1985 764 2038 diota
788 1998 848 2036 esse
887 1987 998 2052 (Temno)
1023 1988 1199 2049 Consentino,
1225 1990 1331 2039 mortuo
1358 1991 1413 2041 cir-

322 2065 414 2116 stetuit
441 2062 579 2113 Weiohert
605 2060 639 2111 de
667 2061 759 2112 Cassio
783 2062 850 2110 Par·
887 2065 954 2114 nitar
978 2075 1002 2112 ιι.
1028 2061 1100 2112 4333.
1131 2062 1196 2112 Vide
1221 2064 1360 2114 Weichert
1382 2079 1411 2130 p,

322 2139 410 2192 mensi
421 2150 448 2201 p.
462 2138 526 2186 uni:
546 2136 585 2186 «si
596 2134 802 2186 discesserimus
814 2133 848 2184 oh
887 2137 955 2200 499.)
984 2136 1062 2199 Quod
1084 2136 1202 2188 nonnulli
1224 2139 1348 2190 cassium
1368 2154 1414 2191 re-

324 2226 377 2265 uno
395 2213 445 2263 isto
462 2223 554 2260 errore
566 2209 601 2260 de
618 2210 734 2272 Thyeste
746 2211 850 2272 tragoe-
886 2211 1017 2276 prehendi
1035 2209 1069 2262 ab
1087 2213 1194 2263 Horatio
1211 2210 1254 2262 vel
1271 2213 1322 2264 hoc
1339 2216 1413 2266 certe

322 2288 366 2339 diu
392 2299 441 2351 per
465 2285 565 2333 Vomm
592 2283 682 2334 iurtim
706 2281 795 2332 ublate
821 2285 849 2332 et
887 2285 939 2336 diei
968 2285 1176 2337 contenderunt:
1206 2286 1357 2339 «Scribisue
1384 2291 1413 2340 tu

323 2362 420 2413 editu·
448 2359 501 2410 Sed
518 2358 552 2409 de
570 2357 687 2408 totuhao
700 2357 850 2408 narratiun-
887 2373 955 2426 opus
964 2359 975 2422 ,’
1000 2361 1073 2426 quod
1101 2362 1223 2412 vastitate
1249 2374 1298 2413 suu
1323 2364 1415 2416 vincet

322 2435 382 2488 oulu
399 2435 552 2486 conferatur
573 2433 704 2497 imprimis
725 2432 850 2484 Welclrer
887 2437 967 2486 etiam
984 2437 1059 2488 vestu
1071 2435 1156 2487 Cassii
1173 2434 1333 2501 opuseulut»
1351 2438 1413 2490 lude

322 2508 413 2576 suppl.
426 2507 484 2558 Vol.
498 2508 528 2558 V.
542 2508 571 2558 T.
584 2509 626 2558 lll.
641 2521 667 2572 p.
682 2506 755 2559 4404.
781 2510 850 2559 Con·
886 2513 975 2563 ortum
987 2513 1036 2572 est,
1050 2511 1123 2575 quod
1135 2512 1207 2562 huno
1216 2512 1339 2564 Cassium
1351 2516 1414 2564 Par·

322 2585 449 2637 iudemut
460 2595 525 2634 sune
538 2580 700 2633 scholiastae
713 2583 743 2645 Q.
757 2583 849 2632 Varion
886 2599 1009 2638 mensem
1035 2585 1213 2637 conluderuui
1234 2599 1297 2638 oum
1320 2589 1413 2640 Cassio

322 2664 350 2712 el
366 2661 394 2710 L.
411 2659 522 2708 Variam.
551 2656 592 2707 Ab
610 2657 721 2708 heronis
739 2659 767 2707 et
783 2658 849 2706 Por-
887 2661 1014 2722 Etrusco,
1039 2659 1110 2711 malo
1127 2663 1207 2726 poete
1224 2665 1251 2713 et
1268 2659 1413 2735 πολυγρα-

321 2734 459 2801 phyrionis
476 2730 587 2782 scholiis
605 2745 639 2782 ex
654 2735 730 2795 parte
746 2730 849 2783 nuere·
886 2732 1020 2802 φωτάτῳ.
1051 2736 1105 2786 Sol.
1119 2736 1149 2799 4,
1169 2736 1215 2799 lo,
1234 2737 1261 2787 64
1284 2748 1325 2802 sq.

321 2811 368 2876 pat
392 2807 435 2870 id,
461 2806 534 2870 quod
560 2805 670 2857 exhibet
695 2805 784 2856 Codex
811 2806 846 2856 E:
919 2810 979 2862 he,
996 2810 1108 2874 meum]
1122 2810 1247 2862 «infixum
1261 2813 1412 2876 cogitationi

322 2885 390 2936 «iste
408 2884 450 2933 est
467 2882 587 2942 Cassius,
615 2881 660 2944 qui
685 2879 848 2944 inpartibus
886 2885 921 2936 de
938 2884 1049 2950 pulchro
1067 2886 1095 2934 et
1110 2885 1236 2946 honesto,
1255 2885 1290 2936 de
1306 2889 1360 2938 vita
1377 2887 1413 2937 ud

321 2959 394 3010 Bruti
411 2959 502 3008 contro
521 2957 669 3020 Augustum
687 2969 749 3006 cum
767 2957 850 3006 ilora-
886 2959 1069 3025 philosophiae
1086 2963 1231 3024 praecepta
1245 2961 1414 3014 conforman-

321 3034 358 3083 tio
375 3031 504 3082 militavit.
532 3030 585 3081 Sed
596 3030 667 3080 vieto
678 3030 759 3080 Bruto
769 3029 850 3080 Athe·
886 3034 947 3086 dun·
977 3036 1134 3087 hluestitium
1159 3039 1270 3101 propter
1291 3049 1412 3088 umorem

321 3122 370 3160 nas
395 3109 467 3172 fugit.
507 3108 538 3168 Q.
558 3107 644 3158 Varus
670 3105 704 3156 uh
730 3107 848 3169 augusto
886 3108 1004 3174 aliquem
1024 3108 1158 3160 inlelioem
1179 3109 1260 3160 veluti
1282 3109 1412 3174 Glycerae

321 3185 420 3235 missus
437 3186 466 3234 ut
483 3195 545 3232 eum
564 3181 739 3242 interficeret,
761 3179 849 3245 philo-
888 3184 944 3248 (Od.
959 3186 987 3247 4,
1007 3184 1068 3250 33),
1087 3187 1117 3234 ut
1134 3184 1267 3250 explicant
1283 3185 1410 3248 nonnulli,

321 3258 431 3322 sophiae
454 3256 608 3308 studentem
629 3257 748 3321 repperit
765 3258 793 3306 et
815 3269 848 3306 eo
886 3274 920 3312 ne
937 3259 1022 3310 verbo
1040 3259 1149 3324 quidem
1167 3259 1307 3324 signifieat.
1329 3289 1355 3298 -
1369 3273 1413 3311 ro-

320 3334 462 3397 perempto
486 3332 583 3382 scrinia
607 3331 664 3383 eius
685 3343 748 3382 eum
774 3329 848 3382 libris
883 3335 966 3400 pluro]
984 3338 1014 3385 ut
1030 3327 1127 3404 ἕρπειν
1138 3337 1166 3384 et
1176 3333 1318 3406 ἑρπύζειν,
1339 3337 1412 3388 «sine

321 3405 392 3467 tulit,
410 3405 454 3456 uhi
469 3405 563 3456 multus
575 3407 721 3470 tropoedioe
734 3407 850 3458 inorme
887 3413 962 3461 certo
974 3409 1083 3461 oouulio
1095 3412 1123 3460 et
1139 3409 1216 3461 tardo
1233 3412 1341 3462 inoessn
1352 3423 1414 3476 perr·

321 3485 394 3541 sum,
420 3481 487 3530 inter
511 3493 576 3542 quus
601 3481 693 3530 Ονοιιιι
718 3485 741 3531 et
770 3481 848 3542 iino-
886 3483 1038 3544 ambulare,
1056 3485 1226 3536 tollendam.»
1245 3511 1273 3522 -
1293 3485 1412 3549 salutm}

319 3557 373 3606 stis.
406 3556 473 3604 llode
488 3553 561 3604 multi
577 3555 850 3619 crodidorrarttrupoo-
886 3561 997 3622 propter
1022 3557 1103 3622 lngus
1128 3563 1274 3622 utromque
1303 3571 1411 3623 purum.

321 3631 392 3680 diurn
409 3628 441 3680 ab
458 3643 488 3680 eo
503 3629 682 3691 compositum,
701 3643 766 3692 oum
786 3630 850 3680 Ore·
887 3631 941 3683 Cir.
959 3633 1025 3697 Epp.
1043 3635 1073 3694 3,
1095 3635 1124 3694 3,
1149 3634 1190 3683 77.
1219 3633 1337 3685 Tibullus
1354 3635 1412 3699 ipse

321 3706 366 3756 stis
381 3705 481 3754 nomine
496 3703 848 3766 mastinos-opuscula]
887 3705 1002 3768 desei,
1022 3707 1415 3772 immensuratum*

321 3778 648 3839 Suntcurminamiuora,
667 3776 802 3840 hocloco,
821 3779 851 3828 ut
886 3794 942 3831 rum
966 3780 1026 3832 bone
1048 3783 1133 3833 uivere
1156 3783 1239 3845 dhis,
1267 3783 1324 3846 Quo
1341 3782 1414 3833 oudo

322 3855 534 3906 consentaneum
557 3855 611 3912 est,
639 3853 769 3916 imprimis
793 3851 850 3903 ele-
887 3856 1167 3907 immneritoiotritu
1179 3857 1415 3921 peta-rapiente

322 3930 396 3993 gine,
426 3925 656 3992 quemadmodum
684 3927 756 3990 apud
782 3925 848 3977 Pliu.
887 3929 1006 3994 bonoque]
1029 3929 1116 3996 Saepe'
1138 3931 1206 3983 hueo
1227 3931 1281 3982 duo
1302 3931 1415 3982 coniun-

323 4004 390 4068 Epp.
403 4003 432 4062 8,
450 4003 499 4063 34,
518 3999 547 4052 i:
565 3999 748 4063 liberlmeus,
768 4013 849 4064 quem
887 4005 939 4068 git:
957 4005 1068 4070 lippi,
1087 4007 1115 4066 l,
1134 4007 1175 4056 m.
1206 4007 1252 4068 iti,
1271 4007 1313 4057 43.
1339 4008 1370 4057 Α.
1383 4007 1412 4057 Ρ.

323 4075 456 4138 recitanti
478 4075 526 4139 fuit
543 4075 851 4138 etoptumlitoarimet
887 4078 944 4130 443.
972 4078 1265 4142 cic.d00iflc.t·,it,
1284 4081 1415 4132 62:130oe

322 4150 416 4201 rustris.
439 4149 591 4202 Admodum
603 4161 667 4214 orgo
679 4149 787 4200 luerunt
797 4147 850 4200 ele·
886 4159 922 4204 ert
938 4151 983 4204 illa
995 4155 1135 4217 pantoleo,
1160 4157 1227 4218 quod
1242 4154 1307 4206 ulios
1322 4155 1412 4217 honos,

323 4223 411 4289 guntin
424 4237 455 4274 uo
473 4226 597 4285 vanuum
616 4223 731 4290 alioquin
749 4225 785 4285 is,
804 4225 849 4288 qui
886 4228 950 4280 ulios
965 4230 1088 4292 :miurus
1106 4229 1260 4282 adsumam
1290 4230 1412 4282 Eandem

324 4315 357 4354 eu
382 4304 551 4368 superasset,
578 4301 686 4354 laudem
710 4315 764 4354 non
789 4313 849 4353 me·
886 4303 955 4354 ntae
972 4304 1115 4369 rationem,
1134 4315 1217 4370 quam
1234 4305 1292 4371 ipse
1309 4317 1413 4371 soque-
