3178 4972
602 419 661 470 LiB.
681 422 699 470 Ι.
735 421 834 472 erist.
852 423 894 472 xi.

573 873 839 936 mmm
858 877 934 938 11.

251 1011 337 1090 Quid
359 1010 415 1078 tibi
439 1014 508 1078 visa
532 1012 644 1088 Chios,
668 1013 798 1091 bullati,
826 1025 968 1104 uotaque
989 1018 1127 1096 Lesbos,

250 1131 336 1211 Quid
358 1133 516 1200 concinna
542 1135 672 1212 Samos,
698 1135 777 1224 quid
800 1137 912 1204 Croesi
935 1139 1039 1226 regia,
1064 1139 1191 1218 Sardis,

240 1367 282 1418 xl.
321 1367 461 1429 titillatus,
502 1369 583 1419 homo
617 1368 732 1433 alioquin
770 1370 907 1422 bominem
933 1373 1019 1423 amice
1044 1373 1078 1424 ad
1108 1375 1296 1438 sapientiorem

207 1444 324 1505 ignotus,
341 1443 439 1494 Horatii
452 1446 526 1494 certe
538 1445 640 1495 amicus
652 1445 732 1508 (qnod
770 1445 840 1494 vitae
857 1457 938 1496 usum
956 1447 1149 1498 exhorteturet
1159 1447 1185 1498 in
1198 1447 1297 1501 Urbem

207 1517 294 1580 ipsum
312 1517 476 1569 documento
494 1521 536 1570 eet
552 1520 688 1582 ingenium
700 1533 732 1571 uo
770 1519 804 1569 ad
821 1533 885 1570 suos
902 1525 1027 1582 revocat,
1055 1520 1133 1572 simui
1150 1521 1297 1590 lectoribus

205 1590 368 1657 probitatem
386 1593 410 1642 ei
428 1605 482 1644 nou
496 1593 636 1654 defuisse),
655 1607 687 1644 er
700 1607 732 1646 eo
769 1592 932 1656 significans,
968 1593 1077 1646 sibimet
1108 1597 1159 1660 ipsi
1188 1600 1297 1662 propter

206 1667 297 1716 umen
314 1665 424 1718 divitum
442 1680 541 1730 genere
558 1668 639 1719 tuisse
656 1668 733 1719 vide·
770 1667 888 1716 animum
900 1680 1018 1731 aequum
1029 1668 1132 1733 ubique
1143 1669 1214 1721 bene
1224 1683 1293 1722 esee.

206 1744 260 1801 tnr,
279 1742 325 1804 qui
341 1743 453 1806 propter
469 1743 560 1793 neseio
579 1755 660 1806 quem
678 1745 732 1793 ani·
769 1741 836 1791 Vide
853 1742 1010 1794 Excursum.

206 1817 242 1866 mi
265 1814 420 1879 languorem
443 1831 494 1867 neo
511 1817 594 1868 rebus
611 1816 731 1868 civilibus

206 1903 294 1953 oeque
319 1889 411 1940 litteris
439 1904 529 1954 neque
555 1889 731 1954 agriculturae
802 1889 858 1940 i-o.
886 1890 952 1952 Quid
968 1890 1012 1940 tibi
1027 1891 1090 1955 oet]
1107 1892 1213 1943 Terent.
1227 1893 1293 1944 Eun.

204 1963 247 2015 vel
268 1966 436 2028 negotiationi
460 1979 570 2030 operam
588 1967 729 2026 navarent,
768 1964 793 2024 3,
806 1964 831 2025 i,
844 1963 889 2015 m:
916 1965 966 2014 Sed
986 1966 1048 2027 quid
1068 1966 1169 2016 oidetrtr
1184 1967 1237 2016 Hor
1252 1967 1296 2017 tibi

206 2038 255 2090 sed
273 2040 382 2090 tandem
400 2041 483 2105 ipsius
501 2041 556 2101 otii,
575 2041 617 2090 cui
634 2053 665 2090 se
683 2039 731 2090 de-
767 2037 945 2100 moroipturn?
961 2038 1075 2089 turmula
1086 2041 1219 2091 sermonis
1231 2053 1297 2104 quo-

206 2113 339 2174 didmnt,
359 2117 474 2178 pertaesi
491 2115 543 2165 hoe
554 2115 674 2165 omnium
686 2127 731 2163 re-
768 2112 858 2163 tidieui
880 2113 963 2162 mixta
981 2125 1013 2164 er
1031 2114 1072 2164 his
1089 2112 1194 2165 duabus
1212 2115 1296 2165 inter-

205 2199 265 2237 rum
283 2187 387 2238 taetidio
404 2187 480 2240 etiter
490 2203 520 2240 se
531 2187 639 2239 liberari
651 2201 730 2253 posse
767 2187 966 2251 rogationibus:
997 2189 1085 2250 «Quid
1113 2188 1161 2240 tibi
1190 2190 1296 2242 videtur

206 2273 258 2310 non
276 2263 461 2325 opinarentur,
481 2263 568 2314 nisisi
586 2263 730 2326 intongin-
766 2262 818 2312 hao
841 2262 875 2314 de
898 2264 968 2313 rei·
996 2266 1038 2313 et:
1068 2263 1173 2324 sonatis
1190 2264 1237 2315 tibi
1253 2267 1295 2316 vi-

205 2347 273 2399 quas
298 2337 422 2398 regiones
446 2337 558 2402 proteoti
580 2338 649 2388 iuter
665 2337 731 2389 aiios
767 2337 846 2388 detur
861 2339 929 2389 beeo
940 2340 1022 2390 rosi»
1043 2340 1086 2389 Sic
1098 2341 1178 2390 etiam
1191 2341 1292 2391 Graeci.

204 2422 314 2474 semper
330 2411 452 2462 homiues
468 2415 654 2474 versarentur,
683 2427 730 2463 re·
766 2411 841 2463 oraro
867 2413 982 2478 Euthyd.
1009 2427 1036 2478 p.
1057 2413 1114 2465 304.
1133 2415 1169 2465 E:
1198 2417 1225 2466 rt
1241 2405 1295 2466 οὖν

205 2485 276 2536 teres
306 2484 380 2536 iocos
411 2499 443 2538 ao
469 2486 539 2537 tama
564 2485 728 2548 celebratos,
766 2484 923 2548 ἐφαίνοντό
941 2503 990 2538 σοι
1008 2487 1051 2552 (ot
1066 2481 1196 2558 enom),-
1213 2489 1295 2540 Char

204 2558 254 2610 alin
287 2559 404 2624 quotidie
436 2561 598 2625 antiquitatis
632 2575 730 2612 monu-
766 2560 831 2612 mid.
850 2575 877 2626 p.
895 2561 1006 2613 toto:
1033 2563 1061 2612 rt
1085 2575 1135 2612 σοι
1159 2564 1294 2624 φαίνεται

204 2635 306 2694 mente,
332 2634 464 2686 artificum
489 2649 589 2700 opera,
617 2635 729 2687 delubra
767 2629 784 2684 ὁ
809 2637 962 2698 νεανίσκος
968 2650 980 2694 ,·
1008 2663 1035 2671 -
1061 2641 1171 2698 notoque
1195 2637 1293 2702 Lesbos]

204 2707 317 2760 deorum
342 2709 468 2760 viserent.
511 2709 635 2762 Morbum
658 2712 729 2762 huno
766 2708 822 2760 aliis
847 2712 958 2774 propter
982 2708 1109 2760 Alcaeum
1131 2713 1159 2760 et
1175 2710 1294 2773 Sappho-

204 2783 390 2848 peregrioaudi
415 2783 464 2836 iiiia
490 2784 657 2849 temporibus
675 2785 729 2836 tre-
766 2795 844 2844 uem,
863 2782 920 2833 aliis
937 2783 1048 2847 propter
1064 2781 1133 2832 vinu.
1161 2781 1200 2832 ct.
1219 2783 1291 2845 virg.

204 2859 331 2920 quentem
357 2859 392 2908 ita
418 2859 546 2910 describit
570 2860 671 2909 Seneca
694 2858 728 2909 de
765 2860 831 2907 Aen.
845 2857 869 2918 2,
882 2858 930 2907 ιιι
952 2855 1294 2917 renedos,notissimefarrro

203 2932 299 2996 Tranq.
318 2945 361 2982 en.
380 2935 409 2994 3,
428 2934 475 2984 it:
502 2935 638 2996 Proprium
658 2935 730 2998 aspri
765 2929 859 2981 Insita.
893 2930 975 2980 Tacit.
1001 2930 1068 2980 Ann.
1090 2929 1120 2990 6,
1141 2928 1173 2979 3:
1202 2928 1291 2991 Lesbo,

203 3011 239 3056 est
255 3005 317 3056 oibtt
333 3007 378 3057 diu
389 3009 448 3070 poti
470 3013 493 3059 et
508 3008 687 3059 mrrtottortbre
701 3014 730 3060 ot
765 3004 848 3055 insita
861 3003 1142 3054 nobitietorrroeuoa·
1114 3003 1291 3068 -ronctoooJ

202 3081 320 3130 rametis
340 3082 388 3131 oti
433 3083 493 3133 Indo
514 3083 731 3146 peregrinationes
765 3078 911 3130 Menander
926 3078 1019 3128 rhetor
1036 3077 1069 3128 de
1085 3077 1149 3128 Euo.
1162 3090 1189 3141 p.
1203 3078 1244 3128 73.
1258 3078 1290 3128 H.

202 3155 370 3216 ιικιιιιιιιιιιιι
394 3169 478 3221 oopus
501 3163 525 3206 et
550 3157 627 3208 titoro
643 3171 730 3220 peren·
765 3153 835 3203 iuter
858 3155 951 3217 portus
976 3150 1070 3202 leudes
1096 3153 1293 3201 commemorat

201 3232 556 3294 rorrturrtmodomonse,
574 3233 729 3283 modeim
764 3227 904 3294 μέγεθος,
930 3223 1038 3288 καλλος
1053 3225 1104 3276 καὶ
1128 3218 1292 3296 ιιύιιιιθμι-

201 3305 333 3366 seponitur
348 3318 444 3368 seraper
458 3306 630 3368 praesertim
638 3307 730 3371 referto
765 3318 815 3359 ar.
849 3303 895 3352 Est
919 3301 1027 3364 igitur·
1015 3299 1153 3364 «elegans,
1179 3300 1292 3349 venuste

202 3379 296 3430 truitae
332 3381 405 3430 Num
423 3382 590 3444 Coruponiom
602 3386 726 3444 potamus.
766 3375 932 3442 (sermore)
948 3373 1225 3440 propteraediflcia,
1242 3373 1292 3424 im·

200 3455 257 3504 torn
280 3455 388 3506 ιιιὲιιιιι
411 3456 513 3518 fastidio
535 3461 609 3506 sort:
633 3457 729 3508 irratio
764 3452 858 3517 primis
869 3453 980 3515 propter
990 3449 1096 3500 iunonis
1107 3448 1203 3500 aedem
1214 3447 1293 3512 (Stra-

199 3529 352 3588 &drumm
378 3529 489 3580 Bruttios
506 3535 529 3580 et
545 3531 659 3582 buoauor
674 3531 729 3581 sot—
763 3526 800 3577 bo
813 3524 853 3576 44.
872 3537 899 3588 p
914 3523 972 3574 637.
991 3521 1068 3588 Apul.
1088 3523 1183 3574 Flortd
1201 3524 1229 3582 2,
1249 3522 1289 3571 rs.

202 3609 242 3654 tus
254 3617 453 3666 permoramur:
473 3605 570 3667 aliquid
586 3607 695 3656 tomen
686 3621 727 3655 m-
763 3614 790 3665 p
804 3599 844 3650 43.
857 3599 897 3662 0.)
915 3601 1028 3664 Propter
1038 3599 1089 3651 loon
1101 3597 1290 3649 amoenitatem

201 3684 239 3728 ter
263 3679 361 3728 deserto
386 3681 485 3730 αιιιοοιιι·
512 3679 673 3740 reperiretur,
700 3680 727 3728 ir
764 3669 781 3724 ὃ
806 3666 1014 3740 Auroram-⁸
1001 3687 1032 3736 ει
1055 3687 1087 3723 τε
1111 3667 1164 3736 τὴν
1189 3663 1290 3733 Σάμον

200 3765 250 3814 guo
274 3753 400 3802 tumuiori
424 3755 490 3804 ocuti
516 3753 591 3816 teugo
615 3753 727 3804 iocorum
762 3745 907 3814 ἐπανῆλθε
924 3748 956 3812 (ι.
970 3761 996 3798 ιι.
1010 3759 1033 3797 o.
1047 3747 1115 3809 734.)
1137 3738 1288 3796 κάνταῦθα

199 3827 355 3878 tonantium
370 3827 488 3890 rqootore
502 3827 649 3876 retenentur.
678 3828 727 3876 Τα-
762 3815 1011 3888 αιιθιςέχιίμασι·
1024 3821 1074 3872 καὶ
1085 3816 1290 3880 erubesceban-

198 3906 299 3952 rentum
326 3906 428 3964 petatur
452 3902 618 3962 modumque
638 3906 728 3962 portas
762 3899 864 3968 θερίαν
879 3892 989 3963 μισθὸν
1006 3891 1059 3961 τῆς
1062 3886 1291 3982 διαιριβῆςᾶν-

200 3983 224 4026 ei
247 3975 352 4027 raom
372 3976 435 4026 coeti
457 3976 577 4036 mitioris,
603 3976 673 4038 regio
688 3975 728 4026 oet
762 3970 866 4024 τέδωκι
883 3973 932 4024 καὶ
949 3965 1024 4022 ἄλλα
1037 3964 1091 4020 οὐκ
1104 3964 1188 4034 ὀλίγα
1200 3981 1290 4038 προσ-

200 4051 392 4113 onttpuooeotir
401 4048 621 4114 oputertoturboe.
641 4049 725 4100 Aliam
762 4044 913 4114 διῳκησιν.
936 4045 1072 4097 DtoCass.
1085 4043 1132 4106 34,
1145 4044 1211 4094 9-
1224 4043 1292 4093 Sor-

197 4123 433 4188 amplificationem
451 4125 529 4175 buius
547 4123 597 4174 ioci
611 4121 645 4173 de
656 4137 724 4174 vana
762 4123 808 4186 dir]
824 4121 905 4187 ιιΙιιι.,
924 4116 1002 4190 Σάρδ
969 4117 1052 4190 phere
1083 4117 1179 4170 Strabo
1196 4119 1237 4168 43
1260 4131 1289 4182 p

199 4201 386 4264 peregrinandi
404 4199 549 4264 ouprdrtate
560 4197 644 4248 ude
638 4212 664 4248 ru
676 4200 725 4248 Se
762 4199 825 4248 625:
844 4195 877 4246 at
891 4191 1013 4322 Barim
1026 4189 1110 4256 πόλις
1126 4191 1188 4244 ἐστι
1203 4187 1292 4258 μεγά-

200 4287 283 4326 neoae
308 4273 424 4340 Epistota
443 4273 499 4325 iot.
535 4271 624 4324 Talem
647 4274 725 4336 igitur
762 4270 833 4337 ip·
841 4268 925 4331 -dao
1021 4261 1046 4320 d*
1056 4263 1290 4341 ὑπῆιξιιῶνΑιι-
