3178 4972
606 435 666 486 LIB.
685 438 704 486 4.
741 437 839 488 erist.
857 439 911 490 XV.

568 901 833 964 mm
855 905 948 966 XV·

257 1043 350 1122 Quae
371 1043 412 1108 444
432 1041 535 1110 hiems
558 1041 681 1118 Veliae,
705 1042 958 1130 melimelum,
983 1045 1071 1125 Vale,
1096 1049 1234 1132 Salerni,

257 1163 403 1242 Quorum
425 1162 590 1229 bominum
612 1164 703 1250 regio
718 1173 751 1231 et
765 1164 870 1253 qualis
885 1166 949 1244 vie,
965 1205 1008 1216 -
1025 1189 1098 1236 nuru
1113 1171 1189 1238 nn'hi
1204 1174 1298 1242 Boias

258 1283 347 1350 Musa
368 1305 588 1372 supervacuae
609 1285 778 1362 Antonine,
801 1296 834 1352 et
854 1297 962 1356 temen
984 1287 1045 1356 illis

281 1463 329 1513 ΕΡ.
347 1463 402 1513 XV.
421 1464 503 1514 lutor.
517 1461 622 1513 Codicis
639 1463 674 1513 E:
692 1463 731 1512 Ae
746 1463 900 1514 Nouatum
919 1465 1014 1516 Valent.
1030 1493 1058 1507 -
1079 1470 1102 1520 4.
1120 1471 1231 1524 Valles.

246 1611 314 1661 xv:
327 1611 589 1662 C.Nvuorruevrrtn
601 1612 680 1662 eatin
692 1610 739 1661 do·
777 1623 858 1675 quem
881 1613 908 1662 in
933 1616 1151 1678 praecedentium
1171 1621 1301 1686 Epicteto-

215 1685 380 1748 uarllsapud
394 1684 491 1735 Eolhel
507 1686 538 1736 D.
552 1687 581 1736 44.
595 1687 620 1735 tt.
639 1697 665 1749 p.
679 1685 736 1736 263.
777 1699 838 1736 rum
854 1685 915 1737 ulla.
945 1690 1048 1741 Etenim
1060 1697 1222 1748 constructio
1233 1699 1302 1751 44440

213 1761 346 1811 4444444444
364 1761 382 1808 l.
402 1771 428 1823 p.
442 1759 482 1809 68.
502 1760 740 1810 Aruernorum
778 1762 834 1810 est:
855 1763 926 1811 tPar
943 1766 985 1812 est
1002 1767 1027 1814 te
1039 1766 1172 1830 scribere,
1192 1785 1241 1823 nos
1253 1775 1301 1826 tibl

217 1833 489 1884 I'oototlloituretiam
499 1833 738 1884 eCommentotore
777 1835 924 1886 accredere
942 1839 975 1900 (v.
989 1839 1054 1902 te),
1076 1853 1146 1904 quoe
1158 1845 1192 1895 sit
1203 1846 1299 1911 hiemo,

213 1907 331 1971 Cruquil.
351 1909 388 1970 (ln
406 1905 677 1972 inscriptionel’tnlis
694 1919 739 1956 44-
777 1909 863 1974 qualis
880 1913 921 1961 vie
940 1913 991 1974 (vv.
1006 1915 1090 1978 4,4.),
1109 1920 1194 1968 molor
1212 1925 1301 1974 utrum

212 1981 741 2048 perlaetuletronnioerpliouteinloor·
777 1984 1116 2052 populum--lugisequoe
1132 1991 1299 2059 (wll-llil,

213 2059 258 2108 nol
274 2059 316 2108 444
331 2059 432 2108 Scoons
443 2058 516 2110 4843.
531 2073 557 2123 p.
571 2058 619 2109 4446
631 2071 691 2122 sqq.
710 2059 737 2110 C.
778 2061 878 2110 44444444
898 2062 1104 2113 uter--reverti
1117 2065 1301 2134 (vuit-itl-

212 2134 352 2184 Noutooiur
362 2131 740 2184 VoiooumL.Trehonioori-
777 2132 824 2182 Vv.
838 2133 862 2182 4.
876 2147 937 2184 nem
952 2135 1013 2184 mitt
1030 2138 1081 2186 044.
1097 2163 1125 2174 -·
1140 2139 1179 2189 43.
1199 2154 1303 2193 44444444-

213 2207 311 2259 cuiued
320 2207 737 2272 templomveniseedicltorllll’.
778 2220 831 2270 que
849 2208 888 2258 46.
900 2221 963 2258 corn
978 2211 1040 2260 otoo
1051 2213 1102 2261 cet.
1118 2238 1146 2248 -
1156 2214 1198 2263 rt.
1211 2217 1238 2265 in
1251 2229 1303 2266 xm

213 2283 367 2334 CAESARE.
387 2282 452 2332 44444.
480 2283 549 2333 COS.
571 2284 601 2333 Δ.
620 2284 651 2332 4).
672 2283 737 2333 till.
777 2281 926 2350 (4444940404
945 2287 1015 2334 sunt.
1043 2284 1153 2345 Conler,
1172 2289 1194 2336 44
1214 2293 1300 2352 vacat,
1352 2349 1355 2356 1
1386 2325 1394 2336 .

211 2359 241 2408 lt.
260 2357 403 2407 APltlLES.
425 2369 449 2406 4,
469 2371 495 2406 u.
514 2358 581 2419 744.)
616 2359 738 2408 Fortasse
776 2355 880 2418 4004444
893 2356 1059 2418 hyperbaton,
1078 2359 1108 2407 ut
1120 2360 1178 2422 ipse
1196 2363 1243 2422 ult,
1262 2364 1303 2415 le-

211 2432 284 2482 lolem
301 2433 344 2480 est
360 2443 421 2481 curn
439 2433 467 2481 P.
481 2431 611 2490 Quinctilii
624 2433 685 2481 Veri
702 2430 738 2481 le-
777 2431 850 2478 ctum
867 2443 917 2493 per
933 2431 1022 2482 iocum
1034 2445 1049 2481 4
1062 2431 1143 2482 l‘liuio
1155 2435 1221 2498 Epp.
1234 2437 1262 2498 8,
1276 2439 1300 2488 t.

211 2509 287 2570 gato,
306 2506 340 2556 de
357 2517 411 2567 quo
429 2503 520 2554 Vellei.
539 2505 569 2566 4,
589 2506 653 2554 tte:
676 2505 739 2556 Volo
809 2502 864 2553 4-4.
887 2505 976 2571 Voltoe]
990 2505 1087 2568 Hyele,
1106 2506 1193 2568 444444,
1209 2505 1300 2574 Ἔλέα,

210 2581 364 2640 Nuceriae,
381 2579 477 2642 4440440
492 2579 563 2640 Vort,
577 2584 659 2628 cetero
669 2579 738 2641 qute-
776 2577 908 2628 Lucaniae
926 2580 1054 2643 oppidum
1071 2594 1086 2630 4
1099 2582 1227 2636 Phocaeis
1240 2599 1303 2637 con-

211 2659 251 2706 tor
267 2667 299 2704 co
313 2653 420 2716 probor,
446 2653 497 2702 diri
513 2657 604 2703 auctor
619 2655 736 2716 44444044,
776 2651 861 2701 dilum
888 2653 1035 2717 notumque
1058 2657 1169 2718 propter
1184 2656 1303 2720 phlloeo-

210 2729 344 2792 redictum
368 2727 450 2790 equite
472 2727 578 2790 4444444444
596 2727 739 2789 reticerent
775 2727 844 2791 phoa
855 2725 994 2788 Eleaticos‚
1010 2728 1091 2777 hodie
1102 2729 1188 2780 ,440440
1201 2733 1302 2794 (contra

209 2806 273 2869 1440
288 2815 346 2852 mun
363 2803 532 2852 olisflienom
545 2807 629 2864 petere
645 2803 739 2865 inurer-
776 2799 953 2851 Walolrenaer
978 2803 1074 2852 coutett'
1100 2817 1118 2852 o
1141 2817 1214 2855 more
1237 2808 1303 2858 totta

210 2893 253 2929 4444
276 2883 319 2929 ert.
358 2879 429 2939 Quod
450 2877 615 2939 [eniteretur
633 2877 738 2940 [ortona
775 2875 896 2938 Brucoo).
909 2865 1198 2942 -‘Soterraominagro
1210 2882 1303 2932 Picen-

210 2953 265 3004 utto
282 2959 317 3004 ert
325 2967 334 3012 ;
351 2967 402 3004 nort
413 2953 479 3001 cutm
494 2953 596 3002 44444444
605 2951 737 3014 mortuil,
776 2949 844 3008 44440,
863 2949 998 3014 hodieque
1015 2951 1130 3002 8440440.
1146 2979 1173 2990 -
1188 2955 1301 3015 (tuom

210 3030 253 3080 444
264 3029 373 3078 desertor
384 3027 481 3077 oceittt.
506 3026 673 3089 Quamquam
686 3025 737 3075 hoc
774 3023 909 3088 lominum]
934 3043 947 3069 4
955 3027 999 3088 qul
1023 3037 1113 3075 mores
1131 3027 1184 3077 44444
1200 3028 1303 3079 4440044-

210 3103 320 3154 demum
338 3115 363 3152 4.
381 3116 407 3152 0.
427 3113 451 3151 0.
469 3101 526 3150 764.
546 3101 649 3160 eventi,
668 3101 737 3150 odeo
775 3109 849 3156 rum,
868 3111 937 3161 quoe
955 3100 1024 3149 vitae
1042 3100 1148 3149 4444044
1168 3129 1195 3138 -
1214 3103 1301 3166 Boios]

209 3179 240 3227 ut
263 3175 356 3227 velleii
380 3174 445 3225 Vela
477 3175 557 3224 etlam
579 3171 648 3224 illiue
676 3187 736 3226 esse
776 3172 1026 3236 elnonense.
1042 3175 1301 3244 —llroo-Artonim]

210 3253 327 3316 potuerit
339 3250 480 3301 llorotioni.
500 3249 547 3298 llic
559 3247 666 3300 videtur
675 3248 737 3299 lun·
775 3248 919 3298 «Antonius
931 3249 1004 3298 lluea
1017 3249 1183 3311 aegritudine
1190 3251 1300 3314 Augusti

210 3325 260 3377 doe
278 3327 320 3388 (cl.
338 3339 364 3374 v.
383 3325 414 3376 to
432 3324 483 3388 sq.)
508 3323 633 3374 habuisse
651 3337 735 3388 prope
773 3323 860 3370 ortem
877 3333 954 3371 suern
972 3320 1126 3380 illustrarim
1152 3335 1213 3373 nem
1237 3337 1300 3376 cum

209 3399 311 3451 Veliam
337 3401 365 3450 44
386 3398 540 3458 Salernum,
568 3397 734 3462 deonorum
773 3395 865 3446 dolore
891 3397 1026 3447 44444444400
1054 3395 1188 3446 laboraret
1214 3400 1242 3448 et
1265 3399 1300 3451 ed

209 3475 369 3541 oppidorum
395 3470 469 3524 caelo
490 3485 523 3522 44
540 3471 596 3523 4040
613 3485 675 3524 eum
692 3474 734 3523 in·
774 3483 909 3522 summam
926 3474 1039 3522 maciem
1056 3471 1202 3534 perductus
1217 3477 1298 3538 44444,

209 3551 340 3612 terrogat,
367 3559 430 3598 oum
454 3549 481 3597 40
506 3546 591 3597 414440
608 3551 668 3598 0440
686 3561 735 3612 per
775 3549 886 3598 curante
911 3546 1004 3598 Amillo
1026 3545 1082 3608 (440)
1107 3546 1225 3608 medico,
1255 3549 1301 3612 qul

208 3623 326 3676 hiemem
344 3635 369 3673 o.
387 3635 413 3672 u.
433 3636 457 3672 0.
476 3623 615 3674 ret-tet.
635 3623 733 3688 degere
774 3635 837 3672 eum
846 3621 914 3671 edeo
926 3618 1017 3669 calidis
1027 3619 1146 3680 04444444,
1161 3624 1190 3670 04
1198 3623 1298 3674 tectum

208 3696 295 3748 uellet.
316 3697 364 3760 (ld
381 3710 405 3747 4.
424 3696 481 3748 734.
501 3697 583 3747 refert
599 3697 733 3760 Dilntzer.)
773 3695 888 3747 cubiculi
898 3695 955 3744 elus
964 3693 1108 3744 velleribus
1118 3697 1243 3756 muniret,
1253 3697 1297 3748 4440

208 3772 240 3824 ttt
255 3771 409 3834 aliquoties,
435 3772 479 3821 hio
502 3784 610 3834 quoque
639 3771 732 3822 lestlve
771 3773 865 3835 postea
882 3771 908 3820 ln
931 3767 1092 3820 contruriu'm
1110 3771 1195 3818 versis
1213 3771 1298 3820 omnl-

208 3845 338 3908 eignillcet
355 3857 384 3896 44
402 3847 494 3895 totitet
508 3845 623 3908 44444444
634 3845 666 3907 (r.
680 3843 732 3908 tr.)
770 3845 822 3895 bue
841 3857 894 3895 non
911 3841 998 3894 solum
1015 3841 1212 3907 pertusionlbus
1225 3843 1298 3907 trigl-

207 3931 319 3983 prorsus
335 3921 489 3970 contentum
508 3931 584 3979 4444,
608 3919 657 3967 etsi
675 3916 730 3968 lou·
771 3921 825 3978 die,
848 3918 898 3970 eod
921 3917 1001 3968 etiem
1018 3919 1187 3980 gargarismie
1204 3919 1297 3968 Cicer-

208 3993 281 4044 tioris
292 3995 363 4044 uitae
380 3995 498 4044 trucium
513 4006 565 4042 non
583 3991 731 4056 praefracte
771 3995 850 4042 niueo
867 4005 968 4055 equae,
996 4005 1065 4055 quae
1089 3995 1130 4042 444
1150 3991 1251 4042 Atellae
1267 3995 1295 4044 in

206 4067 321 4128 reliciat,
341 4071 370 4119 ut
386 4067 466 4118 Stoici
484 4065 600 4118 nonnulli
614 4078 674 4117 4444
693 4065 733 4115 lo·
771 4067 1007 4127 comemorans,
1028 4069 1055 4117 et
1065 4065 1218 4130 potionibus
1229 4079 1294 4118 4404

207 4155 270 4192 0044
287 4143 382 4194 saltem
399 4141 568 4193 simulabunt.
596 4142 732 4192 Sermonis
771 4144 824 4201 est,
844 4141 878 4190 lto
895 4143 926 4189 nt
937 4142 1004 4190 intro
1016 4140 1100 4189 breve
1113 4143 1219 4205 tempus
1231 4153 1294 4192 eum

206 4215 376 4282 negligentia,
404 4229 469 4267 rere
502 4214 652 4276 Luciliano,
682 4216 731 4266 eed
770 4217 891 4273 cureret;
910 4213 945 4264 ob
964 4226 1044 4277 quem
1062 4226 1171 4266 04444444
1188 4214 1223 4264 ab
1238 4218 1294 4265 Au·

207 4291 329 4342 consulto
353 4292 489 4356 quaesita,
516 4291 600 4342 maior
624 4289 668 4340 4440
690 4292 732 4340 444
769 4291 846 4352 gusto
863 4299 949 4352 usque
967 4287 1000 4338 ed
1018 4287 1049 4338 ll.
1068 4289 1094 4338 S.
1116 4288 1294 4355 quadringen-
