3174 4974
263 460 325 524 438
620 453 749 505 uonnru
766 452 986 504 arrsromauu

306 619 373 683 Nec
395 613 498 701 magis
521 610 666 696 expressi
689 607 794 674 voltus
815 627 876 694 per
897 614 999 674 a'enea
1022 606 1128 694 signa,

307 739 411 818 Quam
432 755 493 822 per
513 733 595 800 vatis
619 751 703 820 opus
725 749 833 797 mores
856 728 1021 816 animique
1043 729 1186 794 virorum

309 859 476 927 Clarorum
498 861 663 942 apparent.
708 853 775 918 Nee
796 871 965 917 sermones
987 870 1048 937 ego
1071 847 1199 917 mallem
1292 852 1355 915 250

308 985 469 1068 Repentes
492 995 552 1064 per
573 974 706 1040 humum
729 992 828 1061 quam
850 992 903 1038 res
926 991 1123 1059 componere
1145 983 1269 1059 gestas,

308 1103 544 1186 Terrarumque
566 1096 647 1163 situs
669 1103 702 1162 et
723 1092 856 1161 flumina
877 1093 987 1160 dicere
1011 1103 1044 1160 et
1066 1113 1158 1160 arces

309 1221 470 1288 Montibus
493 1217 659 1305 impositas
681 1225 714 1282 et
736 1215 874 1282 barbara
895 1235 995 1302 regna
1017 1215 1147 1302 tuisque

310 1341 469 1430 Auspiciis
491 1350 594 1406 totum
615 1336 761 1404 conlecta
782 1335 891 1402 duella
912 1357 972 1423 per
993 1335 1107 1403 orbem

312 1464 523 1550 Claustraque
546 1459 715 1527 custodem
737 1458 827 1545 pacis
849 1456 1032 1524 cohibentia
1054 1459 1165 1524 lanum
1294 1463 1356 1526 255

333 1633 392 1686 ate.
409 1634 465 1682 Non
482 1631 565 1694 444444
581 1627 804 1692 Guelferbytanus
822 1625 957 1678 Schmidtt.
979 1655 1006 1664 —-
1026 1629 1121 1680 444444
1137 1643 1159 1680 s.

270 1787 331 1837 isse.
359 1785 427 1834 sane
439 1781 527 1832 minus
538 1779 687 1829 amicorum
699 1777 795 1840 pudori
831 1782 944 1840 44444444
963 1791 1013 1838 444
1036 1779 1153 1840 444444,
1180 1779 1272 1832 humili
1297 1783 1357 1834 stilo

270 1856 459 1916 consuluisset,
478 1857 500 1905 si
517 1854 552 1905 de
564 1855 631 1904 vivis
648 1854 701 1903 hoo
718 1852 796 1903 dinis·
833 1853 999 1916 conscriptos
1016 1852 1088 1903 dicit.
1116 1853 1154 1904 cl.
1168 1857 1220 1905 Sat.
1233 1857 1263 1917 2,
1277 1857 1301 1918 6,
1315 1859 1356 1908 tr.

269 1937 324 1993 set3
345 1931 535 1982 convenienter
552 1929 645 1979 eontra
661 1938 796 1976 memora-
833 1929 935 1979 Rursus
957 1939 987 1978 se
1010 1932 1135 1990 excusat,
1162 1943 1210 1980 cur
1226 1945 1241 1981 a
1259 1945 1358 1996 genere

269 2011 307 2060 vit
323 2006 455 2058 beneficia
471 2005 498 2056 in
516 2005 637 2054 mortuos
653 1999 689 2050 ab
706 2002 797 2062 4444-
833 2003 996 2065 panegyrico
1013 2003 1152 2054 abstineat.
1181 2005 1219 2056 Gt.
1233 2007 1280 2057 od.
1294 2010 1319 2069 4,
1333 2009 1357 2060 e.

270 2086 311 2136 sto
336 2080 472 2132 collocata.
505 2080 598 2141 Neque
624 2087 690 2125 vero
715 2075 797 2124 orna·
834 2075 863 2136 l,
877 2077 918 2126 te.
931 2103 958 2113 —
971 2082 1269 2144 rescunponerepertas]
1287 2095 1361 2132 «oar-

270 2159 360 2209 menta
385 2153 428 2205 illa
453 2165 487 2203 ac
511 2150 610 2201 lumina
633 2147 716 2200 seculi
739 2149 795 2208 sui,
834 2152 906 2201 mine
923 2151 999 2214 epico
1015 2149 1057 2201 vel
1075 2155 1319 2215 panegyricorese
1333 2161 1359 2206 te

270 2245 341 2296 quae
369 2230 522 2280 nominasse
549 2224 713 2284 sufficiebat,
741 2223 797 2274 aliis
835 2229 923 2288 gestae
936 2225 1361 2296 praedicarem—Terrarumque]

271 2310 381 2368 insuper
401 2300 524 2353 laudibus
552 2297 719 2361 indigebant,
747 2309 798 2347 444
835 2313 866 2350 «a
884 2303 910 2349 te
928 2301 956 2349 in
973 2298 1105 2351 dicionem
1117 2303 1261 2354 itomanam
1279 2307 1361 2357 rede-

271 2384 350 2446 aptue
368 2380 426 2428 erat
442 2375 530 2435 locus,
557 2372 604 2422 ubi
627 2371 753 2423 desiderii
772 2375 798 2422 et
835 2377 966 2425 etenum»
984 2401 1011 2411 —
1030 2388 1102 2425 44444
1117 2378 1242 2428 Mentitur
1256 2380 1361 2442 imperi-

254 2455 359 2507 ·luctus
376 2453 410 2502 de
423 2461 517 2500 eorum
529 2449 699 2511 praematura
711 2449 797 2497 morta
835 2449 882 2513 toa]
902 2460 998 2512 nquaa¹
1021 2452 1143 2512 quamvis
1159 2452 1295 2506 montibus
1312 2456 1362 2506 irn-

272 2519 492 2593 significationem
509 2522 618 2592 laceret.
647 2521 685 2572 Gi.
706 2523 758 2572 Sat.
772 2524 797 2584 4,
835 2524 938 2590 positae
956 2527 1059 2584 essent.
1082 2527 1172 2576 tamen
1190 2539 1204 2576 4
1223 2530 1249 2578 44
1266 2533 1360 2594 captae

272 2603 401 2664 5,l0.-
419 2596 640 2661 Neemuqiscetl
659 2597 698 2647 cl.
711 2597 759 2646 Od.
772 2596 797 2659 4,
836 2601 923 2651 eunte
949 2598 1014 2649 Alii:
1042 2598 1170 2650 «metella
1191 2601 1225 2651 ab
1243 2604 1361 2667 Auguste

273 2679 301 2737 3,
321 2676 352 2726 43
364 2687 424 2738 sqq.
449 2673 504 2722 Cic.
521 2685 571 2735 pro
587 2671 665 2721 4444.
685 2673 731 2732 ta,
750 2670 797 2721 3⁰:
837 2675 950 2736 eiusque
967 2671 1060 2736 legatis
1077 2677 1212 2726 exstructa
1228 2677 1254 2726 in
1267 2679 1363 2728 monti-

272 2753 325 2813 44,
352 2761 410 2800 cren
433 2753 531 2797 4444444
547 2751 570 2796 44
589 2747 722 2811 4444444444,
749 2761 800 2796 non
836 2749 888 2799 bus
913 2747 947 2798 ad
973 2748 1040 2798 tlues
1071 2749 1174 2812 imperii
1199 2752 1359 2812 tutandam·

273 2829 418 2878 aninmrurn
432 2823 583 2884 4444444444,
602 2823 798 2884 Memnonen,
837 2823 885 2876 sed
903 2821 980 2880 illud.
1000 2833 1062 2872 enm
1079 2826 1281 2887 oppugnationis
1298 2829 1362 2878 ima-

273 2903 380 2952 atudiose
403 2897 476 2948 meriti
500 2897 590 2946 444444
614 2895 801 2946 4444444444-
836 2900 925 2961 ginem
937 2896 1014 2947 nobie
1026 2900 1087 2947 ante
1099 2897 1191 2950 ocules
1203 2903 1298 2964 ponat,
1312 2904 1363 2953 uti·

274 2975 388 3040 quierint,
421 2972 582 3022 senatumne
604 2971 746 3031 relinquere
770 2983 801 3020 cc
837 2985 889 3036 que
908 2967 1138 3042 ποιητικώτερον,
1158 2973 1197 3024 Ct.
1211 2975 1259 3026 0d.
1273 2975 1301 3037 4,
1319 2977 1360 3039 44,

273 3045 802 3110 44444444444444444444444414444444-
837 3048 882 3096 tt:
901 3059 973 3096 44444
988 3047 1089 3110 Alpibus
1104 3049 1241 3111 imperitas.
1256 3079 1284 3088 ·-
1302 3053 1364 3102 tuta-

275 3131 300 3175 44
323 3123 399 3172 mulie
421 3121 547 3182 44444444,
573 3120 677 3170 44444444
697 3119 802 3184 inperitis
838 3134 886 3183 que
895 3121 1026 3184 Auspiciis]
1037 3123 1110 3172 Suet.
1124 3123 1180 3174 044.
1193 3125 1241 3174 2⁴:
1259 3127 1363 3176 44444444

274 3211 420 3262 cupressum
436 3201 460 3247 44
476 3194 601 3258 notitam?
630 3196 699 3246 niteo
716 3195 801 3257 magis
835 3197 932 3259 partim
956 3197 1066 3257 ductu,
1091 3199 1188 3258 purtim
1211 3201 1362 3262 auspiciis

275 3273 363 3324 voltus
385 3271 570 3335 exprimuntur
590 3270 616 3319 in
633 3270 728 3321 statuis
745 3268 801 3319 ela·
837 3271 888 3322 auis
904 3269 1083 3332 Cantabriam,
1100 3272 1275 3336 Aqubaniunr,
1293 3277 1363 3326 Pan-

276 3359 368 3398 rorum
390 3345 509 3395 virorum
531 3357 612 3407 quam
629 3345 656 3393 in
677 3346 800 3407 pettmate
837 3345 955 3405 nonium,
993 3345 1146 3397 3444444444
1176 3361 1233 3398 men
1262 3351 1362 3412 44444444

276 3433 368 3473 mores
391 3431 486 3470 eorum
503 3420 583 3481 atque
601 3419 708 3468 animi.»
735 3421 802 3469 Pon·
838 3419 924 3470 anmi:
941 3420 999 3468 ium
1017 3419 1129 3470 Raetiam
1145 3427 1169 3472 44
1185 3421 1362 3476 4444444444444

277 3505 376 3547 rareio.
397 3521 425 3531 -
451 3493 575 3558 44444444]
603 3494 709 3543 Curtius
726 3493 756 3554 3,
775 3495 800 3554 7,
838 3495 960 3545 84444444.
980 3493 1202 3556 04.0(4.4,7,37.
1221 3496 1360 3559 044444,

278 3573 324 3622 re:
347 3568 484 3620 4444444444
506 3581 539 3617 en
561 3581 625 3617 auro
648 3573 804 3631 argentoque
839 3569 879 3620 33.
897 3593 923 3606 -
941 3569 1040 3633 lunum]
1057 3568 1105 3620 Od.
1119 3569 1143 3631 t,
1157 3571 1233 3632 tea
1253 3575 1360 3624 Sueten.

276 3657 405 3707 44444444.
420 3669 445 3680 -
466 3641 554 3706 444444]
575 3641 642 3691 Edd.
661 3640 802 3692 nonnullae
840 3643 953 3692 ostii:
968 3645 1058 3693 lenum
1066 3645 1199 3706 Quirinum
1207 3649 1363 3710 senatuique

278 3721 380 3770 444444.
408 3715 484 3780 Apud
497 3715 634 3779 Virgilium
651 3717 804 3766 constanter
838 3718 1066 3768 unnnnconutn
1075 3719 1138 3769 44444
1147 3723 1295 3770 4444444444
1306 3729 1364 3772 ante

279 3792 404 3844 scribitur
412 3794 499 3841 444444.
513 3789 802 3853 thagnerorthogr.
839 3791 1063 3854 monetaneum,
1097 3793 1125 3842 in
1151 3795 1229 3844 mutto
1253 3795 1364 3846 44444444

278 3866 376 3930 Vergil.
390 3880 416 3930 4.
424 3865 520 3928 rsesq
532 3891 559 3902 -
571 3864 703 3928 apparent]
716 3861 803 3914 celare
840 3865 958 3928 nnrports
974 3865 1068 3928 444444,
1086 3871 1156 3918 terro
1172 3869 1288 3929 44444444
1299 3885 1365 3932 4444

279 3953 310 3991 se
327 3941 536 3991 demonstrant·
555 3939 593 3991 Ci,
608 3952 634 3988 v.
646 3938 704 3989 ait.
838 3945 932 4004 44444,
952 3945 990 3989 ter
1005 3940 1085 3990 elurit.
1106 3942 1141 4004 (a.
1155 3955 1182 3991 u.
1196 3955 1220 3992 o.
1234 3943 1291 3993 725.
1304 3945 1361 3995 749.

312 4015 452 4064 aso-ate.
478 4013 610 4076 44444444]
637 4014 751 4063 «sabran
777 4015 804 4063 et
841 4018 868 4064 et
885 4013 959 4074 744,
986 4013 1021 4064 (44
1042 4027 1096 4077 quo
1117 4017 1207 4066 tamen
1228 4029 1299 4067 anno
1316 4018 1364 4068 Dio

281 4086 419 4152 epistolas,
446 4100 516 4152 quae
539 4099 693 4139 sermonem
715 4089 804 4150 quoti-
841 4088 886 4149 34,
906 4088 950 4138 36:
977 4087 1136 4156 4444444444]
1160 4089 1214 4155 ptr
1239 4083 1293 4142 etv
1313 4087 1363 4142 444

282 4163 391 4214 dianum
407 4162 551 4214 referunt·
579 4163 635 4212 Sor.
654 4162 688 4212 ad
703 4163 765 4212 tier,
778 4163 803 4224 3,
838 4157 931 4213 Ἰανὸν
941 4159 993 4212 τὸν
1003 4163 1125 4228 Γέμινον
1136 4191 1173 4202 --
1184 4161 1362 4232 sturminium·

283 4235 388 4296 43,33;
407 4237 510 4286 Sermo
527 4237 807 4288 4444444444444444444
841 4231 877 4288 oi
893 4239 994 4302 μέντοι
1015 4239 1063 4288 nai
1081 4235 1229 4306 44444444,
1256 4243 1365 4306 propter

281 4309 390 4376 44444444
408 4309 569 4372 mundium
584 4310 710 4360 4444444444.
738 4311 805 4362 44444
841 4323 909 4361 4444
927 4311 995 4363 belia
1013 4323 1075 4364 curn
1092 4314 1171 4364 Dacia
1194 4317 1221 4365 et
1237 4313 1364 4366 Dalmatis
