3156 4972
297 469 358 534 354
678 463 1005 517 nonnrnsnunnnuu

319 611 555 694 'Nomentanus
578 633 648 689 erat
669 643 769 709 super
791 621 912 709 ipsum,
937 621 1070 688 Porcius
1093 621 1189 696 inira,

339 747 504 816 Ridiculus
527 756 610 812 totas
633 743 733 811 semel
757 742 936 810 obsorbere
960 742 1141 831 placentas;

338 872 555 936 Nomentanus
578 867 620 934 ad
642 865 717 940 hoc,
741 867 812 954 qui,
837 866 864 931 si
887 865 966 954 quid
988 865 1069 932 sorte
1090 864 1221 940 lateret,
1344 865 1385 928 25

339 991 448 1058 Indice
470 997 664 1056 monstraret
689 988 805 1076 digito:
836 1007 910 1054 nam
933 997 1043 1054 cetera
1063 986 1171 1063 turba,

338 1116 419 1190 Nos,
443 1113 590 1200 inquam,
615 1130 791 1176 coenamus
814 1128 905 1186 aveo,
930 1106 1113 1198 conchylia,
1136 1107 1257 1196 pisces

341 1237 450 1322 Longe
472 1231 662 1299 dissimilem
684 1241 759 1298 noto
783 1229 920 1298 celantia
942 1251 1072 1309 sucum;

360 1413 402 1465 ai.
420 1414 494 1464 aenei
509 1411 561 1474 bE,
579 1409 622 1478 yn,
643 1412 760 1462 Pottierii
777 1415 844 1462 tres:
863 1411 938 1462 simut
954 1410 1083 1473 Scp‚LCt,
1101 1408 1235 1461 Bentleius
1254 1413 1281 1460 et
1297 1409 1345 1462 nii.

330 1515 357 1527 -
377 1488 505 1540 obsorbere
521 1486 613 1552 bSEcp
626 1487 779 1538 etPottierii
797 1487 863 1549 duo,
882 1489 948 1539 item
965 1486 1040 1538 LCFJ
1049 1499 1054 1535 :
1080 1485 1211 1536 αὸεονὸσνο
1228 1489 1249 1546 ι,
1269 1487 1350 1536 Benie

328 1565 396 1616 laius
414 1567 440 1615 et
457 1565 490 1614 ii.
513 1591 539 1599 -
559 1563 600 1612 ai.
619 1563 677 1612 uuis
693 1563 721 1612 E.

294 1735 368 1786 mino
393 1744 495 1783 coenae
522 1744 575 1782 non
604 1731 741 1791 invitatos,
771 1730 821 1780 sed
857 1731 1095 1794 mrpereoediiteiis;
1106 1732 1231 1780 nemesi:
1244 1729 1394 1780 nomnibus

294 1821 363 1873 quos
381 1807 494 1858 comites
515 1818 609 1856 secum
634 1804 747 1855 duceret
772 1818 821 1855 eo·
858 1804 998 1866 aediliciis,
1017 1804 1115 1868 quibus
1132 1802 1197 1853 urbs
1214 1803 1382 1854 constabat.»

293 1895 355 1934 rum
380 1881 487 1945 aliquis,
517 1881 562 1943 qui
590 1880 691 1930 invitati
717 1882 818 1929 erant.»
860 1909 887 1918 -
906 1880 1043 1944 obsorbere]
1061 1882 1099 1930 De
1117 1881 1170 1930 hoc
1187 1879 1271 1930 verbo
1286 1879 1334 1930 cir.
1348 1879 1384 1930 ad

293 1956 360 2008 Piut.
381 1957 500 2017 Quaestt.
520 1955 629 2005 Conviv.
650 1955 679 2015 7,
698 1954 722 2003 6.
752 1955 819 2019 Epp.
858 1957 954 2017 Sati,
974 1955 1002 2016 3,
1021 1955 1078 2006 aio.
1114 1953 1276 2017 Plerumque
1293 1954 1327 2005 de
1351 1955 1383 2004 li-

293 2033 323 2093 i,
342 2033 371 2092 u,
390 2031 431 2081 28.
453 2057 480 2065 -
503 2028 683 2091 Nomentanus]
709 2027 821 2078 Videtur
858 2031 945 2094 quidis
962 2031 1119 2093 usurpatur,
1139 2029 1196 2080 lnl.
1210 2029 1383 2093 praeclariter

293 2106 366 2157 idem
383 2118 446 2155 cum
462 2106 559 2167 nepote
577 2102 620 2153 illo
632 2105 733 2154 Satirae
746 2105 774 2164 l,
794 2104 818 2164 i,
857 2105 989 2168 mplutue,
1013 2105 1148 2165 deiurare,
1171 2117 1224 2153 non
1242 2105 1300 2154 sine
1318 2103 1383 2154 ridi·

293 2182 349 2232 403.
381 2181 606 2240 «Bracmanum»,
626 2180 719 2240 idest,
738 2179 820 2229 decu·
857 2179 908 2230 culi
926 2179 1032 2244 specie,
1059 2180 1135 2242 quasi
1152 2191 1217 2229 vero
1234 2178 1322 2229 helluo
1339 2179 1381 2229 ille

292 2267 398 2306 marum
425 2256 451 2304 in
484 2253 569 2303 Sicilia
602 2253 817 2318 redemptorem,
856 2253 1013 2316 deglutisset
1029 2252 1179 2317 placentas,
1207 2257 1236 2304 ut
1258 2253 1324 2305 alius
1343 2255 1382 2306 vi-

292 2330 356 2380 dicit
373 2329 573 2379 commentetur
590 2328 708 2392 Cruquii.
729 2355 757 2366 -
778 2343 820 2378 su·
855 2342 919 2379 uum
936 2331 982 2379 aut
999 2329 1049 2378 ius.

289 2403 344 2468 per]
368 2401 512 2453 Lambinus
530 2400 648 2452 malebat
669 2415 763 2464 aspro,
790 2405 820 2452 ut
888 2403 978 2454 ia-iu.
1005 2403 1040 2452 od
1060 2401 1113 2466 loc]
1133 2402 1182 2452 ond
1206 2403 1257 2453 hoc
1274 2403 1380 2462 aderat,

293 2480 334 2530 est
351 2476 423 2542 apud
441 2477 495 2526 Cic.
518 2475 552 2525 ad
576 2477 647 2527 Fam.
670 2478 699 2537 3,
717 2477 764 2538 36,
784 2479 815 2527 t:
855 2478 884 2526 ut
900 2477 1110 2526 umnewiutorem
1128 2479 1243 2540 (Patron.
1256 2477 1307 2540 li.)
1320 2490 1381 2541 age·

290 2551 535 2615 mpromaatticus,
553 2551 622 2614 infru
636 2551 745 2601 Venias.
765 2551 817 2602 Sed
854 2554 909 2613 ret,
928 2553 950 2603 si
968 2550 1020 2601 cibi
1038 2549 1147 2614 aliquod
1164 2564 1248 2614 genus
1266 2564 1316 2602 uos
1333 2553 1382 2602 mi-

290 2626 404 2680 alterum
421 2637 508 2688 aeque
525 2628 630 2675 rectum
648 2629 689 2677 est
706 2627 733 2676 et
753 2625 779 2675 h.
798 2623 815 2676 l.
855 2639 905 2677 nus
922 2628 999 2691 periti
1016 2639 1069 2677 non
1081 2639 1317 2690 agnosceremus.»
1334 2630 1381 2678 Pa·

291 2703 350 2756 soni
367 2701 496 2766 gratioris.
531 2698 627 2751 salust.
645 2701 686 2751 Fr.
706 2701 771 2751 llist.
785 2701 817 2762 3,
854 2701 927 2752 rasiti
945 2703 1017 2752 enim
1029 2703 1086 2751 erat
1097 2696 1132 2750 τὸ
1143 2701 1319 2752 ἐπίστασθαι
1330 2697 1381 2764 τὰς

290 2777 335 2828 it:
358 2777 440 2840 lydus
456 2774 614 2836 discubuere,
633 2775 760 2826 Sertorius
775 2777 818 2824 iu·
854 2770 959 2846 ἀρετὰς
975 2775 1025 2826 καὶ
1035 2777 1140 2838 κακίας
1150 2773 1207 2826 τῶν
1219 2779 1319 2828 σιτίων
1330 2778 1378 2827 zai

289 2852 368 2916 serim
384 2851 412 2900 iu
427 2849 523 2910 medio,
549 2861 624 2912 super
645 2863 702 2900 eum
717 2851 746 2900 L.
764 2851 817 2900 Fo-
853 2849 913 2900 τῶν
935 2845 1030 2914 ὄψων.
1066 2851 1173 2902 Lucian.
1195 2854 1284 2902 Purus.
1306 2854 1331 2903 3.
1352 2879 1378 2888 -

290 2924 353 2976 iius.
379 2925 460 2976 Tacit.
474 2926 540 2974 Anu.
555 2923 583 2984 3,
604 2923 647 2974 tl:
666 2924 817 2974 inconvicto
853 2926 936 2975 lodice
952 2951 965 2962 -
984 2924 1073 2989 dicito]
1101 2926 1203 2976 «Certis
1229 2925 1381 2977 nominihus

290 2999 448 3062 Garanum,
466 3012 524 3048 eum
539 3012 615 3062 super
629 3012 687 3050 eum
702 2999 818 3050 Hrodii-
854 2998 949 3064 singuli
972 3000 1044 3063 digiti
1068 3001 1250 3050 nominantur:
1278 3001 1378 3064 police,

289 3075 421 3126 numeret.
448 3101 475 3110 -
502 3072 593 3136 ipsum]
611 3072 764 3135 domiuum,
788 3077 819 3123 ut
853 3077 944 3136 indae,
961 3073 1135 3138 [ammirei
1152 3075 1261 3136 medius,
1280 3076 1323 3127 vel
1339 3077 1381 3132 iu,-

289 3151 375 3200 servis
393 3149 501 3199 Graecis
518 3141 607 3210 αὐτὸς
625 3147 815 3198 catharus-
852 3151 940 3213 imao,
967 3151 1041 3200 Pers.
1062 3151 1093 3208 i,
1120 3149 1173 3210 ³3.,
1197 3150 1242 3212 qul
1268 3151 1381 3201 irrisioni

289 3225 399 3288 Ρονοῑιιε]
419 3221 619 3288 «publicanus»
638 3223 722 3275 Corin.
737 3223 817 3282 Cano.
854 3223 1031 3284 inserviebat,
1045 3225 1146 3274 Arriau.
1161 3224 1245 3288 Epict.
1259 3225 1288 3285 3,
1301 3226 1327 3286 3,
1337 3226 1378 3276 ii.

289 3299 427 3350 Dacierius
438 3298 556 3349 eundem
573 3301 662 3362 putat,
682 3299 726 3362 qui
745 3299 818 3348 deri·
854 3297 896 3350 vel
921 3300 1061 3361 impudicus
1085 3296 1194 3350 lilartial.
1216 3299 1244 3360 6,
1272 3299 1318 3360 io,
1345 3299 1380 3362 5.)

290 3373 369 3424 detur
385 3386 401 3421 a
419 3369 520 3422 Catullo
537 3371 589 3433 ii..
609 3373 638 3422 ut
655 3371 733 3422 nobis
744 3371 818 3423 vide-
853 3375 963 3424 medicus
981 3375 1014 3437 tin
1032 3387 1086 3437 quo
1108 3371 1216 3424 anulum
1239 3373 1379 3438 terebant),

290 3451 347 3507 tur,
366 3447 498 3510 precario.
513 3473 541 3482 -
555 3446 637 3508 sonet]
655 3447 817 3512 Sicpraeter
853 3448 996 3498 nutrimur.»
1025 3451 1119 3499 Poma.
1141 3475 1167 3484 -
1192 3448 1251 3512 Nos]
1274 3446 1382 3498 «talium

291 3519 376 3573 Codd.
391 3533 467 3570 meos
478 3518 518 3570 bE
531 3519 596 3569 Cod.
610 3521 721 3583 Franeq.
736 3519 816 3582 clare,
854 3521 1011 3573 deliciarum
1029 3523 1126 3583 rudes,
1146 3525 1254 3587 praeter
1266 3521 1383 3574 Nasidie-

291 3599 360 3647 teste
381 3595 474 3656 Rusio,
501 3607 554 3644 non
578 3597 703 3660 corrupte
726 3597 817 3658 amad,
854 3610 919 3648 num
938 3609 1037 3648 coenae
1055 3598 1209 3658 dominum,
1237 3599 1383 3649 Nomenta-

291 3673 321 3721 ut
337 3671 374 3720 ait
390 3667 538 3729 Bantinos,
566 3669 612 3733 qul
633 3670 690 3733 ipse
709 3683 817 3734 quoque
855 3684 933 3732 num,
957 3672 984 3721 et
1005 3673 1027 3723 si
1049 3673 1095 3735 qui
1118 3675 1259 3736 praeterea
1276 3674 1302 3723 in
1320 3685 1382 3736 my·

291 3749 322 3796 ut
338 3743 498 3798 Forcellinus
522 3745 548 3795 in
571 3759 597 3795 v.
615 3746 699 3796 Suasa
716 3746 750 3796 ad
768 3760 819 3797 no·
855 3747 936 3798 steria
953 3759 1064 3798 mensae
1077 3746 1279 3797 Nasidieniauae
1292 3747 1382 3797 initiati

292 3823 376 3876 stram
393 3819 536 3871 lectionem
553 3817 709 3880 inclinabat;
728 3823 756 3871 et
773 3835 819 3871 re·
856 3823 958 3871 erant.»
987 3821 1035 3870 Vn.
1049 3825 1133 3870 cetea
1149 3820 1224 3872 turbu
1235 3833 1300 3872 saue
1314 3823 1383 3872 ilas·

271 3905 274 3911 ·
294 3898 336 3947 cte
348 3895 469 3958 quidem:
489 3899 554 3945 totus
564 3895 650 3956 senei,
671 3907 739 3944 nuno
750 3895 819 3945 hau·
856 3897 979 3946 cenatem
992 3893 1144 3946 excludunt.
1158 3923 1185 3932 -
1195 3897 1313 3960 cotentio]
1326 3897 1382 3946 Hoc

294 3971 366 4030 stup
386 3971 477 4020 contra
491 3969 579 4031 piures
594 3969 683 4028 omui,
703 3968 730 4019 id
747 3969 819 4033 quod
856 3971 944 4034 ipsum
967 3971 1058 4034 utique
1082 3969 1191 4022 volebat
1207 3971 1381 4030 Nasidienus,

294 4041 354 4092 fleri
370 4043 413 4093 vix
429 4043 526 4107 potest.
562 4043 664 4092 Seneca
682 4043 763 4108 Epist.
777 4043 818 4092 it:
856 4046 886 4094 ut
903 4057 986 4096 novos
1004 4047 1085 4110 atque
1102 4044 1221 4098 insolitos
1237 4045 1314 4097 cibos
1333 4044 1383 4094 de-

295 4117 357 4167 iuna
379 4119 501 4179 quocum
522 4117 617 4168 colores
640 4117 714 4168 sonci
738 4118 819 4179 ducii,
858 4119 1019 4170 mirarentur
1035 4121 1176 4171 Maecenas
1194 4120 1307 4185 eiusque
1319 4119 1384 4170 ami·

296 4191 418 4253 quosdam
433 4192 482 4242 nisi
498 4193 597 4255 saepius
606 4197 822 4244 maceuaetre
858 4194 894 4254 οἱ,
922 4207 1018 4245 verum
1034 4193 1164 4246 malitiose
1183 4193 1262 4245 simul
1283 4193 1383 4258 signill-

296 4271 368 4318 cooto
383 4281 433 4316 nou
452 4265 567 4329 periibit.
602 4267 657 4316 Nec
674 4265 821 4318 refutamur
858 4270 901 4319 cat
925 4268 1092 4329 Fundanius,
1119 4271 1174 4320 tam
1202 4270 1269 4320 mue
1294 4267 1383 4320 omnia

297 4341 362 4393 livii
380 4341 408 4403 6,
428 4340 455 4392 i:
481 4343 668 4392 anna-uota
684 4341 759 4393 omui
773 4355 821 4393 ee·
858 4340 993 4406 pulmenta
1003 4343 1078 4394 cocta
1087 4344 1168 4407 atque
1177 4341 1282 4393 condia
1291 4341 1380 4400 tuisse,
