3178 4972
593 465 650 515 tiit.
670 465 688 515 i.
725 465 822 516 EPIST.
842 465 893 516 xii.

240 624 336 690 Utere
358 621 513 709 Pompeio
536 619 684 707 Grospho
706 631 755 697 et,
780 624 806 686 si
830 621 910 710 quid
932 631 1033 710 petet,
1057 621 1141 688 uitro

240 743 353 823 oeten
377 743 419 808 nii
445 741 613 831 Grosphus
635 743 696 808 nisi
711 764 833 834 *verum
855 742 961 810 orabit
982 752 1014 810 et
1036 763 1186 832 aequum.

239 865 315 932 Vilis
338 865 516 931 amicorum
540 875 590 931 est
612 885 752 940 annona,
783 863 876 930 bonis
899 863 954 930 ubi
977 863 1055 954 quid
1078 864 1179 932 deest.

238 969 284 1052 Ne
306 998 413 1053 tamen
436 985 580 1074 ignores,
606 1007 672 1075 quo
695 985 736 1053 sit
759 990 900 1054 Romana
923 986 995 1052 ioco
1020 1005 1089 1052 res:
1246 987 1302 1052 25,

240 1107 400 1176 Cantaber
421 1109 598 1196 Agrippae,
623 1107 735 1177 Claudi
758 1109 874 1175 virtute
896 1108 1032 1174 Neronis

262 1317 302 1366 22.
312 1315 374 1378 petit
386 1316 440 1378 (sic)
454 1329 589 1380 superscr.
602 1330 632 1374 o,
646 1319 674 1366 ut
690 1317 725 1366 sit
738 1321 821 1378 petat,
840 1315 866 1365 d.
888 1345 915 1354 -
929 1316 969 1366 23.
982 1317 1073 1368 orabat
1089 1333 1223 1383 superscr.
1237 1323 1247 1372 i

232 1393 257 1442 S.
279 1419 306 1428 -
325 1390 365 1442 24.
385 1391 445 1440 de'et
463 1392 516 1452 isici
534 1391 662 1454 scriptum
681 1393 738 1440 erat
754 1392 781 1440 in
800 1390 864 1440 Cod.
883 1389 1001 1442 Bioudin.
1023 1394 1215 1456 antiquissimo.

200 1571 264 1631 bus,
283 1583 364 1634 porro
381 1581 414 1620 ao
427 1567 580 1630 similibus),
600 1567 724 1631 benigne.
764 1565 886 1633 ποιῆσαι
903 1569 952 1618 καὶ
963 1567 998 1619 τὸ
1010 1567 1174 1636 ποιήσαντα
1183 1569 1226 1636 μή
1238 1571 1290 1638 δη-

200 1657 314 1708 φιεεεο,
341 1644 446 1708 recipe.
473 1655 554 1706 quern
580 1641 627 1692 tibi
650 1655 727 1692 ‹onr-
763 1639 863 1692 λώσαι.
892 1669 919 1680 -
945 1643 1041 1708 nem]
1077 1647 1221 1696 «iustum-
1249 1647 1287 1697 (li.

201 1719 313 1777 ruendo,
343 1718 494 1783 Grosphurn
520 1719 632 1780 eiusque
660 1729 727 1767 ooo·
764 1717 830 1781 Epp.
850 1719 879 1776 4,
897 1717 928 1776 i,
947 1719 988 1768 448.
1010 1745 1033 1756 -
1059 1720 1118 1768 Vitia
1134 1721 1197 1786 cet]
1223 1723 1289 1772 Pro-

201 1794 342 1844 soetodine
359 1793 446 1844 amice
463 1795 565 1842 utere·
587 1819 613 1828 —
638 1793 725 1856 pisces]
763 1791 886 1842 verbiuun
903 1792 1019 1849 videtur.
1045 1795 1087 1843 cui
1106 1795 1226 1858 proxime
1243 1807 1290 1844 arr-

200 1869 286 1918 Etiam
297 1869 410 1932 piscium
422 1866 463 1917 vel
476 1879 571 1918 recens
585 1869 725 1930 raptorum
764 1865 834 1916 cedit
851 1866 972 1930 Xenopb.
991 1869 1070 1917 biem.
1084 1869 1114 1928 2,
1128 1869 1168 1928 to,
1181 1868 1211 1920 i:
1238 1867 1290 1920 νῦν

200 1942 243 1993 vei
260 1939 435 2010 rapcxsoroia
453 1939 578 1992 insiciiia
594 1941 670 1989 cibus
680 1939 728 1990 iuit
763 1937 811 1991 διὰ
822 1937 856 1990 τὰ
869 1939 1025 2010 πράγματα
1035 1943 1154 2006 (propter
1165 1943 1237 1994 bono
1250 1947 1289 1994 rei

202 2017 334 2080 pretium
361 2027 449 2078 neque
467 2028 544 2073 vero,
570 2015 600 2064 ut
617 2013 726 2078 quidam
764 2014 886 2079 publicae
899 2017 1006 2080 statum)
1021 2009 1218 2080 εὐωνοτάτους
1229 2013 1289 2068 ἔστι

201 2093 250 2142 rati
276 2093 351 2148 sunt.
378 2105 402 2140 v.
424 2091 504 2153 pisces
526 2089 656 2154 significat
673 2087 728 2138 iau·
764 2089 867 2151 φίλους
879 2084 1009 2156 ἀγαθοὺς
1020 2091 1196 2155 arpocration.
1213 2095 1292 2144 «Pro-

202 2167 282 2218 tioree
308 2165 397 2224 cibos,
423 2179 530 2228 porrum
550 2170 572 2215 et
593 2178 669 2227 coepe
686 2166 727 2224 (ex
764 2163 861 2216 borurn
885 2165 1022 2215 homiuum
1045 2167 1160 2216 amicitia
1183 2161 1291 2216 stiore-

202 2241 299 2305 qoibus
320 2243 454 2291 moretum
472 2239 561 2302 tiebat)
582 2238 727 2304 simpiicio·
763 2238 836 2305 τάιη
848 2243 902 2300 est,
923 2241 995 2290 tenui
1006 2241 1104 2304 pretio.
1127 2240 1195 2291 iaciii
1207 2254 1290 2306 opera

201 2329 255 2366 ree.
289 2315 423 2379 Significat
439 2317 537 2366 iccium
555 2316 651 2380 spretis
669 2313 727 2364 iau·
765 2319 886 2379 paratur,
906 2315 927 2364 si
945 2327 998 2378 qua
1016 2329 1046 2365 re
1058 2315 1190 2377 indigent,
1210 2329 1291 2380 quam

202 2391 263 2440 titiis
292 2391 415 2440 Romanis
442 2392 533 2440 vivere
564 2393 726 2440 Graecorum
764 2403 813 2440 nos
830 2389 869 2440 eis
882 2391 1019 2454 impertire
1035 2403 1194 2454 possumus,
1214 2389 1292 2442 simui

202 2466 353 2516 tenuiorum
379 2477 463 2515 more.
507 2465 609 2515 Festive
636 2468 726 2515 autern
764 2465 877 2515 comiter
893 2463 919 2513 id
938 2464 1075 2514 incientes.
1101 2467 1143 2514 Sic
1161 2471 1188 2514 tu
1205 2468 1292 2530 primo

201 2541 313 2590 trucido-r
329 2539 523 2603 (abwiirpst)
541 2539 575 2589 ad
593 2541 727 2603 Pythago-
765 2552 873 2602 quoque
891 2538 990 2596 oiiicio,
1015 2538 1062 2590 tibi
1079 2541 1188 2590 minime
1206 2539 1293 2590 moie-

202 2627 248 2664 rae
260 2617 287 2664 et
299 2612 467 2676 Empedoclis
479 2615 654 2672 sectatorem
668 2615 728 2663 iiie·
765 2615 820 2671 sto,
848 2611 923 2662 iaciie
950 2613 1062 2676 Grospbi
1084 2614 1226 2663 amicitiam
1245 2614 1292 2664 tibi

202 2701 259 2738 ron.
278 2687 334 2737 Lib.
348 2690 371 2737 2.
391 2688 451 2737 adv.
471 2689 596 2739 lovinion.
614 2689 642 2737 T.
655 2689 679 2736 2.
699 2701 725 2751 p.
765 2685 906 2737 conciliare
923 2687 1050 2750 poteris.»
1071 2715 1098 2724 -
1117 2687 1194 2751 bonis]
1221 2689 1293 2738 «bo-

202 2763 260 2812 334.
273 2761 394 2813 vallars:
414 2762 525 2812 Probobo
541 2776 592 2812 noe
603 2763 727 2822 limpeeo-
764 2761 881 2812 minibus
892 2760 983 2824 probis
996 2774 1027 2810 ao
1039 2763 1182 2825 propiores
1195 2761 1291 2824 dignis,

202 2837 247 2886 etia
262 2843 286 2887 et
296 2839 453 2901 insibuporoe
469 2850 514 2886 nos
525 2837 616 2900 dopmu
627 2837 727 2895 ueteri,
765 2847 833 2898 quos
851 2835 1037 2885 demersere.»

202 2913 246 2971 qui
269 2917 375 2974 propior
400 2911 631 2977 μετεμψδχωσιν
656 2923 728 2959 omne
797 2909 886 2960 ua-us.
904 2911 942 2960 Ne
959 2910 1114 2974 remearet]
1134 2911 1290 2963 «Netamen

203 2987 269 3049 cuod
291 2993 405 3038 movebor
424 2992 446 3037 et
462 2988 525 3036 uiuit
541 2987 661 3036 nendum
677 2999 728 3035 non
765 2988 807 3044 tu,
840 2988 960 3035 rernotue
993 2997 1054 3034 curn
1086 2986 1123 3036 sis
1154 2985 1188 3036 ab
1222 2988 1292 3040 iirbe

200 3065 306 3123 mont,
325 3068 349 3112 et
365 3063 472 3112 eiusm
489 3062 602 3111 criminis
615 3073 671 3110 reor
682 3073 728 3110 ar-
765 3062 793 3108 et
817 3057 999 3122 pbiiosophiae
1018 3059 1112 3110 studiis
1129 3066 1289 3126 occupatus,

202 3135 344 3197 Murmur,
371 3137 415 3198 qai
440 3137 544 3186 4444444444
561 3147 729 3197 quorsumque
765 3135 891 3196 ignoreen
916 3135 967 3182 cet.
1003 3133 1042 3183 De
1064 3134 1163 3184 omisso
1181 3135 1206 3185 in
1225 3151 1293 3202 apo·

202 3211 365 3272 mouerunt,
384 3212 456 3260 cuiue
469 3211 617 3272 parricidae
633 3213 729 3258 suntet
765 3208 823 3258 doei
848 3220 873 3256 v.
894 3209 1000 3256 «scito»
1022 3207 1056 3257 ci.
1075 3209 1128 3258 Sat.
1146 3210 1177 3268 2,
1202 3211 1230 3271 4,
1249 3211 1291 3261 84.

201 3285 311 3348 metio.
347 3285 635 3347 oiog.1.eert.8,77.
665 3284 728 3333 Em·
765 3283 805 3334 Ad
839 3283 897 3332 soni
925 3279 1123 3333 similitudinem
1151 3286 1221 3334 tuter
1247 3299 1291 3334 vv.

203 3356 307 3422 pedooii
319 3357 450 3423 placuisse
463 3358 543 3409 dicit:
560 3353 729 3423 τὴνψυχὴν
765 3359 865 3422 ἐφιονσε
888 3359 915 3406 et
937 3357 990 3406 ioco
1006 3371 1047 3407 ree
1063 3358 1097 3407 oi.
1116 3359 1182 3423 Epp.
1202 3360 1231 3420 4,
1251 3359 1291 3418 44,

203 3437 327 3482 παντοῖα
360 3431 420 3499 εἴδη
449 3431 529 3496 ζώων
554 3434 603 3483 καὶ
629 3429 729 3494 φυτῶν
766 3433 790 3482 7.
819 3459 844 3468 -
873 3431 998 3482 Cantaber
1024 3433 1159 3499 Aprippue]
1189 3435 1219 3484 iii
1248 3447 1291 3484 vv.

203 3503 364 3558 ἐνδύεσθαι.
392 3510 467 3574 Φησὶ
484 3505 572 3574 γοῦν·
585 3505 657 3573 Ἤδη
673 3504 729 3578 γάρ
765 3507 910 3571 praecipue
928 3509 1036 3569 Augusti
1062 3508 1173 3572 eiusque
1191 3509 1294 3559 emico-

172 3641 176 3650 ,
203 3583 264 3632 xor·
281 3578 336 3649 ἐγώ
354 3580 482 3649 γενόμην
495 3581 602 3656 κοῦρός
612 3597 643 3632 rs
654 3580 728 3654 κόρη
765 3595 826 3632 rurn
844 3593 924 3632 causa
942 3581 1024 3630 additi
1036 3585 1106 3631 sunt.
1134 3582 1292 3643 Cantabros,

203 3671 251 3707 re·
279 3653 398 3721 Θάμνος
419 3661 442 3708 τ’
463 3655 567 3720 οἰωνός
583 3672 615 3708 τε
630 3659 681 3709 καὶ
697 3655 729 3723 ἐξ
766 3669 828 3706 cum
853 3655 992 3718 aliquoties
1014 3657 1186 3718 pertinaciter
1203 3655 1294 3706 rebei-

203 3727 274 3795 ἁλὸς
297 3725 420 3795 ἔλλοπος
447 3729 539 3795 ἰχθύς.
575 3733 628 3784 Cir.
653 3735 729 3784 Sturz
765 3729 878 3792 iasseut,
905 3731 1072 3794 bi..igrippa
1094 3730 1290 3781 isodomon.

203 3821 230 3872 p.
252 3806 309 3859 iet.
347 3809 474 3858 Ceterum
504 3807 595 3870 negari
621 3809 727 3871 nequit,
765 3805 861 3856 o.i3i.
879 3800 949 3866 τούς
965 3817 996 3853 re
1012 3803 1044 3854 ἐν
1061 3798 1206 3874 epibatus
1217 3801 1292 3854 noiv-

203 3883 287 3933 iocosi
304 3881 404 3946 aliquid
421 3883 510 3933 inesse
528 3883 554 3930 in
571 3881 655 3931 verbo
672 3887 729 3931 true·
765 3894 817 3942 τας
846 3873 946 3945 ὀλίγον
979 3875 1124 3964 διέφθειρε
1148 3879 1200 3928 καὶ
1222 3875 1292 3942 roric

203 3957 285 4018 oder,
311 3959 341 4006 ut
366 3967 429 4007 cum
450 3955 564 4006 Lucilius
586 3955 657 4020 apud
675 3957 729 4005 iio-
766 3949 886 4016 λοιποὺς
901 3951 938 4002 τά
954 3967 985 4003 τε
997 3947 1073 4004 ὅπλα
1089 3951 1226 4014 aecum
1241 3955 1292 4004 reat

202 4033 277 4083 nium
295 4046 321 4097 p.
340 4031 399 4083 449.
434 4033 515 4083 biera.
536 4029 612 4094 (Geni.
630 4043 657 4094 p.
676 4030 728 4094 88.)
766 4029 796 4092 ἐς
811 4025 848 4079 τὰ
865 4025 948 4079 πεδία
965 4029 997 4080 ἐκ
1017 4025 1074 4078 τῶν
1091 4025 1222 4098 ἐρυμνῶν
1237 4045 1292 4080 κα-

203 4105 283 4157 dicit:
309 4107 423 4167 flumen,
447 4106 521 4174 protte
535 4117 629 4164 υοναες
654 4105 729 4169 riop-
766 4101 928 4165 τεβίβασεν.
956 4105 1005 4154 Dio
1023 4103 1096 4153 cass.
1115 4102 1162 4164 iti,
1182 4105 1221 4154 44.
1249 4105 1288 4155 ci.

202 4186 288 4232 mesto
302 4181 417 4245 interfici
430 4182 516 4244 ponis.
534 4207 562 4217 -
580 4179 656 4243 uitro]
673 4181 730 4229 Ari-
766 4179 814 4230 0d.
826 4180 855 4240 2,
869 4179 893 4238 6,
906 4179 930 4227 2.
949 4179 1017 4241 Apte
1030 4179 1120 4228 auum
1131 4179 1219 4241 primo
1230 4175 1289 4228 loco

203 4258 264 4308 etot.
282 4255 400 4316 libati,
419 4256 448 4318 4,
460 4255 511 4306 294
536 4249 680 4320 Ποιητικὰ
696 4251 728 4305 δὲ
766 4251 1067 4314 memorator-agrippe,
1080 4252 1140 4301 iocii
1151 4255 1288 4316 patronus.

204 4327 303 4392 φιδλας
320 4326 404 4401 χάρις
416 4330 466 4381 καὶ
476 4325 511 4381 τὸ
521 4325 564 4395 μὴ
575 4325 729 4394 δεηθέντος
768 4355 796 4366 -
810 4326 899 4378 ciendi
908 4325 1043 4391 -Neronisi
1056 4325 1094 4376 Gi.
1108 4327 1173 4392 Epp.
1188 4329 1212 4388 4,
1225 4327 1250 4390 3,
1262 4329 1288 4378 2.

261 4421 353 4468 iionnr.
370 4433 424 4468 von,
440 4421 466 4467 ii.
497 4433 537 4470 ro.
553 4433 604 4468 uni.
621 4421 657 4468 444.
1092 4419 1121 4466 32
