3174 4974
619 465 678 516 Lm.
698 466 728 514 ll.
764 465 863 516 crisi.
882 466 900 516 l.

256 619 467 707 Libertasque
490 630 694 686 recurrentes
717 630 850 708 accepta
871 641 931 708 per
953 642 1053 689 annos
1122 621 1125 628 ’

256 743 347 808 Lusit
368 739 560 817 amabiliter,
585 740 689 808 donec
711 741 774 807 iam
796 762 914 808 saevus
936 755 1080 832 apertam

255 863 291 928 ln
313 861 436 929 rabiem
459 861 566 950 coepit
587 863 667 929 verti
689 863 781 931 iocus
803 873 836 930 et
857 884 916 950 per
937 863 1089 932 honestas
1160 883 1165 899 ’

256 984 306 1049 lre
329 982 444 1050 domos
467 984 598 1070 impune
619 984 736 1050 minax.
781 982 923 1052 Doluere
945 996 1079 1053 cruento
1237 989 1299 1057 l50

279 1179 336 1230 iia.
362 1181 427 1230 verti
450 1181 530 1242 cocptt
557 1193 600 1245 cp,
620 1181 659 1230 m.
690 1181 729 1244 (tit
752 1191 816 1242 uos,
842 1179 900 1231 nsit
917 1183 945 1232 et
962 1181 1088 1246 Codices,
1116 1196 1185 1248 quos
1202 1186 1267 1238 vidit

245 1252 393 1316 Bentleius,
412 1255 525 1318 omnes.)

214 1432 312 1481 quoquc
334 1420 444 1470 musairo
465 1425 500 1470 est
516 1421 593 1470 idaea
608 1421 736 1484 fotum,
776 1420 876 1471 iaceret
893 1419 981 1484 almri,
997 1423 1299 1491 exnaoisgaipsaooi-

212 1496 272 1546 Diri
296 1495 354 1544 latit
376 1496 530 1546 comitibus
545 1497 683 1560 praecipuo
698 1498 738 1547 to-
775 1492 855 1557 legit,
873 1495 946 1546 iocos
963 1495 1021 1548 illos
1036 1499 1154 1562 primum
1171 1501 1300 1554 innocen-

212 1569 295 1631 ctspuc
311 1569 463 1620 multaticio
478 1570 643 1630 calabrariam
663 1571 738 1620 atur·
775 1570 816 1618 tes
825 1569 952 1633 paulatim
962 1570 1140 1634 degenerasse
1148 1577 1228 1638 atque
1238 1589 1300 1628 con·

213 1645 252 1692 cis
268 1645 361 1706 qnippe
375 1645 486 1694 versitas
501 1645 737 1708 acprobroocrcta-
774 1653 868 1692 versos
896 1655 956 1694 esse
984 1645 1010 1695 in
1038 1646 1140 1698 tamosa
1167 1652 1297 1713 carmina,

209 1731 293 1780 pscao
309 1719 443 1768 revixisse
458 1721 527 1782 opud
540 1713 736 1781 efflictim,
775 1716 872 1779 quibus
889 1718 1011 1769 homines
1029 1720 1132 1772 bonesti
1149 1735 1181 1773 ac
1196 1724 1299 1778 nobiles

209 1793 382 1855 praevertam
403 1796 590 1856 parcimoniam
613 1794 738 1844 cuodmu-
774 1792 905 1842 acerrime
926 1791 991 1844 laesi
1013 1794 1078 1854 sint;
1106 1795 1141 1846 ob
1158 1809 1240 1860 quam
1257 1801 1299 1850 in-

212 1872 255 1917 tas.
271 1893 299 1904 -
311 1868 447 1930 opprobrio
462 1867 566 1933 metica]
583 1869 636 1920 cir.
650 1869 738 1918 omni-
774 1863 939 1917 tolerabilem
962 1865 1096 1919 licentiam
1112 1871 1165 1921 iam
1183 1873 1298 1925 Decem·
1322 1879 1327 1890 ¹

213 1955 247 1991 no
264 1941 299 1992 ad
317 1944 370 1993 Sat,
384 1944 407 2003 i,
421 1945 445 2004 7,
458 1944 491 1993 29
503 1956 563 2007 sqq,
774 1940 837 1990 viris
856 1941 887 2002 (a.
904 1951 931 1990 u.
951 1954 975 1992 c.
989 1942 1056 2005 30³.)
1073 1945 1160 1996 visum
1178 1961 1239 1998 esse
1256 1947 1299 1999 iu·

246 2015 366 2066 iti-450,
393 2018 556 2083 rapui—miae]
580 2018 736 2081 «quotannis
775 2015 867 2063 stuarii
883 2027 998 2078 poenam
1017 2019 1178 2071 constituere
1196 2023 1221 2072 in
1239 2035 1297 2084 eos,

213 2089 309 2140 eodem
319 2091 416 2142 messis
427 2093 736 2156 temporat-evertente..
775 2087 820 2150 qui
837 2088 909 2138 cives
928 2089 1108 2142 infamassent.
1146 2095 1297 2156 (anmius

214 2189 242 2198 —
260 2163 371 2227 occepta]
390 2177 442 2215 non
461 2169 613 2231 «receptap
631 2165 679 2216 sed
691 2179 738 2230 po-
775 2163 817 2211 est
838 2157 974 2213 Ciceronis
995 2163 1069 2215 locus
1090 2167 1124 2218 de
1143 2169 1206 2232 Rep.
1224 2171 1251 2220 L.
1270 2169 1295 2220 i.

213 2235 264 2286 tius
276 2237 466 2300 «wemmam,
483 2241 556 2302 grata
569 2252 678 2304 semper
689 2241 737 2290 ito-
774 2234 808 2285 ab
828 2237 971 2299 augustino
989 2237 1023 2288 de
1041 2240 1070 2288 C.
1085 2241 1115 2290 D.
1129 2243 1153 2302 2,
1168 2243 1191 2292 9.
1208 2255 1298 2294 serva-

212 2311 307 2368 manis,
320 2312 427 2374 quando
437 2315 537 2363 conditis
545 2315 737 2378 postmanente
775 2311 831 2372 tus,
850 2323 911 2361 mea
929 2313 956 2362 in
973 2311 1088 2364 editione
1106 2315 1161 2366 Vol.
1175 2318 1218 2367 lV.
1235 2321 1262 2368 P.
1275 2321 1295 2369 1.

211 2382 346 2436 ludebatn
366 2409 394 2422 —
413 2387 482 2437 Lrtctt
498 2389 653 2452 omubttiter]
678 2389 736 2438 «io-
773 2396 800 2447 p.
813 2383 876 2434 iit:
894 2386 1002 2436 Nostrae
1011 2393 1101 2438 contro
1112 2391 1241 2441 dtwdscim
1252 2393 1298 2442 Tc·

212 2461 271 2508 cata
286 2460 397 2510 estsine
409 2463 566 2524 cuiusquam
579 2463 734 2524 offensione,
774 2456 860 2519 butue,
879 2473 935 2509 cum
943 2474 1089 2524 perpaucos
1098 2477 1138 2514 res
1148 2465 1230 2527 copiis
1239 2479 1298 2516 eca-

212 2533 324 2583 comiter
348 2547 379 2584 ac
405 2534 504 2597 tacete,
533 2550 582 2586 nec
603 2536 656 2587 ulla
674 2537 735 2587 inde
772 2534 882 2596 moeni,
900 2536 927 2584 in
942 2536 980 2585 aa
995 2538 1061 2587 icoc
1077 2537 1298 2602 neocaesariam-

212 2607 268 2656 rixa
286 2607 448 2658 oriebatur»
463 2637 490 2646 -
508 2610 538 2660 la
554 2610 658 2675 rodem]
678 2613 736 2661 «io—
774 2609 834 2657 dom
846 2614 1001 2669 potoommt
1015 2623 1041 2662 er
1057 2625 1113 2671 pris
1131 2625 1297 2666 occasuris-

212 2693 260 2731 cus
277 2683 354 2731 antea
372 2682 500 2734 innocens
515 2684 541 2734 in
554 2685 736 2735 rabiemverti
772 2693 834 2742 scr,
860 2683 911 2732 stoc
927 2697 1030 2734 cannen
1046 2687 1205 2747 condidisset,
1231 2689 1297 2749 quod

212 2755 313 2818 coepit,
339 2756 408 2806 adeo
431 2760 461 2806 ut
481 2771 570 2807 saccae
591 2758 682 2820 fleret,
709 2759 736 2808 id
773 2755 907 2817 infantiam
927 2757 1022 2819 soccrct
1036 2761 1192 2822 papiriumvo
1208 2762 1296 2820 admi

212 2831 268 2890 est,
284 2831 376 2882 irrisos
388 2832 564 2881 vehementer
574 2832 694 2882 laederet
704 2846 736 2882 ac
773 2827 819 2878 ubi
829 2829 895 2879 Cod.
907 2830 1076 2882 corbeiensis
1084 2834 1222 2896 antiquiss.
1230 2834 1298 2898 glos-

212 2904 374 2954 morderet.»
401 2905 440 2955 ei.
459 2908 488 2956 Α,
508 2908 536 2955 P.
553 2906 597 2954 ie:
621 2906 736 2956 Archilo-
773 2913 802 2951 sa
820 2903 846 2951 in
864 2903 982 2953 Diibneri
999 2905 1046 2954 Ed.
1059 2907 1196 2969 Augustini
1213 2911 1295 2960 Paris.

211 2979 284 3028 ctiori
298 2980 403 3041 proprio
419 2979 522 3029 rabies
541 2982 652 3030 amavit
669 2982 736 3031 tam-
774 2975 861 3028 icccc
890 2977 1045 3028 «occanere
1064 2983 1105 3030 est
1122 2981 1219 3032 iniame
1236 2995 1297 3032 can·

212 3054 250 3104 bo.
267 3081 293 3090 -
311 3055 359 3117 [νο]
378 3055 543 3119 «impetuose
560 3057 734 3118 grassaris·
772 3063 835 3100 men
853 3052 986 3102 nominata
1004 3051 1118 3116 persona
1131 3055 1221 3107 odere.
1248 3059 1297 3107 Oo-

211 3130 313 3191 impwn
332 3129 438 3190 misac]
474 3128 568 3179 «nulia
592 3131 736 3181 etiamtunc
772 3131 883 3187 cantora,
902 3129 1064 3178 contrarium
1081 3131 1214 3181 canticum
1231 3144 1296 3182 can·

212 3203 300 3268 poena
325 3202 432 3254 famosis
456 3205 619 3258 carminibus
637 3207 737 3256 consti-
774 3203 857 3250 late-³
875 3200 1072 3263 Cimo-⁵0²2
1084 3201 1108 3252 4·
1127 3205 1193 3254 lutis
1205 3208 1295 3256 aulem

212 3277 293 3327 tute.»
312 3277 424 3327 Omnino
435 3279 591 3331 meminisse
603 3279 736 3332 debemus
774 3274 926 3338 posterioris
943 3274 1063 3338 regulam
1080 3277 1118 3326 sic
1135 3280 1243 3341 exponit
1257 3279 1296 3332 Ul·

213 3351 349 3402 Horatium
367 3351 392 3401 h.
406 3349 423 3400 l.
437 3350 514 3402 nobis
531 3354 638 3405 tradere
656 3356 738 3406 bisto-
773 3349 867 3413 planus
884 3349 925 3398 Fr·
942 3350 967 3398 5·
986 3349 1010 3412 ἓ.
1027 3350 1051 3399 9·
1070 3351 1126 3412 Dis-
1144 3351 1177 3401 de
1195 3353 1295 3405 iniuriis

212 3427 280 3476 riam
303 3425 392 3489 poesis
418 3426 565 3488 Romanas,
592 3430 622 3477 ut
642 3431 677 3480 ita
695 3429 737 3478 di.
774 3425 801 3472 et
823 3423 932 3473 ramosis
953 3421 1064 3473 libellis:
1091 3425 1119 3474 st
1134 3427 1190 3487 que
1205 3427 1297 3478 immas

213 3513 287 3561 cam,
300 3500 446 3564 poeticam,
461 3500 552 3562 idest,
565 3501 656 3564 talem,
669 3515 737 3567 qua·
773 3498 808 3547 ad
839 3497 972 3560 insonum
1005 3499 1297 3561 nuncuparem

212 3573 265 3624 lem
277 3574 334 3638 ipse
346 3573 397 3624 sibi
408 3575 561 3625 coniectura
572 3576 734 3627 informarat.
771 3571 912 3634 componit,
930 3575 1107 3635 composuerit,
1120 3575 1237 3637 ediderit,
1249 3577 1296 3628 do-

212 3649 327 3698 Primam
352 3648 441 3710 poesis
463 3650 586 3700 scenicae
608 3651 736 3714 originem
773 3647 826 3697 iove
848 3647 917 3696 mdo
939 3647 1036 3710 feccrit,
1063 3661 1111 3709 pao
1133 3649 1194 3708 qotd
1209 3661 1297 3700 corum

213 3724 286 3774 recta
311 3722 403 3784 utique
428 3725 556 3786 repetita
574 3725 736 3776 carminibus
771 3725 853 3788 iteret,
873 3723 970 3771 abusui
986 3723 1090 3772 adortus
1105 3723 1203 3772 candae
1216 3724 1296 3775 edide-

212 3797 262 3848 illis
279 3795 449 3848 fescenninis
465 3792 633 3861 ἀμοιβαίοις
651 3813 684 3850 ex
701 3799 737 3850 la·
772 3798 808 3846 rit
822 3797 862 3846 act
877 3797 929 3847 sine
944 3798 1061 3846 nonina:
1078 3797 1116 3846 uti
1133 3797 1162 3846 dc
1172 3811 1203 3847 co
1213 3811 1242 3848 re
1252 3799 1297 3863 apt

212 3873 292 3923 scitis
316 3871 382 3922 iocis
405 3873 433 3920 et
449 3873 574 3922 conviciis
592 3875 736 3923 constanti·
773 3871 856 3922 liceret
874 3870 978 3934 (iudicio
995 3873 1097 3935 privato
1115 3873 1219 3922 actione
1230 3873 1297 3923 iniu-

212 3946 277 4006 bus,
295 3958 411 4009 quorum
428 3958 511 4008 genus
527 3945 633 4010 aliquod
645 3949 738 3997 etiam-
774 3947 874 3996 riarum
886 3944 988 4009 exlege
1002 3944 1141 4006 Cornelia).
1161 3945 1199 3996 ei.
1214 3947 1295 3997 Hein-

212 4025 270 4071 tum
296 4022 437 4084 supererat
458 4020 485 4069 in
507 4020 668 4070 carminibus
686 4034 737 4071 nu·
774 4018 835 4069 dori
849 4019 883 4070 ad
900 4022 953 4069 Sat.
966 4022 995 4080 i,
1010 4022 1037 4080 t,
1051 4021 1091 4069 82.
1119 4023 1229 4084 insuper
1246 4035 1295 4072 no-

212 4091 344 4159 ptialibus.
364 4095 505 4144 Praeterea
518 4106 580 4144 cum
592 4095 672 4145 sciret
683 4096 736 4144 iam
773 4095 830 4142 turn
855 4096 949 4156 poetae
976 4097 1050 4152 erat,
1085 4095 1164 4144 edam
1190 4094 1295 4148 duobus

212 4167 355 4218 duodecim
372 4167 477 4218 tabulas
495 4169 615 4230 (Dirlrsen
632 4181 659 4233 p.
678 4169 734 4219 toi.
773 4169 833 4230 post
856 4166 951 4216 seculis
976 4169 1129 4230 (untedio.)
1155 4171 1293 4231 Naevium,

213 4242 240 4290 et
262 4241 329 4304 73³.)
355 4243 442 4306 capite
471 4243 602 4304 sanxisse,
629 4243 652 4293 si
678 4243 736 4306 quis
774 4241 818 4305 qui
836 4239 913 4291 simili
936 4242 1068 4304 protervia
1091 4244 1115 4292 in
1134 4242 1236 4293 nobiles
1252 4246 1295 4296 in-

213 4327 323 4367 carmen
335 4316 506 4380 condidisset,
517 4316 589 4382 quod
601 4316 736 4369 infamiam
773 4316 865 4365 vectus
883 4315 947 4377 crat,
966 4313 1000 4364 ab
1015 4316 1055 4367 his
1068 4315 1137 4368 male
1149 4316 1295 4370 mulcatum
