3090 4974
607 431 666 482 444
685 431 829 482 pourton.
1203 431 1266 498 695

216 586 353 652 Nesciet.
399 586 490 652 ilunc
513 605 574 673 ego
597 608 665 664 me,
690 587 819 675 siquid
845 608 1040 675 componere
1064 609 1189 668 curem,
1224 591 1265 656 35

214 710 284 774 Non
306 707 408 795 magis
430 727 504 774 esse
525 707 622 774 velim
644 729 742 796 quam
764 729 844 776 uaso
866 710 977 777 vivere
998 733 1113 798 pravo,

217 829 436 915 Spectandum
459 829 558 916 nigris
581 829 683 896 oculis
706 830 864 919 nigroque
886 831 1011 920 capillo.

216 950 339 1016 Sumite
361 950 529 1018 materiam
551 951 680 1029 vestris,
705 953 760 1038 qui
784 951 939 1031 scribitis,
963 973 1100 1042 aequam

203 1109 285 1171 faber,
302 1123 368 1161 uitus
383 1112 445 1175 cci.)
460 1140 487 1148 -
501 1112 541 1162 33.
559 1112 641 1162 maedis
657 1113 686 1162 B.
708 1137 735 1149 -
755 1112 796 1164 34.
814 1113 906 1176 lutetia
922 1115 1019 1176 operis,
1037 1128 1150 1165 monio:
1169 1118 1230 1178 quio

205 1183 348 1236 Bentleius.
367 1213 394 1222 -
412 1187 452 1236 344.
469 1187 552 1237 Nescit
568 1188 601 1248 B;
620 1187 721 1238 Nesciet
736 1200 777 1252 pr.
791 1190 818 1238 et
829 1187 848 1238 b
860 1191 887 1238 et
897 1189 924 1239 S.
934 1213 962 1225 -
976 1202 1021 1253 apo
1032 1191 1080 1256 ote]
1098 1192 1228 1254 eqemeii'.

208 1283 234 1294 -
246 1258 287 1309 36.
300 1273 380 1322 prcuo
401 1261 483 1311 mucre
498 1273 561 1310 nuso
572 1261 644 1324 liegii
656 1261 724 1324 duo,
743 1263 784 1313 Ct.
799 1287 827 1298 -
838 1262 879 1312 37.
892 1263 1036 1326 Spectaimu
1046 1263 1074 1314 b.
1089 1291 1117 1302 —
1128 1264 1233 1329 uiprcec

206 1333 233 1382 Β.
250 1359 276 1368 -
291 1334 332 1385 38.
349 1337 484 1385 maevium
496 1331 525 1386 iri
539 1333 581 1388 iu
598 1335 652 1398 (sic)
670 1337 698 1386 Β.

173 1467 254 1516 tiator
264 1465 291 1515 et
302 1463 417 1516 laudatio
426 1470 454 1517 et
464 1467 622 1531 vituperatio
631 1467 698 1517 certi
714 1471 717 1538 i
735 1479 763 1530 p.
775 1466 833 1517 att.
847 1468 876 1516 et
885 1465 943 1518 4844.
960 1493 987 1503 -
999 1467 1148 1530 inimicae]
1163 1468 1193 1517 V.
1206 1467 1262 1518 inti-

172 1541 301 1600 hominis‚
320 1540 445 1592 omnibus
457 1541 615 1605 aequalibus
631 1541 696 1591 noti.
735 1541 787 1590 tori
798 1541 825 1590 44.
837 1540 854 1591 l.
867 1541 940 1592 idem
952 1540 1008 1595 iere
1018 1542 1091 1605 quod
1100 1543 1259 1606 exprimere,

171 1615 291 1676 Denique
303 1616 364 1678 quis
376 1615 481 1676 credat,
496 1618 517 1667 si
531 1617 630 1666 Horatii
641 1629 699 1666 ma·
735 1616 913 1680 (cocibilem)
930 1620 960 1667 ut
983 1617 1037 1667 Cic.
1056 1619 1129 1668 444444.
1147 1619 1193 1679 48,
1212 1619 1259 1668 to:

172 1701 222 1738 nus
247 1689 400 1752 scripsisset
422 1703 501 1751 unua,
534 1690 696 1741 vocabulum
737 1692 847 1742 chccbi
864 1693 939 1756 etym
953 1692 1080 1756 cupidiore
1095 1705 1158 1754 eece,
1183 1705 1260 1755 quem

170 1761 278 1827 plenum
296 1764 516 1828 tutissimumque
528 1767 555 1816 iu
567 1767 698 1829 antiquis·
733 1771 761 1817 ut
772 1767 901 1816 imitentur
910 1768 1049 1816 ueritatem.
1071 1767 1135 1830 Epp.
1149 1768 1174 1828 4,
1189 1768 1214 1827 2,
1227 1767 1257 1817 8:

171 1837 244 1888 simis
266 1837 404 1888 codicibus
422 1841 557 1904 corrumpi
578 1842 696 1905 potuisse
734 1841 830 1904 crpitia
846 1840 1092 1901 qutmuenitaieis
1102 1841 1162 1890 urie.
1176 1867 1202 1876 -
1215 1841 1259 1890 ln-

171 1911 196 1960 iu
213 1910 327 1962 alterum
338 1911 463 1963 omuibus
475 1925 529 1963 nou
540 1914 696 1978 aequalibus
732 1915 795 1977 seito
813 1914 895 1976 operis
911 1914 1017 1978 44444444]
1037 1915 1078 1964 «ln
1095 1913 1259 1979 perfectione

171 1983 311 2037 obscurius
329 1989 356 2036 et
375 1987 501 2037 rariust»
527 1989 600 2040 Haeo
616 1991 697 2040 Deui-
733 1990 822 2054 eperia
834 1987 932 2049 iuieiix‚
947 1987 1257 2052 quiadeiiciebatuncn.

171 2075 218 2124 que
228 2089 242 2098 -
251 2087 265 2098 -
275 2063 363 2112 retius
374 2075 436 2113 oum
448 2063 562 2127 scripsit,
576 2079 628 2116 non
641 2077 697 2116 me
733 2065 962 2115 Bentleiusautem
970 2075 1019 2113 sua
1027 2063 1196 2114 distinctione
1207 2064 1259 2114 hoo

170 2138 258 2197 minii,
277 2138 303 2187 in
316 2137 400 2188 Codd.
414 2139 529 2201 antiquis
546 2140 612 2189 unus
630 2139 695 2202 (sine
733 2137 848 2189 voluisse
866 2137 988 2188 videtur:
1008 2138 1118 2188 «inlelix
1134 2138 1206 2202 quod
1224 2137 1258 2188 ad

169 2213 268 2274 puncto
285 2223 367 2275 super
383 2210 432 2261 litt.
450 2213 473 2271 i,
494 2213 567 2275 quod
584 2213 695 2263 demum
732 2227 800 2278 opus
816 2213 922 2272 attinet,
942 2211 976 2260 ad
987 2223 1137 2263 summam»
1149 2215 1212 2274 cet,
1231 2214 1257 2262 in

170 2288 309 2348 comperet
320 2286 345 2334 in
357 2287 549 2338 recentissimis
561 2289 620 2337 Sec.
630 2287 694 2351 XV.)
732 2301 786 2352 quo
805 2301 868 2340 sane
881 2285 1022 2351 dupliciter
1033 2288 1143 2350 erravit,
1162 2301 1187 2337 v.
1202 2299 1259 2350 ope·

169 2359 692 2426 etunusvixatquevixdistinguipoeee.
731 2363 768 2412 m'e
792 2375 850 2412 av.
868 2375 966 2412 amnne
989 2373 1133 2425 segregans
1157 2363 1184 2412 at
1205 2363 1257 2412 hoe

169 2434 262 2497 Neque
278 2446 343 2483 vero
361 2433 494 2498 negligere
512 2435 632 2486 debebat
643 2439 692 2488 Fe·
731 2438 788 2488 siue
814 2435 937 2501 exemplo
958 2449 1007 2500 pro
1024 2437 1051 2486 iu
1067 2449 1167 2486 summe
1183 2436 1257 2500 posi·

169 2521 212 2558 am
222 2508 481 2560 baecadnotantem:
496 2512 694 2562 rbiirorGram-
731 2514 788 2562 tum
801 2525 861 2562 esse
876 2513 960 2561 ratus.
978 2537 1004 2546 -
1016 2506 1116 2574 poema]
1130 2512 1256 2573 «tingere,

169 2585 279 2634 maticos
291 2582 352 2633 inde
364 2583 399 2632 ab
411 2587 516 2634 Acrone
528 2599 581 2636 uon
593 2587 692 2638 vidisse
732 2585 954 2646 «dereteiiem»
973 2587 1002 2634 ut
1013 2585 1060 2635 Od.
1074 2586 1099 2644 i,
1112 2585 1137 2646 8,
1150 2585 1180 2635 8:
1199 2585 1258 2634 Set-

168 2660 237 2710 circc
250 2659 276 2708 et
286 2659 350 2708 imm
361 2657 441 2708 simul
452 2662 523 2709 stare
536 2673 588 2710 non
600 2673 691 2724 posse.
710 2686 712 2718 4
731 2661 780 2710 iere
795 2673 862 2709 nime
878 2661 1002 2709 bominem
1016 2672 1119 2721 ponere,
1138 2671 1206 2708 emec
1216 2660 1257 2708 de·

168 2733 242 2784 Circe
259 2734 286 2782 et
299 2733 394 2782 etrum
405 2730 494 2782 locum
506 2733 694 2785 indetermina-
730 2747 781 2783 ran.
801 2733 839 2784 ci.
853 2735 882 2783 0.
895 2733 958 2784 iebn
972 2733 1005 2782 ad
1018 2735 1092 2782 Pers.
1106 2734 1134 2792 4,
1147 2733 1192 2782 ro:
1207 2745 1257 2794 po·

167 2810 224 2858 ium
238 2807 401 2870 significani;
419 2808 485 2857 imm
496 2821 561 2858 vere
573 2811 693 2860 omnium
731 2821 790 2858 uere
801 2808 893 2858 iucem.
907 2831 934 2844 ·-
948 2806 1035 2871 totum]
1049 2817 1158 2856 nomues
1167 2806 1256 2869 operis

167 2883 346 2934 certissimum
372 2883 398 2932 in
424 2886 500 2946 parte
526 2882 580 2932 ludi
604 2886 694 2934 extre·
731 2884 821 2946 paries
838 2881 1024 2931 necessarias»
1043 2880 1210 2943 (organicas).
1225 2905 1254 2914 -

167 2969 279 3006 44444»-
296 2957 458 3021 menmium
475 2961 506 3008 ut
522 2971 608 3022 aeque
625 2957 694 3009 moi·
729 2957 801 3006 Hunc
817 2968 862 3019 epo
878 2969 969 3006 men
985 2956 1042 3004 Non
1057 2955 1257 3018 4444844444-

168 3028 206 3080 les
223 3030 472 3097 (weicbmaiiend)
483 3033 647 3094 viderentur,
661 3047 693 3084 ac
730 3031 782 3094 tim]
801 3031 937 3093 Frequens
949 3030 1128 3089 constructlo;
1147 3030 1186 3079 sic
1198 3029 1253 3080 Cic.

167 3106 496 3171 suntinhomiueipso.»
521 3107 692 3170 Tibullus,
731 3105 765 3156 de
783 3105 856 3155 Olilc.
875 3107 904 3164 4,
923 3104 969 3166 34,
989 3104 1053 3154 iia:
1078 3105 1256 3166 0444444444

167 3179 197 3230 9:
218 3181 283 3241 (tute
299 3180 343 3230 tibi
359 3195 426 3231 nuuc
442 3183 527 3232 molles
541 3183 695 3245 prodesice-
726 3193 818 3243 possut
833 3185 869 3230 cet
890 3173 1018 3230 4444444444
1034 3179 1077 3228 itio
1094 3191 1181 3229 errore
1197 3180 1255 3228 diet-

166 3253 240 3305 iuisre
254 3255 381 3318 capillos?
406 3255 563 3320 capillitium
576 3269 640 3307 vero
652 3258 694 3308 di·
730 3260 820 3315 tumee‚
833 3267 890 3304 eum
900 3255 969 3304 --tu
979 3253 1047 3303 unni
1057 3265 1169 3304 emenone
1176 3255 1256 3303 onmi-

167 3326 288 3391 ligeutius
316 3331 481 3394 expressisse
509 3331 581 3382 haud
612 3345 693 3396 parva
730 3331 775 3380 brie
791 3329 951 3394 effebitemet
964 3329 1256 3378 iumucuueeeeeeeet·

168 3400 226 3454 laus
242 3406 301 3454 erat
311 3393 428 3456 artiilc‘is.
449 3405 524 3456 Cani.
537 3405 602 3456 Piin.
616 3407 647 3457 ii.
660 3408 691 3457 N.
729 3407 770 3458 iet.
789 3403 863 3456 Catil.
875 3405 900 3466 4,
912 3405 937 3466 4,
951 3405 981 3455 i:
1000 3404 1114 3466 capue.
1125 3417 1146 3453 c.
1156 3415 1196 3454 mc
1206 3415 1257 3455 essa

167 3477 212 3538 44,
230 3479 260 3541 8,
280 3479 328 3528 ts:
353 3479 406 3542 ipae
427 3485 511 3531 tumen
536 3481 635 3544 tityro)
653 3507 693 3518 -·
729 3481 879 3532 eemeutem.
896 3506 922 3514 -
939 3479 1029 3542 praee]
1044 3491 1125 3529 sensu
1136 3479 1253 3544 proprio,

165 3553 285 3614 capitium
308 3559 332 3603 et
353 3554 444 3616 pubere
468 3569 519 3606 non
539 3556 695 3606 mentumis
731 3553 1256 3607 adextrorsumvalsinistrorsumdeten

165 3627 249 3690 secisse
260 3627 392 3693 (uidetur),
412 3643 491 3692 quom
501 3631 574 3680 444444
584 3631 693 3692 antiqui-
729 3635 788 3692 top
801 3630 908 3693 subies,
921 3630 1048 3690 icrumm,
1062 3641 1114 3678 neu
1126 3628 1256 3678 seleuse·

166 3707 205 3752 tes
220 3704 372 3754 instituisset.
391 3731 405 3740 -
423 3731 437 3740 -
462 3706 508 3754 iiie
528 3705 694 3768 (Prrtbcpcres
730 3705 881 3766 iicbVoss,
894 3701 1143 3754 bitaeticitArnold.
1156 3729 1184 3738 -
1195 3701 1256 3764 Spe·

166 3777 299 3842 illepinm)
313 3779 693 3840 primmueueeetvmeeae-
729 3779 860 3844 ciendum]
882 3781 992 3845 propter
1012 3776 1254 3842 pulchritudinem,

162 3853 253 3914 praesti
269 3853 436 3916 capillumque
453 3855 602 3918 ditipentiue.
622 3857 692 3906 llere
730 3857 759 3904 ut
770 3855 818 3905 Od.
832 3855 856 3916 i,
867 3855 908 3915 34,
919 3855 963 3903 ii:
983 3854 1076 3914 iuuari
1086 3851 1167 3915 uipiir
1179 3851 1257 3901 ceritis

165 3931 255 3977 autem
266 3929 451 3979 etaccuratlus
461 3927 692 3992 etmoiiiusquam
729 3929 851 3992 uiproque
868 3927 942 3980 Crine
958 3929 1084 3978 decenae.

165 4013 300 4053 marmore
323 4003 436 4068 exprimi
456 4001 579 4054 solebant
596 4001 690 4068 capilli,
762 4003 850 4053 as-ii.
876 4003 963 4053 Prima
980 4002 1065 4071 saepia
1080 3995 1153 4065 δόξα
1169 3999 1255 4052 iuerat

165 4075 252 4126 donec
283 4077 334 4128 sub
359 4078 497 4129 Antoninis
525 4078 692 4127 marmorarii
729 4076 1098 4140 deunitate,quamdicunt‚
1114 4077 1253 4140 organica3

165 4161 273 4214 quoque
300 4151 325 4201 in
351 4151 403 4201 huo
427 4153 594 4216 potissimum
615 4154 691 4216 parte
729 4153 780 4200 iam
803 4151 856 4214 agit
876 4151 910 4200 de
932 4150 1052 4214 eligenda
1074 4152 1200 4212 materia,
1227 4151 1254 4202 id

164 4237 270 4276 summa
288 4239 350 4277 cum
366 4227 497 4290 diligentia
512 4225 689 4278 elaborarent.
729 4229 783 4288 est,
802 4227 836 4276 de
849 4227 1009 4276 inventione.
1026 4252 1052 4266 —
1065 4227 1182 4292 ecquem]
1195 4239 1254 4277 eac

165 4300 218 4352 Cir.
236 4303 353 4354 Visconti
368 4305 436 4355 lion
450 4303 543 4367 aaran
560 4303 632 4354 Fuso.
646 4304 688 4354 vi.
728 4301 942 4360 commodatam
962 4302 1004 4352 cui
1020 4313 1100 4366 pares
1117 4303 1169 4354 siut
1181 4303 1252 4356 viros
