3156 4972
614 440 674 490 nie.
693 439 724 488 n.
761 438 828 490 sar.
846 439 877 488 v.
1229 437 1291 503 303

250 598 329 666 Filia
349 597 500 670 Nasicae,
525 596 696 662 mouentis
718 595 857 662 reddere
881 595 1017 666 soldum.
1250 599 1290 663 65

250 722 330 786 Tum
352 739 453 806 gener
474 717 536 785 hoc
557 717 664 784 iaciet:
687 716 813 784 tabulas
836 738 950 785 socero
974 718 1062 786 dabit
1083 729 1180 808 atque

250 843 289 910 Ut
310 841 396 928 legat
417 839 537 918 orabit3
560 837 695 905 multum
715 841 831 906 Nasica
852 850 984 927 negatas

248 962 393 1049 Accipiet
414 961 544 1028 tandem
566 971 598 1026 et
619 961 736 1028 tacitus
759 960 857 1048 leget,
882 961 1087 1049 invenietque

247 1083 295 1148 Nil
319 1082 382 1149 sibi
403 1082 543 1170 legatum
565 1091 696 1169 praeter
717 1082 847 1170 plorare
869 1084 1014 1170 suisque.
1078 1061 1082 1070 ¹

248 1203 331 1270 illud
353 1204 395 1270 ad
417 1203 499 1271 haec
520 1203 634 1270 iubeo:
658 1202 775 1270 mulier
796 1204 822 1270 si
845 1203 926 1272 iorte
948 1204 1062 1272 dolosa
1249 1210 1290 1273 70

248 1325 440 1392 Libertusve
463 1345 575 1391 senem
598 1323 736 1390 delimm
758 1335 929 1413 temperet,
955 1326 1015 1392 illis

250 1446 396 1513 Accedas
418 1447 545 1526 socius3
570 1444 699 1522 laudes,
722 1444 864 1512 lauderis
886 1455 922 1512 ut
943 1447 1071 1515 absens.

247 1567 388 1634 Adiuvat
409 1565 472 1633 hoc
493 1587 641 1654 quoque,
666 1565 726 1633 sed
746 1567 844 1634 vineit
864 1567 959 1656 longe
982 1570 1071 1656 prius
1094 1571 1199 1658 ipsum

248 1690 441 1775 Expugnare
464 1699 569 1775 caput.
614 1687 740 1754 Scribat
761 1688 845 1754 mala
867 1689 1010 1756 carmina
1031 1711 1162 1760 vecors:

247 1809 401 1876 Laudato.
447 1810 610 1876 Scortator
632 1808 707 1876 erit:
730 1829 810 1876 eave
833 1820 863 1876 te
885 1821 992 1898 roget3
1015 1811 1098 1879 ultro
1248 1815 1289 1880 75

270 1989 311 2038 67.
330 1977 430 2052 ledetur
446 1989 499 2038 abit
515 1989 543 2038 E.
566 2014 593 2024 -
612 1989 652 2038 72.
671 1989 770 2038 Accedit
787 1989 929 2053 (superscr.
949 1990 976 2053 c)
993 1990 1021 2040 h.
1037 2017 1064 2028 -
1084 1991 1125 2042 73.
1137 1994 1219 2044 uincet
1231 1995 1256 2043 S.

238 2063 439 2189 :mgni
454 2066 484 2124 Ε,
503 2076 535 2113 ex
544 2061 601 2114 aliis
610 2063 694 2113 Codd.
707 2063 735 2113 F.
755 2064 795 2126 (Ut
805 2077 867 2127 nos,
886 2063 957 2129 bScp
969 2065 997 2114 et
1008 2066 1123 2116 Pottierii
1141 2069 1254 2130 omnes.)

168 2339 174 2346 .
202 2298 240 2348 sis
257 2297 332 2360 priua
350 2293 437 2347 solvas
459 2296 539 2356 mihi,
567 2297 589 2346 si
613 2295 660 2346 tibi
681 2309 730 2360 per
767 2295 846 2356 dnm,
866 2299 907 2346 est
923 2309 972 2360 pro
984 2297 1122 2348 adverbio.
1152 2299 1226 2350 Ovid.
1241 2301 1292 2352 ile·

202 2371 270 2420 deos
287 2369 478 2430 inluminet,
501 2368 564 2420 iilud
581 2371 728 2432 aenigma.»
767 2369 833 2419 roid.
851 2370 897 2430 47,
917 2371 978 2420 tea:
1005 2373 1049 2422 Ntt
1063 2373 1102 2422 uti
1119 2375 1192 2435 potui
1211 2374 1292 2424 dicem

204 2473 232 2481 -
251 2445 357 2508 tuoeotr]
384 2445 556 2504 Octavianus,
575 2444 621 2507 qui
639 2443 729 2508 (natus
762 2449 867 2506 praeter
891 2447 959 2495 erit.
996 2447 1130 2498 sententia
1151 2451 1205 2498 est:
1231 2449 1291 2498 «Ni-

202 2533 227 2569 a.
241 2532 268 2569 u.
282 2533 307 2570 c.
327 2519 395 2581 694.)
416 2531 439 2568 a.
459 2532 485 2568 u.
505 2531 528 2568 c.
553 2519 609 2568 725.
630 2531 729 2568 annum
766 2516 802 2567 hil
820 2519 928 2568 omnino
947 2531 1008 2569 cum
1034 2521 1064 2572 iis
1090 2520 1219 2584 legasset,
1244 2535 1291 2572 eos

202 2595 370 2657 tn‘gesimum
382 2595 508 2656 quartum
518 2592 730 2656 agebat-Pur-
767 2591 938 2642 exheredavit
960 2593 1084 2658 maloque
1107 2595 1220 2646 offecit.»
1249 2597 1291 2645 si-

201 2670 250 2720 titis
269 2668 417 2732 mendae]
441 2677 538 2730 «quem
555 2667 731 2718 reformidant
766 2664 863 2716 militer
879 2666 1043 2730 Polystratus
1067 2673 1217 2733 captatores
1241 2670 1291 2720 de·

201 2743 321 2802 Parthip
340 2755 505 2806 quamquam
522 2739 621 2792 nullam
638 2743 730 2792 etiam·
766 2739 827 2790 lusit
844 2741 915 2804 apud
927 2743 1033 2792 Lucien.
1047 2743 1112 2794 Dial.
1127 2746 1202 2795 illort.
1216 2744 1244 2804 9,
1259 2744 1288 2794 3:

200 2819 266 2868 tunc
284 2817 481 2880 expeditionem
499 2817 590 2866 contra
608 2829 655 2866 eos
667 2829 730 2867 sus·
765 2807 855 2880 ἄλλως
876 2813 907 2865 δὲ
929 2811 981 2878 τὰς
1003 2812 1122 2882 ἀληθεῖς
1146 2813 1289 2880 διαθήκας

201 2895 321 2956 ceperat.
342 2917 371 2928 -·
389 2892 530 2940 benenom
549 2890 634 2954 pctus]
655 2891 726 2953 Virg.
764 2881 840 2948 ἔχων
861 2888 972 2953 ἐκείνας
988 2891 1142 2942 κατέλιπον
1160 2888 1292 2956 οἰμώζειν

200 2969 267 3017 Aen.
282 2967 310 3025 t,
328 2965 389 3015 288:
408 2965 498 3025 Jutitts,
510 2977 631 3028 cmopoo
642 2965 730 3014 donis-
765 2955 858 3014 ἅπασι
880 2962 1006 3034 φράσας.
1042 2965 1098 3016 Noli
1122 2967 1239 3030 cogitare
1257 2966 1291 3016 de

199 3054 256 3090 mm
271 3053 363 3090 omnen
378 3039 443 3088 tulo.
484 3039 565 3088 Tacit.
589 3041 655 3088 Ann.
681 3039 727 3100 Η,
765 3041 816 3088 huo
827 3038 869 3089 vei
881 3039 959 3089 simili
971 3039 1096 3090 iormula:
1115 3041 1230 3091 lercrx
1240 3051 1292 3090 ccx

200 3116 249 3166 ts:
269 3115 339 3164 Nero
348 3139 363 3149 -
373 3139 389 3148 ·
400 3115 540 3163 iiomaowo
558 3113 632 3162 Troia
643 3113 730 3163 derne
764 3125 820 3164 scis
836 3125 947 3162 riorum
961 3125 1047 3164 russo.
1059 3128 1085 3163 v.
1098 3114 1192 3164 Iacobs
1207 3116 1289 3165 Lectt.

200 3203 257 3238 amr
279 3193 303 3238 et
327 3188 408 3237 iuliae
429 3189 514 3250 stirpis
537 3193 665 3237 ottotorem
680 3187 730 3236 Ae·
766 3187 864 3237 Venus.
877 3201 903 3251 p.
918 3185 975 3237 toa.

199 3277 276 3314 mam
301 3263 404 3323 aliaque
429 3263 497 3312 houd
521 3263 612 3324 procul
638 3261 730 3324 [obuiis
799 3262 887 3311 'tc-78.
916 3261 1015 3326 metiar]
1043 3262 1234 3312 «concubina»
1262 3291 1290 3298 -

199 3345 288 3390 ocare
303 3338 411 3400 {ammeio
422 3343 559 3387 eoseeutus.
573 3365 600 3372 -
610 3337 728 3400 procero]
766 3336 960 3400 leuberedum
984 3335 1123 3386 arbitrium
1145 3349 1224 3388 suum
1247 3349 1292 3386 re-

201 3411 437 3472 Quemadmodum
447 3411 520 3473 sorti,
534 3411 573 3462 sio
584 3411 653 3460 haec
665 3423 730 3474 quo·
766 3413 835 3475 gat.»
855 3413 939 3462 Coun.
954 3412 1032 3470 Cnuo.
1049 3437 1076 3446 -
1091 3411 1185 3476 hodes]
1200 3423 1292 3476 «prae—

201 3499 254 3550 que
272 3484 397 3548 ambigua
420 3483 479 3535 laus
502 3485 558 3545 est,
585 3486 614 3533 ut
634 3483 727 3535 Catuli.
766 3487 869 3546 sentes,
893 3489 923 3536 ut
945 3484 993 3535 tibi
1010 3484 1134 3536 benevoli
1151 3483 1241 3535 liant.»
1263 3511 1290 3520 -

200 3561 248 3621 86,
267 3562 298 3610 t:
323 3559 567 3622 oomotic-loopo,
587 3560 664 3609 iteotc
684 3563 727 3608 est.
764 3559 851 3624 vincit]
870 3561 1030 3624 «praestat»,
1049 3563 1155 3630 teperet.
1171 3585 1199 3595 —
1209 3557 1291 3622 prae]

202 3661 230 3671 -
250 3634 360 3696 Corano]
380 3633 480 3683 bomini
498 3633 586 3694 diviti,
611 3633 653 3682 cui
675 3633 729 3682 Ne·
767 3633 808 3684 nid
826 3633 913 3698 quoda
931 3631 975 3682 vel
998 3635 1106 3698 «utpote
1131 3631 1203 3696 quod
1217 3633 1293 3694 prius

200 3711 270 3770 sica,
295 3710 325 3757 ut
347 3709 374 3757 in
392 3709 450 3758 eius
466 3707 643 3757 hereditatem
660 3707 729 3756 irre·
765 3709 781 3757 i.
796 3721 820 3758 e.
840 3706 973 3756 efficacius
997 3709 1068 3767 estu
1094 3711 1225 3776 κρεῖττον
1247 3699 1290 3754 ὄν.

200 3783 290 3847 peret,
321 3779 402 3832 filiam
430 3793 507 3832 suem
537 3782 563 3830 in
588 3781 728 3830 matrimo-
764 3780 812 3831 Alii
829 3794 854 3830 v.
864 3781 939 3843 prae
955 3792 1004 3844 pro
1020 3779 1173 3830 accusativo
1190 3777 1293 3828 babent

200 3856 275 3906 nium
293 3854 376 3905 dedit.
390 3881 419 3892 -·
438 3856 569 3906 oetumttt
584 3853 647 3918 cet]
665 3855 727 3918 «qui
765 3856 897 3919 «priorem
915 3855 1059 3914 rationem,
1079 3865 1132 3916 qua
1149 3853 1175 3902 te
1188 3855 1293 3904 socium
1361 3877 1363 3885 ·

200 3932 312 3995 propter
328 3930 463 3992 angustias
475 3929 637 3980 domesticas
655 3927 727 3978 nole-
764 3929 872 3980 dolosae
889 3927 996 3978 mulieri
1013 3926 1143 3978 libertove
1161 3925 1291 3977 accedere

199 4003 247 4054 bat
256 4005 400 4054 restituere
410 4017 457 4054 aes
469 4003 597 4064 alienum,
611 4003 724 4064 admeto,
764 4004 853 4054 iussi.»
875 4029 902 4040 -
920 4004 1003 4065 ipsum
1023 4003 1181 4065 Expupncre
1203 4005 1290 4076 caput]

200 4081 333 4142 integram
349 4078 423 4129 iliam
439 4091 586 4139 summam,
611 4089 692 4141 mam
710 4091 725 4127 a
764 4079 840 4142 quasi
852 4077 940 4141 regni,
960 4075 1069 4126 divitem
1087 4076 1193 4140 ipsum,
1213 4075 1293 4126 blan·

200 4154 307 4205 coreno
334 4155 456 4203 mutuam
484 4153 666 4217 sumpserat.»
696 4179 724 4189 -
764 4153 833 4203 ditiis
861 4155 942 4215 etque
971 4149 1111 4213 obsequio.
1141 4177 1169 4186 -
1194 4151 1292 4216 omero]

196 4233 302 4290 practer
314 4228 429 4290 ρὶοναο]
445 4227 533 4297 χωρὶς
544 4224 596 4278 τοῦ
607 4225 725 4288 κλαίειν,
764 4225 905 4277 «vecordia
915 4224 1031 4289 madum
1040 4224 1074 4275 ad
1086 4225 1204 4276 carmina
1217 4237 1293 4274 com·

200 4298 345 4367 οἰμώζειν.
372 4301 403 4352 V.
413 4307 517 4365 praeter
528 4301 554 4352 b.
565 4299 593 4362 1.,
607 4303 636 4352 ut
647 4301 727 4352 inter·
763 4299 888 4365 ponenda
913 4301 1015 4350 actus.»
1042 4325 1071 4336 -
1098 4299 1171 4364 coco]
1198 4297 1291 4349 ultima
