3116 4968
606 405 666 456 un.
685 405 715 456 ιι.
751 405 818 456 sar.
838 405 880 456 ur.
1231 405 1293 470 253

247 565 357 630 Dones
380 560 540 650 quidquid
563 560 681 638 habes,
705 582 746 627 an
768 581 934 649 nunquam
956 569 1047 628 utare
1071 562 1214 649 paratis?

249 685 383 752 Servius
405 682 574 772 Oppidius.
590 681 708 751 Canusi
731 681 797 748 duo
820 680 970 769 praedia,
994 682 1087 750 dives

249 807 389 895 antiquo
411 825 527 882 censu,
551 803 655 892 gnatis
677 802 798 869 divisse
820 801 950 870 duobus

250 929 364 994 Fertur
386 934 418 993 et
442 925 504 993 hoe
525 925 666 992 moriens
689 925 800 1013 pueris
822 923 944 991 dixisse
966 925 1088 993 vocatis
1232 928 1293 995 l70

249 1047 297 1114 Ad
319 1046 454 1114 lectum:
478 1048 653 1134 Postquam
677 1056 707 1113 te
734 1044 829 1122 talos,
854 1044 948 1124 Aule,
973 1067 1139 1135 nucesque

210 1191 215 1198 ·
250 1171 347 1236 Ferre
370 1169 442 1235 sinu
464 1166 551 1247 laxe,
576 1167 699 1234 donare
720 1177 754 1233 et
773 1166 887 1234 ludere
909 1166 990 1244 vidi,

240 1349 333 1399 totroru
349 1350 436 1398 Aaron
456 1346 541 1408 list„
559 1347 612 1398 duo
630 1347 800 1408 Bersmanni,
819 1347 845 1396 F.
866 1348 905 1409 (Ut
922 1360 983 1408 nos,
1002 1349 1085 1398 nostri
1103 1351 1130 1399 et
1146 1351 1262 1400 Pottierii

240 1435 350 1482 omnes,
368 1423 433 1472 item
451 1422 555 1472 comm.
575 1422 667 1485 Cruq.)
681 1449 709 1458 -
728 1422 785 1472 tot.
797 1422 910 1472 Donmer
926 1423 1039 1485 (servata
1057 1422 1169 1475 lectione
1187 1424 1263 1476 boro-

241 1497 337 1561 tlsroae)
355 1495 435 1547 dubia
451 1495 562 1548 Bentleii
580 1496 705 1560 suspicio.
722 1523 748 1532 -
768 1497 824 1547 468.
844 1497 973 1560 Oppimtue
990 1499 1045 1562 (sic)
1063 1499 1090 1550 b.
1107 1528 1134 1536 -
1149 1501 1204 1552 470.
1218 1502 1263 1552 boc

241 1572 307 1638 bSp,
325 1572 442 1622 Pottieril
458 1583 568 1633 omnes,
588 1575 612 1634 t,
632 1583 709 1621 rcum
728 1569 887 1623 editionibus
904 1573 1015 1623 vetustis
1032 1575 1059 1624 et
1075 1577 1262 1640 manuscriptis

241 1647 296 1698 lere
314 1646 454 1697 omnibus»
473 1645 619 1696 Bentleius:
638 1645 699 1696 boec
716 1646 837 1706 sacru.
859 1675 885 1684 -
906 1649 961 1698 tit.
980 1653 1004 1698 et
1020 1649 1115 1701 dooere
1130 1650 1157 1700 b.
1180 1677 1205 1690 -
1225 1653 1263 1702 la·

241 1723 306 1784 dere]
321 1723 427 1784 perdere
443 1719 579 1772 Bentleius
596 1721 664 1772 coni.

208 1883 281 1942 erat,
311 1879 447 1945 piacidum
472 1881 558 1932 nostia
583 1881 730 1943 caedebat,
769 1883 876 1945 parato,
895 1884 971 1945 quasi
988 1896 1054 1934 vero
1068 1884 1102 1935 de
1121 1886 1202 1936 nimio
1214 1899 1294 1938 aurae

207 1969 261 2008 non
289 1959 379 2007 umen
411 1955 534 2016 Laribus,
570 1958 649 2020 puto,
684 1955 733 2007 sed
769 1957 906 2022 popularis
929 1957 1017 2008 studio
1038 1959 1082 2011 hic
1104 1963 1242 2024 ageretur,
1269 1961 1295 2012 id

206 2029 365 2096 Aesculapio
396 2029 487 2081 aliisve
513 2030 554 2081 dis
576 2029 731 2082 maioribus.
771 2031 844 2095 quod
860 2044 895 2082 ne
913 2044 966 2082 uno
978 2033 1088 2096 quidem
1099 2034 1184 2086 verbo
1195 2036 1295 2099 signill-

208 2107 300 2170 (Plaut.
311 2108 478 2158 Menaecbm.
488 2108 513 2168 2,
526 2108 551 2168 2,
564 2107 615 2171 ιιι.)
633 2109 734 2158 Veram
771 2107 814 2156 eat
830 2107 924 2170 poeta,
943 2119 994 2157 nee
1010 2111 1085 2158 reeta
1097 2108 1138 2159 alil
1155 2109 1294 2170 batuam,

207 2184 252 2234 bio
262 2181 333 2234 clare
342 2183 417 2243 dicit,
432 2194 485 2232 non
496 2182 632 2246 periurum
645 2195 733 2246 neque
772 2182 877 2230 rutrum
900 2183 931 2230 ut
952 2179 1068 2244 balatro,
1095 2182 1225 2245 nebulo-3
1252 2183 1295 2235 alii

207 2256 347 2310 sordidum
364 2270 417 2308 non
434 2257 559 2308 insanire.
581 2283 610 2292 -
628 2257 735 2322 Nouipet
770 2255 910 2318 ιαιαινοιιι,
928 2255 970 2307 vel
983 2257 1172 2320 significatione
1186 2260 1293 2324 propria

206 2331 362 2394 amiseram]
387 2330 437 2381 «ad
458 2329 606 2381 elleborum
623 2343 735 2382 sumen·
771 2342 898 2381 «saumae
914 2327 992 2380 alicui
1014 2332 1139 2396 inepto»,
1163 2331 1206 2382 vel
1231 2345 1296 2397 upo-

208 2406 300 2457 dum.»
319 2403 389 2456 Cels.
403 2405 433 2465 3,
453 2405 497 2455 ⁴8:
516 2405 735 2468 lobistittome·
769 2403 832 2468 pulo
852 2407 986 2466 Romano,
1014 2403 1158 2456 balatronis
1184 2406 1293 2470 similia,

209 2478 350 2542 lanobolia)
363 2480 466 2544 elpram
481 2485 613 2531 omatmm
624 2481 736 2532 ιιοιοοιιο-
770 2478 858 2542 lsgere
876 2477 1035 2530 maluerunt.
1055 2507 1082 2516 -
1096 2480 1151 2530 Ser.
1165 2481 1293 2546 Oppidius]

207 2557 248 2604 seir
263 2567 357 2614 rouro,
384 2553 411 2602 io
434 2554 562 2605 hilaritate
583 2554 654 2618 [cum
679 2555 735 2605 risu
771 2565 855 2617 eques
872 2553 1038 2604 llovidetur
1053 2553 1148 2615 luisse,
1168 2555 1243 2606 cuius
1253 2554 1296 2605 ul-

208 2628 404 2693 desipientium)
417 2627 502 2678 album
514 2629 548 2678 od
559 2629 735 2680 amoenae-
771 2629 851 2679 timae
870 2627 1081 2690 exhortationes,
1107 2628 1204 2694 quibus
1229 2629 1296 2681 tilios

208 2703 338 2754 edendum
353 2701 412 2750 dori
422 2701 498 2752 debet.
517 2702 592 2753 Conl.
607 2716 634 2752 ιι.
648 2703 732 2767 sasq.
771 2715 787 2752 a
810 2703 862 2752 vita
884 2715 1012 2766 perversa
1033 2715 1161 2754 revocare
1185 2707 1296 2755 conotus

243 2777 364 2828 466-469.
395 2777 460 2839 Quid
480 2777 547 2827 eobo
566 2778 650 2840 differt
671 2777 733 2842 cet]
771 2779 841 2837 erat,
861 2777 983 2836 Horatio,
1002 2778 1060 2827 eius
1077 2779 1178 2838 vieirm,
1197 2781 1224 2829 at
1241 2778 1296 2829 ior·
1357 2837 1362 2846 ι

210 2849 293 2903 «Nihil
316 2851 387 2901 enim
410 2850 499 2902 diflert
523 2851 557 2902 ad
588 2853 734 2910 insaniam,
771 2852 843 2902 tasse
872 2863 904 2900 ex
932 2851 1030 2900 Horatii
1059 2851 1209 2901 narratione
1243 2853 1297 2902 iam

208 2927 234 2976 in
260 2927 349 2976 utram
374 2927 479 2989 partem
504 2924 598 2990 aliquis
623 2927 735 2977 modum
771 2923 891 2990 pluribus
912 2924 1089 2975 innotuerant.
1125 2924 1231 2976 Talibus
1247 2939 1297 2976 au-

209 2999 332 3059 excedat;
346 3012 431 3063 aequa
445 3001 553 3052 insanus
566 3002 663 3065 estqui
675 3013 734 3051 rem
772 3002 827 3050 tem
844 2997 1047 3050 narratiunculis
1057 3000 1137 3049 Stoici
1149 2999 1296 3051 exhilarare

208 3073 346 3140 profundit
372 3075 452 3138 atque
482 3075 528 3138 qui
554 3074 651 3139 opibus
679 3076 735 3126 suis
771 3073 901 3123 tristiores
923 3084 986 3122 suas
1009 3072 1200 3136 disputationes
1223 3075 1297 3126 sole-

209 3161 348 3212 nunquam
358 3148 466 3198 utitur.»
495 3149 647 3200 Ambitione
659 3153 686 3199 et
698 3152 736 3200 te·
772 3147 845 3198 bant.
871 3173 898 3182 -
924 3146 1025 3210 Corma]
1049 3148 1123 3199 Conl.
1142 3149 1194 3200 Sat.
1213 3151 1241 3212 l,
1265 3153 1295 3211 o,

209 3225 342 3284 maritate,
353 3235 423 3286 quae
435 3223 496 3274 vitia
506 3225 644 3288 superiore
655 3235 735 3275 versu
772 3224 813 3275 ot.
835 3248 860 3260 -
886 3221 994 3284 Antiqua
1018 3223 1100 3288 ceam]
1128 3225 1196 3273 aiam
1221 3227 1298 3289 pater

209 3298 349 3362 tetigerat,
384 3295 483 3349 relictis
515 3311 565 3362 per
597 3299 735 3362 proximos
772 3298 941 3360 maioresque
960 3298 1017 3348 eius
1035 3311 1068 3348 ex
1085 3311 1167 3349 censu
1188 3297 1297 3363 publico

209 3373 353 3424 duodecim
371 3385 466 3422 versus
487 3371 590 3436 Oppidii
611 3373 735 3424 verbisa
773 3373 868 3424 divites
885 3371 1080 3424 habebantur.»
1109 3372 1191 3425 Aliter
1212 3373 1297 3439 expll-

208 3447 377 3513 prodigentia
391 3459 478 3510 aeque
492 3447 736 3511 dehortaturetquo
774 3450 816 3498 cat
827 3449 926 3508 Acron,
941 3460 1022 3510 quem
1034 3450 1156 3513 sequitur
1167 3450 1296 3500 Diintzer:

209 3521 244 3572 ab
262 3521 387 3582 avar-illm
415 3523 471 3571 tum
498 3521 532 3585 (v.
555 3522 621 3585 tis.)
640 3522 736 3574 eodem
775 3523 856 3583 «Quia
874 3523 896 3573 si
913 3523 973 3585 quis
990 3524 1134 3587 antiquitus
1151 3523 1204 3574 duo
1221 3536 1298 3587 prae·

210 3597 323 3662 oppidio
341 3596 409 3648 duos
422 3596 491 3648 redit
507 3596 541 3647 ad
562 3596 737 3649 ambitionem
774 3597 817 3646 dia
842 3595 972 3657 babebat,
1000 3597 1075 3649 divas
1100 3595 1296 3656 censebatur»;

210 3672 401 3736 castigandam.
427 3697 455 3706 -
479 3671 638 3734 barathrone]
658 3685 738 3736 «pro-
773 3673 804 3721 ut
813 3671 860 3722 sit:
881 3669 985 3732 «dives,
999 3673 1113 3722 nicerte
1125 3672 1240 3722 maiores
1252 3683 1298 3720 no-

209 3747 307 3798 iundae
318 3760 350 3796 ae
362 3747 464 3796 taetrae
475 3747 604 3808 voragini,
617 3747 644 3796 in
656 3759 738 3810 ᾳιιιιιιι
773 3746 821 3796 stri
837 3745 960 3795 arbitrari
976 3744 1124 3796 solebant.»
1149 3773 1175 3781 -
1200 3745 1296 3808 divum]

210 3837 280 3889 quae
292 3821 452 3872 deliniuntur
464 3821 491 3871 in
503 3824 665 3885 perpetuum
677 3833 738 3870 eva·
772 3818 894 3886 populari
905 3818 1008 3870 lieentia
1019 3833 1069 3884 pro
1085 3819 1203 3869 ambisse
1238 3819 1296 3869 vid.

210 3901 351 3950 noscunt.»
386 3895 523 3960 (Barottro
546 3897 642 3946 donare
664 3897 738 3946 Diu·
775 3895 810 3946 ad
827 3897 879 3945 Sat.
895 3895 971 3956 l,19,
990 3895 1030 3944 73.

210 3974 284 4022 tuero
302 3985 334 4022 ex
351 3970 496 4034 proverbio
514 3969 615 4021 dictum
633 3969 739 4022 videtur
808 3969 924 4020 lit-478.
943 3967 1079 4032 deutoro]
1094 3967 1299 4020 «Nuoibuscum

210 4059 259 4112 pro
279 4045 461 4110 propendere.)
505 4045 592 4097 blinus
617 4045 737 4108 apposite
775 4044 867 4095 ludere
893 4041 972 4093 vellet
995 4039 1092 4101 Aulus,
1125 4055 1171 4093 eas
1196 4041 1300 4092 serebat

211 4119 253 4172 alii
270 4118 437 4186 explicarunt
454 4117 497 4170 vel
510 4120 648 4170 devenire
661 4132 682 4170 s.
697 4121 739 4170 in·
775 4119 835 4169 sinu
852 4116 911 4168 lano
928 4129 951 4166 s.
971 4116 1062 4176 soluto,
1085 4117 1116 4166 ut
1132 4117 1167 4166 ait
1189 4116 1298 4167 sende

211 4194 312 4260 pluvie,
331 4193 374 4244 rel
392 4195 427 4244 de
438 4193 536 4258 populo
547 4196 666 4246 Romano
679 4196 738 4246 uni·
776 4191 866 4243 lienes.
883 4190 914 4252 l,
932 4190 984 4253 il,
1011 4203 1044 4242 ex
1061 4203 1114 4255 quo
1131 4189 1207 4242 iacile
1225 4193 1300 4242 eroi-

211 4282 292 4321 rerso
303 4281 366 4320 cum
384 4269 515 4320 immensa
528 4269 655 4334 voragine
667 4281 740 4320 com-
776 4267 841 4320 dere
858 4267 995 4332 poterant,
1022 4265 1095 4330 quod
1113 4267 1199 4331 ipsum
1217 4264 1300 4328 negli-
