3178 4972
603 453 660 502 ere.
680 453 700 502 r.
738 453 835 503 susc.
854 453 929 503 xvir.
1245 453 1300 518 ati

263 608 387 673 Caecus
410 607 470 673 iter
492 617 670 674 monstrare
692 606 783 687 velit;
808 617 914 674 umen
936 607 1082 694 adspice,
1107 610 1134 676 si
1156 611 1235 697 quid

263 729 301 794 Et
321 749 394 804 nos,
418 727 507 815 quod
529 749 625 794 cures
649 729 815 816 proprium
836 729 968 808 iecisse,
998 730 1177 818 loquamur.
1286 735 1305 796 5

263 849 295 914 Si
319 858 350 916 te
372 859 462 936 grata
483 850 577 937 quies
600 860 633 915 et
653 849 791 936 primam
813 869 945 917 somnus
970 853 1000 917 in
1023 851 1135 918 horam

262 969 419 1046 Delectat,
443 971 470 1035 si
493 979 525 1036 te
548 969 653 1057 pulvis
675 971 894 1059 strepitusque
917 981 1075 1050 rutarum,

262 1091 294 1158 Si
317 1090 415 1156 laedit
436 1111 599 1178 caupona,
624 1092 829 1158 Ferentinum
851 1092 899 1159 ire
922 1093 1061 1172 iubeb03

261 1214 340 1278 Nam
362 1233 469 1299 neque
492 1210 643 1279 divitibus
666 1212 852 1300 contingunt
873 1213 989 1300 gaudia
1013 1213 1107 1291 solis,

262 1335 327 1399 Nec
349 1333 424 1398 vixit
445 1331 542 1409 male,
566 1332 622 1420 qui
645 1343 737 1402 natus
760 1335 967 1422 moriensque
989 1335 1106 1402 lelellit.
1265 1337 1304 1402 iu

283 1493 307 1542 8.
326 1492 406 1542 medei
427 1491 526 1556 bSEep,
546 1493 661 1543 Pettierii
682 1491 815 1557 plerique,
844 1495 863 1545 C
882 1497 908 1544 et
924 1493 1070 1556 Bentleius¹
1098 1495 1183 1546 taedae
1202 1509 1270 1546 unus

251 1567 367 1619 Pottierii
384 1566 424 1616 43.
444 1568 484 1629 (Ut
500 1579 561 1627 eos,
581 1566 634 1616 duo
649 1566 768 1618 Blandiu.
788 1572 814 1619 et
831 1569 884 1619 duo
901 1570 1037 1632 Pottierii.)

186 1680 193 1695 ’
219 1695 341 1765 ὁδηγὸν,
362 1695 436 1765 μήτε
453 1696 593 1765 ἐκνόητον
609 1697 762 1766 captiosi-1
779 1698 922 1750 molestum
948 1711 1009 1750 esse
1035 1713 1088 1750 uon
1113 1713 1202 1764 posse.
1231 1726 1256 1736 -
1281 1703 1302 1752 si

219 1773 278 1824 λον.
293 1802 321 1809 -
332 1775 466 1836 propriam
478 1775 570 1838 secuse]
588 1767 740 1844 ἀορίστως,
777 1773 854 1822 tuectt
870 1773 994 1836 caupona]
1007 1775 1117 1823 Decier:
1136 1775 1164 1824 Si
1179 1777 1304 1826 cometes

219 1849 261 1899 ein
282 1863 341 1900 rem
365 1851 438 1899 tuam
459 1851 596 1910 verterem
623 1849 742 1912 degene-
777 1846 932 1896 ncommods
954 1848 989 1896 uu
1012 1848 1140 1912 uctsincpe
1164 1849 1238 1898 it'une
1259 1855 1302 1898 tc-

218 1923 300 1973 ranlis
316 1924 460 1974 Latinitatis
477 1925 653 1985 appropriare.
775 1934 859 1970 veae.
889 1919 1012 1970 Similiter
1036 1921 1178 1971 Obbarius:
1209 1923 1253 1972 «si
1275 1924 1301 1972 te

251 1997 322 2046 6-40.
352 1997 380 2046 Si
403 2001 427 2046 ta
448 1997 509 2060 oet]
533 1998 575 2046 esi
600 1995 741 2046 delectaris
777 1995 887 2046 olieuuit
912 1992 1024 2045 clamori
1037 1994 1079 2046 ille
1100 2009 1132 2044 uc
1158 1995 1300 2063 tumultus,

218 2070 306 2132 quiete
330 2073 411 2134 etque
434 2072 667 2134 otio‚.strepitum
685 2068 741 2120 cla·
778 2071 823 2134 qui
849 2085 881 2120 ex
905 2073 1032 2134 cauponis
1058 2071 1084 2120 in
1110 2071 1176 2121 vicis
1201 2074 1301 2124 Romae

218 2157 375 2207 moremque
400 2143 513 2194 moleste
538 2144 642 2205 iercns,
670 2144 740 2196 Urbe
777 2145 923 2196 constitutis
941 2145 974 2194 ad
999 2147 1057 2194 tuas
1078 2159 1157 2195 aures
1177 2147 1300 2196 accidit.»

218 2222 246 2270 et
262 2222 393 2272 maiorum
405 2222 598 2272 consuetudine
611 2221 700 2272 relicte
714 2223 741 2272 in
775 2217 825 2268 Alii
837 2223 864 2269 et
875 2231 1001 2268 somnum
1012 2220 1191 2282 interruptum
1201 2223 1228 2270 et
1240 2235 1302 2271 cau·

217 2293 306 2344 locum
323 2295 458 2358 quendum
475 2296 671 2360 iulrequsntsm
693 2296 739 2346 tibi
775 2305 873 2356 ponam
888 2294 965 2356 (quse
984 2296 1046 2344 tunc
1063 2295 1197 2358 pessimae
1209 2298 1298 2355 erant;

217 2369 405 2420 decedendum
431 2373 499 2420 cst.»
528 2395 554 2404 -
576 2373 740 2432 primumn
777 2367 809 2418 ci.
832 2368 896 2431 Epp.
920 2369 948 2428 l,
972 2369 1017 2428 li,
1041 2369 1091 2431 ts.)
1111 2372 1138 2418 et
1160 2368 1301 2432 pulverem

215 2443 313 2508 mern]
331 2443 384 2494 diei
400 2443 482 2494 civiUs
494 2443 555 2494 inde
567 2457 582 2494 a
594 2444 657 2496 solis
669 2447 738 2504 ortu;
776 2443 970 2506 strepitumque
988 2445 1108 2493 rotarum
1126 2443 1245 2494 releruut
1265 2443 1300 2493 ad

216 2519 321 2569 diversa
345 2519 424 2581 igitur
449 2518 497 2568 luit
522 2532 555 2568 ex
575 2518 739 2582 singulorum
776 2519 900 2568 itinerum
912 2531 974 2567 curn
991 2517 1115 2568 divitibus
1133 2521 1252 2582 patronis
1264 2519 1301 2570 ia·

216 2594 277 2643 anni
304 2595 456 2657 temporum
483 2593 593 2644 ratione.
623 2593 680 2644 vid.
705 2593 740 2643 ad
776 2591 933 2642 claudorum
946 2593 979 2654 lv.
992 2593 1024 2643 ti
1035 2593 1106 2656 sqq.)
1119 2593 1297 2646 incommoda.

216 2668 325 2732 lippi,
343 2668 372 2727 7,
391 2666 431 2717 tu.
457 2667 586 2717 Somnum
604 2669 693 2718 autem
712 2669 739 2720 in
779 2693 805 2702 -
819 2666 985 2729 Ferentium]
998 2668 1173 2717 Hernicorum
1186 2667 1300 2732 oppidu·

215 2741 284 2795 Urbe
309 2740 416 2791 turbant
437 2741 523 2792 officia
546 2742 599 2791 iam
616 2755 631 2790 a
651 2742 739 2804 primo
775 2739 846 2798 lum,
864 2742 1021 2790 montanum
1039 2743 1118 2803 atque
1136 2741 1297 2802 solitarium;

217 2829 294 2867 mene
317 2816 487 2881 praestanda.
519 2815 557 2867 Cl.
577 2815 686 2866 Murtial.
706 2815 737 2874 t,
777 2813 966 2874 «municipium
994 2813 1052 2863 viae
1087 2815 1233 2864 lavicanae
1265 2815 1299 2864 ad

216 2893 245 2952 8,
264 2893 293 2941 t:
311 2891 550 2940 Primcsulutcntes
566 2893 640 2950 atque
657 2889 739 2939 allero
774 2887 883 2936 XLVlii.
914 2885 1062 2949 lapidem.»
1102 2888 1188 2938 Cous.
1219 2889 1297 2946 cauo.

215 2965 319 3016 coaluit
328 2965 400 3014 nora.
412 2964 453 3023 ta,
464 2963 507 3013 68:
521 2963 646 3013 Matutine
654 2964 737 3024 cliens,
775 2960 897 3010 Nonnulli
914 2960 1015 3010 habent
1025 2973 1074 3024 pro
1085 2961 1197 3011 Tusciae
1209 2961 1300 3024 oppido

214 3039 283 3088 miris
304 3039 365 3088 mitti
386 3051 465 3088 ccicc
486 3038 601 3098 relictae,
619 3063 633 3073 -
650 3063 664 3073 -
682 3037 739 3086 Otto
774 3035 906 3084 Ferentino
930 3037 1009 3098 (suet.
1030 3036 1088 3084 Oth.
1110 3035 1159 3097 t.]‚
1184 3035 1225 3086 vel
1249 3049 1298 3099 pro

214 3127 253 3165 nte
268 3125 417 3174 sonumque
433 3113 535 3173 iuvant,
562 3125 626 3174 quae
643 3124 739 3174 mcpno
774 3110 876 3170 oppido,
896 3109 1035 3160 cuiusadi.
1050 3109 1299 3160 estFlililiNTlliN·

214 3189 316 3252 necavit
337 3189 417 3238 Roma
436 3187 505 3236 mili.
527 3213 554 3222 -
572 3185 654 3248 μαινίς
673 3191 738 3236 stre-
774 3183 824 3232 sis
841 3183 896 3245 (sici
919 3185 946 3233 iu
969 3183 1159 3234 tusculensis·
1181 3184 1295 3234 riett'lnet.

210 3264 327 3325 pinuque
349 3261 474 3324 rotarum]
500 3262 522 3310 Α
548 3261 636 3312 causis
664 3261 738 3310 inso—
774 3259 882 3308 arctavi.
901 3261 919 3307 i.
938 3270 966 3321 p.
986 3259 1042 3309 tic.
1074 3259 1164 3309 Utrum
1186 3258 1211 3307 in
1233 3257 1297 3309 locis

215 3337 348 3387 mniorum
360 3335 498 3388 transitad
510 3334 656 3396 molestias,
670 3347 737 3397 quas
774 3331 822 3383 illis
841 3331 978 3393 solitariis,
1003 3333 1041 3382 uti
1064 3331 1181 3383 nonnulli
1199 3334 1298 3396 opinati

214 3412 324 3474 Quavis
350 3411 403 3460 diei
427 3411 493 3461 hora
519 3411 618 3460 Rornae
645 3408 737 3460 ineolis
773 3405 1296 3468 sunt,villamhabueritScaevanecue.

214 3487 295 3535 creet.
331 3484 370 3535 ct.
392 3483 551 3536 Pseudovid.
572 3485 638 3534 Nuc.
651 3498 676 3533 v.
690 3483 735 3533 87:
773 3495 822 3532 nos
841 3483 1001 3545 ignoramus.
1017 3510 1044 3518 -
1057 3483 1162 3545 paedia]
1181 3481 1297 3544 «ubique

213 3559 284 3609 rece
300 3564 392 3610 secreto
409 3573 474 3620 puae
490 3564 554 3609 netu
570 3564 605 3609 est
621 3557 700 3608 orbor
711 3557 738 3608 to
774 3559 801 3605 et
825 3569 874 3620 per
895 3557 979 3606 totam
996 3557 1108 3616 vitame>
1135 3568 1188 3606 uon
1210 3554 1297 3606 solum

213 3635 291 3683 cruet
303 3658 342 3670 -·
352 3635 410 3682 Nou
425 3634 553 3684 lominum
563 3635 680 3697 suspitio
690 3647 737 3684 aa·
774 3631 846 3682 enim
862 3631 1064 3681 rusticationem
1080 3632 1107 3680 in
1123 3628 1189 3680 locis
1204 3641 1298 3678 amoc·

213 3707 261 3767 stt,
279 3719 330 3756 ocri
346 3707 392 3756 illu
407 3713 539 3768 romaum
555 3711 613 3759 Non
624 3708 738 3758 amone
774 3707 828 3766 uis,
847 3709 878 3755 ut
894 3705 1034 3768 Deeringio
1047 3706 1134 3755 visum
1146 3705 1201 3764 est,
1219 3703 1298 3765 signi-

210 3781 386 3844 plumenta
409 3783 453 3832 cic
480 3789 523 3833 est.
564 3787 615 3834 Per
640 3783 736 3834 miram
773 3781 844 3830 licat.
858 3807 886 3817 -
900 3781 943 3842 qut
958 3793 1030 3829 nm.
1042 3778 1136 3842 fefellit]
1155 3777 1297 3841 equisem-

212 3849 359 3920 oissistptuu
376 3854 492 3907 nouuulli
514 3857 680 3920 explicarunt
701 3857 735 3907 de
772 3853 926 3918 perlatuit,
952 3855 1016 3904 vixit
1036 3854 1168 3915 ignotus»
1186 3850 1241 3912 vel,
1268 3853 1298 3901 ut

212 3933 342 3980 nocturno
354 3931 380 3979 in
391 3929 460 3982 Urbe
473 3943 601 3981 curruum
613 3929 734 3992 strepitu,
773 3930 810 3979 uit
825 3930 927 3979 Acron:
955 3928 1017 3988 «qui
1034 3925 1120 3988 latuit,
1139 3927 1207 3976 utet
1218 3928 1296 3977 uatus

211 4003 246 4054 de
268 4017 322 4067 quo
345 4006 435 4054 iuven.
454 4004 482 4066 3,
505 4003 568 4054 236:
595 4005 737 4054 tiltedurum
773 4003 800 4051 et
818 4004 935 4052 moriens
953 4002 1145 4064 ignoraretur.»
1175 3999 1213 4050 ci.
1228 4001 1293 4064 Epp.

211 4079 333 4128 consitus
356 4083 413 4128 crte
442 4079 557 4128 Vicat-itm
581 4078 677 4142 inflexu
695 4103 735 4114 -·
773 4078 802 4137 t,
821 4076 865 4137 ts,
885 4077 945 4126 ⁴03:
965 4081 1086 4126 secretum
1102 4075 1149 4123 iter
1165 4074 1296 4136 etsutlen-

211 4152 324 4214 Eripient
351 4165 466 4203 ammaon
494 4153 577 4202 Drauso
603 4151 736 4212 vitulisque
770 4150 802 4199 tis
817 4151 906 4200 sonitu
920 4151 996 4200 ettae.
1027 4150 1163 4211 Frequens
1180 4150 1296 4199 estsen-

210 4227 326 4277 marine.
356 4228 414 4278 Nun
431 4227 568 4288 viderant,
595 4225 734 4290 pulverem
771 4225 861 4274 tentia.
898 4225 986 4288 Eurip.
1010 4223 1092 4288 iphlg.
1115 4223 1141 4273 in
1165 4220 1223 4274 Aul.
1246 4224 1293 4273 tr:

212 4302 292 4350 noctu
305 4301 351 4362 iis,
370 4302 454 4364 quiin
466 4299 563 4352 lectulo
576 4313 625 4352 suo
637 4302 732 4362 iacent,
771 4294 852 4364 Ζηλῶ
864 4297 888 4348 δ’
897 4291 1009 4367 ἀνδρῶν
1018 4291 1052 4360 ὃς
1063 4292 1216 4348 ἀκίνδυνον
1224 4296 1294 4347 Btov
