3116 4968
620 399 681 450 ΠΒ.
699 400 730 450 ll.
765 398 833 450 siit.
852 399 883 448 ll.

256 555 412 624 Caulibus
434 554 578 632 instillat,
602 554 722 622 veteris
744 573 808 622 non
830 574 948 641 parcus
970 553 1062 622 aueti.

254 677 347 758 Quali
371 677 468 765 igitur
488 678 574 744 victu
598 651 728 766 sapie'us
750 687 871 756 utetur,
895 685 927 745 et
947 675 1063 741 horum
1085 649 1090 660 ¹

254 800 365 868 Utrum
380 799 581 866 imitabitur?
603 800 671 867 llao
684 809 779 887 urget
792 798 902 886 lupus,
925 795 1105 872 baccanis,
1129 794 1227 862 aiunt.

254 920 393 988 blundus
415 921 492 998 erit,
517 941 582 1008 qua
604 941 668 987 non
691 919 833 988 offendat
854 917 1021 996 sordibus,
1045 926 1142 1005 atque
1259 916 1300 981 65

255 1043 290 1107 ln
313 1051 461 1110 neutram
480 1051 606 1130 partem
628 1041 733 1109 cultus
754 1041 862 1108 miser.
907 1039 966 1107 llio
988 1057 1096 1126 neque
1118 1037 1236 1112 servis,

277 1260 317 1310 62.
332 1258 437 1323 paruit]
455 1259 544 1323 lurotu
560 1272 629 1310 unus
646 1259 715 1309 Feue
732 1271 747 1308 a
765 1269 821 1308 see.
839 1270 891 1319 m.‚
914 1254 962 1306 Ed.
982 1255 1066 1305 Zaroti
1084 1252 1157 1304 tiit.
1177 1279 1206 1290 -
1225 1251 1266 1304 et.

246 1333 327 1398 aiunt]
353 1334 425 1398 ungti
450 1332 534 1384 Codd.
559 1333 659 1398 aliquot
677 1332 807 1394 Pettieril,
834 1333 873 1392 tr,
891 1329 963 1392 mut·
979 1342 1006 1393 p.
1026 1329 1144 1390 (Uinea,
1169 1327 1223 1378 bSc
1240 1329 1268 1377 et

245 1409 361 1458 Pottierii
378 1408 458 1470 ueto.)
473 1433 500 1444 -
515 1408 556 1458 65.
575 1409 618 1472 put
629 1407 710 1472 bsop,
729 1419 823 1457 omnes
840 1403 952 1455 Bentleii
969 1405 996 1453 et
1013 1402 1142 1464 Pottierii‚
1162 1402 1267 1452 bct..—

247 1483 349 1544 offendtt
360 1483 440 1544 S,LC,
453 1483 558 1545 offendet
568 1496 595 1546 p,
609 1481 662 1532 duo
674 1480 799 1532 Pettierii.
822 1480 861 1542 lUt
872 1491 930 1539 nos,
949 1476 1004 1540 be.)
1019 1503 1046 1513 -
1058 1477 1173 1526 sordidus
1183 1473 1267 1526 Codd.

245 1553 344 1619 aliquot
361 1555 422 1619 (uon
433 1557 534 1618 nostri).
555 1583 583 1592 -
602 1556 643 1606 66.
656 1555 725 1606 sidtu
739 1554 797 1606 Ald.
817 1554 890 1605 4504.
912 1555 973 1617 (non
992 1552 1166 1616 ieiunoque
1184 1550 1267 1612 teto.)

211 1745 281 1796 quae
290 1732 359 1782 bane
367 1730 419 1782 olei
430 1733 523 1781 tenent
535 1732 735 1795 quantitatem.»
776 1757 805 1770 -
829 1730 895 1795 qua]
918 1731 991 1780 liaeo
1013 1728 1091 1779 lectio
1116 1729 1143 1778 in
1164 1725 1300 1792 plerisque

211 1807 296 1858 Coun.
316 1807 394 1864 Creo.
433 1807 491 1856 Non
516 1819 549 1856 er
575 1805 735 1870 elegantiore
775 1806 859 1857 codd.
874 1804 1019 1869 depravata
1037 1802 1194 1865 inputeatis
1208 1801 1301 1852 firma-

210 1881 299 1946 eliqua
315 1879 431 1945 ampulla
448 1879 561 1942 olearia,
580 1883 629 1933 sed
647 1895 679 1933 ex
692 1882 737 1932 vili
775 1876 1302 1930 turacoddiiiandtnetaoronieeube

211 1969 295 2011 cornu
311 1957 383 2020 ipse,
403 1967 437 2006 ne
454 1969 523 2020 puer
534 1957 612 2007 nimis
624 1956 736 2008 tortasse
754 1983 757 2018 ,
774 1954 824 2004 lio:
846 1967 926 2016 equo,
939 1953 1016 2003 deest
1028 1953 1145 2012 ratione,
1164 1953 1181 2002 l.
1195 1965 1219 2002 e.
1232 1964 1302 2014 qua-

210 2030 261 2082 olei
282 2029 436 2095 profundat,
465 2029 515 2080 boe
533 2031 654 2093 guttatim
672 2029 737 2080 oleri
776 2031 854 2078 tenus
872 2039 925 2077 non
937 2028 988 2078 erit
999 2026 1149 2077 sordidast
1162 2053 1190 2063 -
1202 2027 1303 2076 iam

209 2105 332 2165 tutundit,
351 2106 443 2153 eontra
454 2105 552 2154 veteris
564 2106 645 2164 aceti,
665 2103 738 2168 quod
775 2109 844 2153 bom
860 2102 973 2166 partem]
998 2113 1106 2164 «nequa
1124 2102 1150 2150 in
1170 2099 1301 2150 luxuriam

210 2178 308 2230 nullius
325 2178 367 2228 est
388 2177 478 2241 pretii,
506 2175 596 2240 largus
614 2191 674 2228 esse
692 2191 739 2230 so-
776 2190 827 2228 neo
843 2178 870 2226 in
888 2177 1026 2227 arandam
1043 2176 1094 2225 erit
1114 2175 1191 2225 miser
1206 2175 1301 2224 uultus»

212 2253 257 2304 let.
273 2251 439 2316 -Cuultbru1
458 2250 603 2302 brassicae.
630 2253 696 2304 Cato
707 2254 736 2303 it.
777 2252 911 2315 (genitio),
939 2251 1037 2312 idest,
1062 2249 1150 2313 «quud
1167 2248 1201 2300 ad
1218 2250 1302 2300 totam

212 2328 241 2378 li.
255 2340 279 2377 e.
293 2326 355 2376 tto:
373 2326 493 2376 erasum
509 2331 557 2388 est,
576 2339 640 2388 quoe
657 2329 739 2376 omni
776 2327 845 2376 vitae
866 2327 992 2376 externae
1018 2325 1150 2374 rationem
1175 2325 1301 2382 attinet;»

212 2401 257 2450 bus
273 2399 380 2450 oleribus
401 2400 514 2450 maletot.
542 2401 608 2450 Eam
632 2405 683 2450 esto
700 2400 740 2450 vat
776 2412 846 2463 quae
864 2402 962 2450 eonstr.
982 2413 1026 2448 vv.
1043 2400 1107 2463 [elie
1124 2400 1152 2449 et
1173 2399 1249 2449 muer
1274 2399 1302 2448 ln

211 2475 357 2526 euemmvet
373 2477 486 2524 amdam.
517 2475 660 2525 mmet
673 2477 737 2537 edes,
777 2472 1014 2525 exclamationibus
1057 2475 1164 2538 proprie
1205 2475 1302 2524 usitata

210 2549 239 2599 in
255 2553 354 2599 metum
369 2550 512 2612 intinguitu.
526 2577 553 2586 -
563 2551 668 2613 pereae]
686 2551 739 2599 lro·
778 2550 839 2612 (Sat.
852 2551 876 2610 l,
895 2548 920 2609 9,
940 2550 986 2598 ll:
1005 2549 1100 2598 emetri
1109 2549 1220 2612 [dicem
1236 2550 1300 2598 Stat.

212 2626 284 2674 nium
301 2623 373 2674 baud
390 2623 497 2686 agnovit
514 2626 647 2675 Gesnerus
671 2623 739 2674 haee
776 2622 859 2672 Theb.
873 2622 901 2684 l,
927 2622 989 2673 l03:
1019 2623 1057 2674 Ab
1080 2624 1165 2673 ortem
1188 2625 1303 2672 mnan!

212 2698 355 2748 adnotans:
386 2696 538 2748 «Sordidior
559 2699 610 2748 erit
631 2698 739 2748 Avidis·
777 2697 840 2748 Plin.
854 2701 951 2760 Paneg.
967 2697 1012 2758 te,
1039 2699 1068 2747 5:
1094 2699 1198 2748 misem
1219 2697 1303 2748 amet

211 2785 275 2833 nus,
303 2773 326 2822 si
348 2784 410 2821 cum
431 2771 517 2835 primu
535 2773 655 2826 omniurn
675 2772 739 2822 Edi·
777 2771 881 2835 tonui)
908 2772 1092 2822 binetraneitt
1112 2773 1235 2822 etiamid
1258 2785 1304 2822 se-

211 2849 305 2898 ttene»
324 2847 474 2910 (Zarotiuua
494 2847 602 2909 proprie
624 2859 677 2896 nou
698 2849 739 2898 est
777 2845 867 2895 dutam
885 2847 1043 2896 orationem.
1072 2845 1176 2895 Etenim
1187 2857 1240 2896 nou
1251 2847 1304 2896 mi-

210 2922 311 2985 prima3
328 2919 390 2969 vide
408 2917 627 2984 bibliographos.)
646 2918 738 2984 «legas
777 2933 827 2970 uus
844 2919 998 2980 miserest,
1025 2920 1070 2984 qui
1089 2919 1209 2970 luxuriae
1227 2920 1304 2970 dedi-

211 3009 262 3044 non
278 2996 366 3058 largae
379 2995 457 3056 oreti,
476 2995 502 3044 in
520 2993 738 3058 quotueilealies
776 2997 819 3044 tus
842 2995 869 3043 iu
891 2993 980 3044 multis
1000 2996 1027 3044 et
1051 2993 1171 3045 molestis
1196 3007 1305 3059 semper

212 3073 254 3120 est
269 3069 373 3132 largum
390 3081 476 3120 essem
776 3070 899 3118 versatur
926 3067 1050 3130 negotiis,
1080 3081 1161 3132 quam
1189 3082 1286 3120 avarus

244 3143 330 3195 6666,
343 3144 538 3208 heremitam]
550 3143 737 3196 «hominemne
777 3142 823 3204 qui
840 3141 948 3192 sibimet
965 3142 1015 3206 ipsi
1033 3142 1122 3192 omnia
1139 3142 1209 3192 vitae
1226 3155 1304 3193 eom-

212 3216 343 3282 gulosum,
362 3231 396 3269 au
413 3218 593 3268 sordidum‘l»
613 3243 642 3254 -
656 3220 737 3284 aiunt]
777 3215 857 3266 moda
874 3216 998 3279 denegat.
1025 3215 1074 3266 Alii
1087 3217 1198 3279 iungunt
1207 3217 1305 3267 irinati·

212 3293 346 3356 Significat
362 3306 422 3344 esse
442 3290 606 3343 locutionem
626 3306 739 3357 prover·
776 3295 845 3342 tram
858 3296 960 3354 parum
975 3291 1071 3352 ouum,
1090 3292 1117 3341 et
1132 3292 1209 3341 miser
1220 3289 1304 3354 expli·

212 3366 319 3418 bielem.
339 3367 391 3430 (tir.
403 3363 437 3416 τὸ
457 3363 634 3432 λεγόμενον.)
659 3368 736 3432 Apul.
777 3369 840 3417 cant
857 3367 1000 3428 onimium»
1023 3366 1073 3418 aed
1089 3366 1159 3416 hane
1176 3365 1305 3429 signifiea-

212 3442 317 3492 lletam.
331 3443 362 3504 2,
380 3443 407 3490 i:
428 3447 465 3503 et,
485 3441 551 3503 quud
567 3442 654 3503 aiunt,
668 3444 740 3504 pedi-
777 3443 892 3502 donem,
922 3454 1004 3505 quam
1032 3440 1180 3491 detendunt
1205 3438 1305 3504 Virgilii

212 3516 256 3566 but
271 3518 299 3566 in
311 3518 459 3567 amentium
474 3529 557 3566 meum
572 3517 646 3566 uodo.
671 3516 739 3568 Alio·
779 3514 851 3577 (Aen.
866 3517 894 3577 ὃ,
908 3516 974 3577 655.)
987 3515 1078 3566 mbae
1090 3529 1188 3577 miore,
1207 3517 1247 3566 sio
1258 3515 1298 3566 ab

212 3603 273 3642 rum
289 3591 361 3655 oepit
378 3595 420 3642 eet
434 3603 511 3642 mera
527 3590 737 3656 interpolatio-
777 3589 862 3641 solute
893 3591 1001 3642 Horatio
1030 3590 1111 3640 tribui
1141 3603 1222 3655 posse
1251 3601 1304 3640 nen

211 3665 328 3730 Παιᾶνι]
347 3666 567 3730 «iiomosapiene
583 3667 740 3717 muodutet-
777 3663 901 3715 arbitror.
940 3666 1084 3716 Praeterea
1109 3677 1221 3716 caesura
1248 3665 1304 3728 ipsa

212 3741 371 3804 quaelegetu
382 3741 460 3804 (quae
471 3741 738 3804 voeeiungitcieero
777 3739 945 3790 demonstrat
961 3738 1094 3802 iungenda
1112 3751 1172 3789 esse
1189 3751 1233 3788 vv.
1250 3738 1306 3786 eut·

212 3814 246 3864 de
257 3815 331 3865 fian.
345 3815 374 3876 2,
388 3815 418 3876 8,
431 3814 472 3866 23.
486 3815 521 3865 ad
534 3816 606 3865 Fam.
619 3815 643 3876 9,
656 3815 698 3876 20,
712 3816 737 3870 Ξ.
777 3817 817 3865 tos
826 3815 910 3864 muer.
934 3813 1030 3878 (Crdtm
1042 3814 1084 3864 est
1094 3825 1155 3863 voe.
1168 3811 1303 3862 medium:

212 3889 282 3939 Orat.
303 3889 351 3950 23,
382 3889 434 3952 79.)
460 3890 510 3940 erit
529 3892 655 3950 eatenus,
686 3903 738 3952 que
777 3890 848 3939 «totu
869 3889 976 3940 vivendi
997 3888 1078 3949 ratio,
1103 3888 1159 3938 slve
1183 3888 1303 3952 parcior,

212 3963 329 4014 convivis
358 3975 496 4028 nunquam
521 3962 646 4015 sordibus
672 3977 739 4014 nau·
776 3963 832 4014 sive
850 3961 922 4014 luxui
939 3962 1049 4027 propior
1066 3963 1132 4013 est·
1158 3961 1306 4026 illampur·

211 4049 286 4089 seam
305 4036 395 4098 laeiat;
423 4039 475 4088 boe
492 4038 601 4098 sufflatu
629 4039 738 4090 nimiam
778 4037 879 4088 olorem
912 4040 1003 4088 autem
1031 4039 1110 4087 voeut
1137 4037 1307 4087 moenitum

211 4110 339 4164 lautitiam
351 4112 470 4163 vitabit.»
493 4113 577 4163 Varro
589 4112 661 4177 apud
673 4111 735 4165 Geli.
776 4113 871 4163 witru
887 4111 997 4163 liutilius
1021 4113 1110 4176 Lupus
1127 4111 1156 4174 2,
1181 4111 1243 4174 46,
1258 4109 1305 4160 ubi

213 4187 253 4248 te,
264 4189 292 4237 tt
305 4201 310 4236 z
322 4187 574 4238 bmmemtut
585 4193 739 4251 esseopurtat
778 4199 843 4236 eave
861 4199 923 4238 uum
941 4185 1048 4238 lueobio
1066 4186 1100 4236 de
1117 4197 1246 4249 oxymoro
1258 4197 1306 4234 eo-

212 4275 262 4311 non
283 4267 336 4312 tom
353 4261 737 4326 monumentorum.
777 4261 862 4326 giles.)
