3174 4974
573 421 631 472 ran.
650 422 680 471 ιι.
718 421 815 471 srrsr.
834 421 877 494 rr..

218 577 336 644 Tibure
360 577 410 644 vel
434 575 544 644 Gabiis
566 586 598 643 et
621 587 727 644 tecum
750 577 797 644 sic
819 585 906 664 agat:
931 577 990 644 llic
1012 587 1044 644 et

218 697 381 766 Candidus
404 707 436 766 et
457 698 537 766 talos
558 719 579 764 a
599 697 719 766 vertice
746 695 881 787 pulcher
901 697 942 764 ad
966 697 1047 765 imos

217 823 285 887 Fiet
307 819 433 909 eritque
457 829 531 886 tuus
553 841 757 890 nummorum
779 819 909 886 milibus
930 829 1018 894 octo,

216 943 320 1009 Verna
341 941 527 1008 ministeriis
549 941 590 1010 ad
612 951 708 1010 nutus
731 951 825 1029 aptus
846 939 981 1016 beriles,

215 1063 376 1131 Litterulis
399 1063 531 1132 Graecis
554 1062 708 1140 imbutus,
732 1063 869 1132 idoneus
891 1065 949 1130 arti

238 1235 287 1285 ΕΡ.
306 1235 336 1284 lt.
356 1233 380 1284 3.
399 1233 444 1284 Hic
468 1238 504 1282 est
529 1233 582 1283 duo
601 1233 684 1284 Codd.
702 1235 868 1284 Bersmanni.
890 1260 916 1268 -
942 1233 974 1296 to.
994 1233 1100 1286 Habent
1114 1235 1226 1298 mora,

206 1323 259 1360 non
274 1307 395 1370 millibus,
414 1304 504 1370 bScd.l
525 1335 551 1346 -
572 1308 597 1358 6.
615 1307 687 1360 eriles
703 1308 738 1359 bc
756 1311 819 1374 (non
836 1309 889 1374 Sd).

173 1456 306 1521 midas]
328 1453 457 1507 Pulchrae
475 1457 576 1508 lormae
593 1459 697 1521 partem
736 1456 890 1520 illecebras,
903 1459 998 1523 partim
1010 1462 1120 1524 propter
1131 1472 1259 1524 procaces

173 1533 305 1594 nominat,
330 1531 475 1583 candidum
492 1530 609 1583 colorem
632 1531 700 1596 (Li-
735 1533 863 1595 argutias,
891 1532 989 1596 quibus
1010 1547 1026 1584 a
1047 1534 1137 1597 pueris
1160 1534 1260 1584 assueti

172 1607 442 1670 tiesweissVoss.l;
461 1607 615 1670 neutiquam
634 1619 698 1656 vero
735 1609 823 1668 erant,
847 1606 998 1672 quibusque
1015 1608 1074 1658 beri
1090 1605 1261 1658 delectaban-

172 1685 227 1742 est,
254 1682 283 1732 ut
308 1679 350 1732 alii
374 1680 528 1742 voluerunt,
562 1682 695 1744 «integer,
734 1683 786 1740 tur,
800 1682 881 1732 etiarn
893 1680 939 1732 ubi
950 1681 1100 1746 petulantes
1113 1681 1147 1732 illi
1158 1682 1259 1747 probra

171 1757 228 1806 sine
241 1755 369 1808 fallacia.»
388 1755 522 1822 Cl.Epod.
535 1756 628 1816 tear.
646 1757 698 1806 Nu·
735 1756 760 1804 in
785 1755 857 1820 ipsos
884 1755 1065 1808 effundebant.
1095 1758 1198 1812 Seneca
1223 1755 1258 1807 de

171 1831 198 1882 di
221 1833 310 1882 nuum
326 1829 437 1882 venulas
460 1831 495 1881 ab
513 1829 698 1895 empturienti-
735 1829 824 1882 Consi.
838 1831 898 1895 Sap.
913 1831 953 1892 ll,
967 1830 991 1881 3.
1010 1831 1050 1881 Cf.
1066 1832 1119 1881 Sat.
1132 1832 1157 1892 7,
1171 1831 1196 1892 6,
1210 1831 1255 1880 66:

172 1905 223 1957 bus
235 1905 433 1970 spectabantur.
457 1907 558 1955 Seneca
570 1906 696 1955 controv.
731 1917 871 1966 omnaque
884 1918 1007 1966 procaces
1023 1907 1100 1956 Passa
1115 1905 1198 1955 libatis
1209 1905 1258 1954 da·

172 1982 196 2042 4,
209 1983 233 2032 2.
248 1981 281 2032 de
294 1981 434 2032 sacerdote
448 1981 603 2045 prostituta:
621 1981 698 2030 Nuda
729 1979 853 2043 14433.-
871 1981 1023 2043 missurio]
1043 1980 1183 2032 «omnibus
1200 1981 1258 2032 beri

170 2055 197 2105 io
212 2055 285 2106 litore
300 2056 382 2116 stetin
406 2057 440 2105 ad
455 2055 585 2118 fastidium
601 2060 697 2116 empto-
732 2055 837 2106 iussis.-
864 2055 1002 2106 Manifesto
1014 2057 1055 2106 est
1065 2054 1179 2114 dativus,
1194 2069 1256 2116 non,

169 2131 206 2178 ria
228 2143 311 2180 omnes
329 2135 418 2191 partes
439 2131 553 2193 corporis
572 2135 597 2182 et
613 2131 696 2208 liupg-
731 2131 761 2179 ut
777 2127 820 2178 alii
837 2126 991 2190 voluerunt,
1011 2129 1150 2180 ablativus.
1165 2157 1194 2166 -
1211 2143 1258 2180 nu

169 2209 225 2254 ctae
248 2210 272 2254 et
295 2209 464 2255 contrectatae
490 2210 556 2254 urat.
594 2205 694 2254 Seneca
731 2203 778 2268 ius]
797 2203 852 2254 Cio.
866 2204 936 2254 Orat.
950 2203 975 2266 8,
991 2203 1037 2255 il:
1057 2206 1091 2254 ad
1106 2217 1194 2254 eorum
1209 2217 1257 2254 ar-

169 2279 235 2344 Epp.
252 2279 298 2339 80,
315 2279 344 2328 9:
370 2280 508 2344 tioupoaes
524 2280 645 2342 quidquid
661 2283 696 2328 est
731 2278 834 2328 bitriaco
858 2283 882 2328 et
902 2285 1002 2329 autam
1023 2285 1086 2330 totos
1107 2293 1132 2330 se
1147 2281 1254 2343 flapuot.

169 2355 236 2416 praed
251 2354 380 2416 displiceat
396 2354 482 2416 atiquo
498 2355 619 2404 bacciaio
636 2353 695 2403 abs-
732 2351 852 2417 «singula
864 2354 922 2405 beri
933 2355 1003 2406 iussa
1016 2355 1139 2406 celeriter
1149 2367 1182 2406 ac
1194 2355 1258 2406 dex-

168 2429 291 2488 couduat;
329 2429 414 2491 itaque
446 2429 580 2480 urentibus
615 2442 694 2478 orua-
731 2431 770 2480 tre
789 2432 977 2494 exsequetur.»

168 2509 253 2554 menta
268 2504 326 2566 ipsa
341 2508 454 2566 suspecto
470 2510 544 2554 aaut:
569 2506 621 2554 sive
636 2517 695 2554 crus
763 2505 788 2554 7.
802 2504 826 2555 8.
853 2504 987 2569 Ldterulb]
1008 2505 1115 2556 Verstebt
1130 2505 1183 2554 seia
1198 2505 1257 2556 Bia·

168 2579 308 2642 adiipatum
330 2579 381 2630 sios
398 2579 529 2630 bachium
544 2581 692 2642 adspiceres,
730 2580 790 2630 oben
808 2579 955 2630 Griecbiscb.
975 2577 1105 2630 Wieland.
1135 2579 1254 2630 «Litteris

167 2654 261 2702 nudari
280 2653 376 2704 iuberes
396 2659 420 2704 et
440 2655 522 2717 ipsura
544 2654 588 2704 tibi
603 2668 694 2716 empus
731 2655 839 2704 Graecis
856 2652 952 2704 saltem
970 2652 1063 2704 leviter
1079 2654 1192 2714 tinctus,
1213 2656 1256 2704 ut-

167 2729 268 2778 osteadi.
284 2756 311 2765 -
330 2729 394 2780 tutos
409 2741 427 2778 a
444 2731 606 2779 ouius-ad
622 2728 692 2792 boos]
729 2731 791 2792 pote
809 2728 854 2791 qui
872 2728 899 2776 in
916 2726 1003 2776 divitis
1026 2725 1136 2776 alicuius
1153 2727 1256 2790 paeda-

167 2801 472 2874 Locutioproverbialis·
486 2800 690 2866 Plautlipidb,
729 2803 806 2865 gagio
831 2799 960 2852 educatus
987 2801 1029 2850 sit.
1065 2801 1145 2864 igitur
1167 2814 1199 2850 eo
1216 2801 1254 2850 uti

168 2878 196 2939 l,
216 2878 261 2927 ta:
291 2877 369 2940 Usque
391 2877 424 2928 ab
444 2875 580 2940 uapuituto
596 2877 692 2926 adca-
728 2877 829 2940 poteris
853 2888 902 2938 pro
924 2877 1084 2938 anagnosta,
1110 2887 1159 2938 pro
1176 2887 1254 2926 servo

163 2952 254 3014 pitius
269 2963 394 3001 umatum
405 2957 439 3001 est
449 2951 615 3015 [sstwbsimu.
635 2951 689 3001 Cic.
728 2949 762 3000 ab
781 2947 911 3013 epistolis,
929 2962 945 2998 a
962 2947 1148 3000 bibliotheca.»
1173 2950 1254 3000 Com-

166 3038 193 3091 ρ.
204 3027 298 3076 Roscio
311 3027 386 3076 Corn.
397 3026 421 3087 7,
432 3027 478 3076 7οε
497 3027 585 3075 Norae
596 3025 692 3074 adimis
729 3027 824 3090 parant
839 3027 945 3076 Terent.
959 3025 1025 3075 Eun.
1039 3024 1068 3084 3,
1082 3025 1113 3086 b,
1127 3023 1173 3074 ⁴9:
1191 3025 1253 3075 Hem

164 3100 290 3164 mpuibus
305 3101 428 3162 risquead
441 3101 691 3150 oertieerosunmum
728 3101 867 3152 eremitam
892 3101 949 3160 titi;
976 3102 1059 3162 Quam
1074 3099 1172 3150 liberati
1187 3099 1253 3162 socie

165 3187 198 3224 ee
213 3175 315 3238 fraude,
333 3175 455 3238 saibdis,
478 3174 614 3226 mendaciis
629 3187 690 3224 cmi-
729 3177 766 3239 lut
782 3176 825 3226 hic
841 3175 985 3238 candidas),
1009 3187 1087 3236 quam
1112 3179 1196 3226 aetate
1210 3176 1253 3226 to·

165 3255 234 3300 sture
249 3254 314 3300 toties
329 3249 450 3300 videtur?
469 3278 496 3286 —
513 3249 612 3300 miurus
627 3249 689 3314 octo]
727 3253 815 3314 teprol
827 3249 928 3300 --Fae
941 3249 1064 3312 periclum
1081 3250 1108 3299 ia
1124 3249 1251 3312 titteris,

165 3325 270 3374 circiter
282 3325 346 3376 4600
359 3326 399 3376 Fr.
413 3322 524 3376 Gallicis.
544 3323 618 3374 idern
630 3336 691 3388 pre·
729 3326 781 3376 Fac
791 3325 818 3374 ia
825 3325 973 3388 palaestra,
992 3325 1018 3375 ia
1030 3326 1169 3384 musicis;
1186 3338 1252 3386 quoe

164 3401 230 3450 tium
247 3400 305 3450 erat
314 3399 434 3450 vinitoris
452 3413 494 3462 ap.
509 3399 611 3450 Colum.
626 3399 650 3458 3,
663 3399 688 3462 3,
726 3399 832 3450 liberum
847 3400 911 3450 scire
921 3405 1049 3462 aequasset
1062 3399 1250 3461 adulescentem,

164 3475 188 3524 8.
215 3474 268 3524 Sed
284 3473 408 3526 Martialis
426 3475 468 3534 44,
482 3474 527 3532 70,
541 3473 564 3522 4.
584 3486 690 3524 memo·
726 3475 848 3525 sadotem
856 3473 928 3524 data.
942 3502 969 3510 -
980 3473 1096 3538 imbuas]
1106 3474 1160 3524 Cic.
1172 3475 1249 3525 Tusc.

164 3551 206 3598 rat
227 3562 320 3610 pueros
342 3549 449 3600 centenis
471 3548 570 3598 mium
595 3555 690 3612 emptos
728 3551 751 3610 t,
765 3549 789 3610 7,
805 3548 849 3600 tt:
867 3549 906 3600 Aa
923 3553 950 3598 tu
967 3549 1144 3600 dialecticisae
1160 3549 1251 3599 imbrs·

165 3621 427 3687 (successerit),
454 3622 527 3686 quod
544 3622 616 3673 idem
634 3623 689 3674 cla·
726 3629 773 3673 tus
790 3624 888 3685 quidem
902 3622 946 3673 es?
963 3623 1070 3673 Sueton.
1084 3623 1248 3673 deGramm.

163 3697 219 3748 rius
249 3711 336 3761 neque
364 3710 474 3762 prorsus
500 3697 689 3750 incredibiliter
725 3697 768 3748 b:
786 3697 859 3760 Apud
869 3699 993 3759 miore,
1012 3699 1049 3749 ait
1060 3699 1177 3760 Orbilius,
1192 3711 1250 3748 curo

163 3773 198 3821 ita
224 3773 356 3836 expressit
374 3773 401 3833 4,
420 3773 466 3832 58,
488 3773 518 3820 t:
545 3773 618 3824 Milia
640 3787 688 3835 pro
723 3772 1047 3837 semitecticuiuaoenatis
1058 3773 1248 3835 produceretur,

158 3859 240 3908 putero
267 3845 403 3909 [delicato]
427 3851 525 3896 omum
540 3860 580 3898 ose
595 3861 688 3912 mappa
724 3861 774 3896 aaa
791 3853 880 3898 tenen
897 3859 970 3910 pum
986 3845 1162 3897 litteratum
1177 3847 1250 3896 ioti-

159 3922 281 3983 poposcit.
308 3921 337 3984 3,
357 3921 405 3972 62:
425 3921 689 3984 Cestenisquodemts
724 3921 787 3982 tuta,
806 3923 848 3972 sed
864 3921 1078 3972 litteratorem
1094 3919 1195 3970 inscribi
1211 3933 1249 3970 so·

159 4008 252 4057 pueros
276 4000 299 4046 et
324 4009 397 4058 saepe
418 3997 526 4046 ducerris.
547 4022 574 4032 -
597 3995 686 4060 Vsus]
724 3995 795 4045 titum
811 4009 874 4057 esse,
898 3997 971 4058 quasi
987 3995 1190 4059 coopertorium
1205 3995 1249 4044 lit-

162 4071 269 4120 Graecis
288 4065 439 4140 οἰκότριψ,
458 4066 561 4132 δοῦλος
578 4069 688 4136 oiuoye·
723 4071 794 4130 teris,
813 4071 856 4118 sed
866 4069 1022 4120 imbutum.
1041 4070 1096 4120 Cic.
1110 4067 1206 4120 adsit.
1221 4070 1245 4130 7,

161 4144 223 4209 ude.
252 4145 483 4208 attoariarum·
503 4145 580 4196 Voss.
610 4143 686 4196 Tales
723 4145 753 4194 2:
772 4143 937 4207 Cbrpsippum
949 4144 1075 4207 (servum)
1089 4148 1195 4206 propter
1204 4143 1248 4193 tit-

161 4217 275 4270 libenter
286 4233 378 4270 emere
388 4218 510 4270 solebant
521 4220 617 4284 partim
626 4233 686 4284 pro-
724 4218 899 4269 terutarum
909 4219 990 4268 nescio
1002 4219 1063 4279 quid
1073 4218 1174 4270 libenter
1184 4219 1244 4280 uidi,
1269 4275 1273 4284 ⁸

161 4297 221 4359 pter
245 4296 317 4360 ipsas
338 4295 471 4346 formosae
489 4291 685 4346 adolescentiae
722 4295 749 4344 ia
765 4294 858 4343 maore
874 4292 957 4344 tutat
991 4294 1091 4344 Seneca
1109 4295 1189 4359 Epist.
1203 4293 1243 4356 77,
