3178 4972
605 435 664 486 titi.
684 437 702 484 l.
739 435 838 486 arisi.
856 435 921 486 xiv,

263 594 464 660 Disiunctum
483 612 579 658 curas
600 601 635 657 et
656 592 774 658 strictis
796 591 963 658 frondibus
985 591 1113 680 exples3

262 713 358 782 Addit
379 734 462 800 opus
483 713 576 801 pigro
600 714 704 790 rivus,
728 715 755 779 si
779 713 898 781 decidit
921 713 1037 790 imber,

263 834 359 903 Multa
381 835 465 903 mole
488 835 656 903 docendus
677 835 787 924 aprico
810 855 945 923 parcere
967 845 1070 923 prato.
1266 839 1309 904 30

262 961 354 1026 Nunc
376 979 452 1046 age,
475 956 555 1046 quid
577 968 722 1024 nostrum
746 967 938 1026 concentum
958 956 1096 1036 dividat,
1120 957 1205 1024 audi.

261 1081 367 1160 Quem
388 1091 503 1148 tenues
524 1079 668 1148 decuere
689 1089 783 1168 togae
805 1079 962 1168 nitidique
985 1079 1104 1168 capilli,
1159 1105 1163 1112 ·

262 1203 368 1282 Quem
390 1202 454 1269 scis
476 1202 652 1269 immunem
674 1202 810 1270 Cinarae
833 1200 994 1290 placuisse
1016 1201 1139 1291 rapaci,

253 1438 337 1562 {opp
360 1439 485 1490 ducendae
500 1451 542 1502 pr.
564 1453 588 1489 c.
609 1465 636 1476 -
656 1438 703 1488 Vv.
722 1438 754 1489 33
766 1438 845 1490 etet.
865 1439 1078 1504 transponendus
1094 1441 1218 1504 opinatus
1234 1443 1277 1490 est

320 1526 344 1563 e.

220 1689 306 1740 loram
323 1688 439 1741 civilium
456 1692 574 1742 temones
585 1692 612 1742 et
627 1691 744 1755 rapinas,
783 1692 823 1741 Ct.
836 1691 906 1754 Virg.
920 1693 1014 1754 Geor-g.
1027 1692 1053 1753 3,
1064 1690 1122 1742 tsi.
1136 1692 1202 1742 Aen.
1212 1691 1238 1752 3,
1248 1691 1306 1742 63⁰:

220 1764 317 1829 quibus
335 1778 413 1828 agros
428 1767 511 1816 satius
522 1769 580 1816 erat
591 1779 644 1816 nou
656 1764 745 1816 colere
781 1765 895 1828 aepletius
909 1765 1024 1827 daptbsu.
1038 1793 1066 1802 -
1084 1765 1159 1817 Addit
1172 1766 1308 1830 opereat}

220 1839 393 1903 quamcultoe
403 1838 507 1890 militari
516 1839 744 1890 lerociavaetarl.»
783 1859 795 1883 α
804 1841 1024 1890 Praetereamus
1039 1841 1181 1904 (Digentie3
1195 1839 1228 1891 ol.
1239 1840 1306 1905 Epp.

220 1915 331 1964 Prorsus
357 1913 430 1964 enim
455 1914 626 1976 ignoramus,
654 1917 745 1964 utrum
783 1916 810 1972 4,
826 1914 871 1972 43,
894 1912 960 1974 404.)
986 1916 1048 1978 post
1071 1913 1173 1964 imbres
1199 1927 1309 1978 semper

220 1987 317 2038 iuudus
344 1987 387 2038 ille
413 1987 527 2039 Sabinus
555 1989 641 2039 avitus
667 1987 747 2038 ment
781 1985 834 2038 ulta
850 1989 878 2038 et
894 1987 971 2038 flrma
986 1988 1062 2049 444444,
1081 1984 1208 2054 χώματι,
1227 2001 1309 2052 agge-

219 2061 392 2122 llaecenatis,
419 2075 454 2112 au
479 2075 511 2112 ea
528 2061 680 2113 decoctoris
697 2061 746 2113 eli·
781 2061 856 2113 ribus
873 2061 1039 2113 coercendus
1057 2065 1110 2124 est,
1139 2075 1173 2114 ue
1196 2062 1311 2114 incudm

219 2135 295 2185 cuius
318 2137 451 2197 sectione,
478 2150 512 2187 en
538 2150 570 2187 ex
596 2137 745 2188 hereditate
782 2138 857 2201 prata
874 2136 1048 2187 adiacentia.»
1078 2137 1143 2187 Cato
1159 2138 1189 2186 lt.
1203 2139 1305 2188 litim:

219 2207 306 2272 aliqua
324 2209 359 2260 ad
371 2223 435 2262 eum
451 2211 620 2275 pervenerit,
639 2225 673 2263 an
685 2215 746 2276 post
782 2212 845 2262 cun
860 2211 949 2273 pluere
971 2213 1084 2274 incipiat,
1109 2211 1235 2276 [mutiam
1250 2225 1310 2262 caua

218 2285 440 2348 proscriptionem
452 2286 476 2336 ei
488 2287 637 2349 assignatus
649 2288 699 2346 sit;
718 2286 745 2337 id
780 2287 869 2350 [meta
884 2287 992 2336 wratis
1008 2287 1079 2337 wire
1093 2291 1202 2349 operm,
1220 2287 1309 2338 44444444

219 2357 291 2420 quod
310 2361 418 2422 propter
435 2358 510 2422 agelli
528 2361 611 2424 ipsius
628 2362 746 2411 tenuita-
781 2361 894 2424 operire,
913 2373 1009 2423 apuam
1020 2361 1306 2412 deduceretwtawet.

218 2435 274 2482 tem
291 2434 413 2484 omnium
430 2435 544 2486 maxime
567 2435 744 2499 improbabile
783 2435 855 2486 illoc
865 2437 944 2498 igitur
955 2447 1022 2500 opus
1034 2433 1112 2500 plene
1125 2436 1308 2487 necessarlum

218 2507 268 2556 est.
295 2508 434 2558 Pmeteree
447 2509 500 2558 iam
512 2512 573 2562 anm
586 2511 746 2561 decennium
782 2509 917 2561 interdum
933 2513 1014 2574 auget
1029 2508 1150 2562 laborem
1162 2513 1264 2560 tuum»
1278 2537 1306 2546 -

218 2579 314 2632 sallem
331 2581 459 2633 Sabinum
476 2585 583 2634 lloratio
597 2584 745 2636 donaverat
781 2585 905 2635 4444444444
920 2585 983 2648 cei]
1001 2584 1040 2634 Cl.
1053 2587 1084 2636 Α.
1098 2587 1126 2635 Ρ.
1139 2585 1186 2635 67:
1210 2585 1306 2644 44444444,

218 2656 334 2717 amicus,
357 2655 425 2706 adeo
448 2659 478 2707 ut
495 2657 539 2708 tali
556 2661 614 2710 eius
630 2659 745 2710 vestitui
781 2660 876 2708 Doctus
891 2659 939 2708 tter
953 2659 1050 2709 44444444.

219 2729 375 2780 iamdudum
404 2730 512 2782 obviam
539 2733 579 2783 ire
615 2735 746 2798 potuisset
1011 2735 1016 2744 “

219 2803 320 2854 domini
345 2803 441 2856 lamilia
467 2809 576 2858 rustica.
614 2809 745 2871 Equidem
815 2807 904 2858 34-36.
930 2807 1004 2856 Nunc
1020 2819 1068 2870 aas
1084 2807 1146 2868 cet]
1173 2807 1244 2856 alam
1262 2806 1308 2857 tibi

219 2879 373 2930 etiamnunc
384 2879 499 2945 intelligo
511 2882 699 2946 agrosaliquos
711 2882 745 2933 ab
783 2879 934 2946 explicabo,
962 2893 1011 2931 cur
1033 2893 1082 2943 ego
1099 2892 1145 2931 rus
1166 2883 1307 2944 tantopere

219 2953 275 3016 ipsa
301 2951 361 3002 villu
387 2957 557 3017 remotiores,
583 2956 746 3021 aliquamdiu
783 2955 903 3019 diligam,
926 2958 1093 3020 quantopere
1114 2958 1142 3006 tu
1159 2968 1174 3005 a
1192 2957 1245 3005 vita
1261 2967 1308 3006 ru-

220 3025 355 3090 ueglectoa
376 3041 408 3079 ac
425 3029 502 3080 malis
525 3029 617 3083 herbis
634 3031 744 3090 obsitos,
783 3032 848 3080 stica
865 3029 1021 3080 abhorres.»
1036 3057 1063 3066 —
1079 3030 1233 3094 cocenim]
1251 3031 1306 3081 Cic,

219 3113 287 3166 quos
313 3103 422 3154 tandem
439 3103 572 3168 ligonibus
592 3105 745 3170 purgandos
782 3105 817 3154 de
834 3104 908 3154 Olflc.
921 3106 946 3166 4,
959 3103 1001 3165 44,
1015 3104 1075 3155 tte:
1093 3105 1309 3156 mbramettor

218 3175 328 3227 videbat
344 3176 447 3239 vilicus,
465 3181 515 3230 nisi
531 3194 546 3229 a
562 3179 680 3241 domiuo,
699 3179 745 3230 ubi
782 3180 911 3228 actionus
934 3191 1013 3241 quarn
1036 3191 1155 3228 sonoram
1178 3184 1310 3231 conuersus

219 3263 251 3300 ex
268 3250 336 3302 urbe
348 3251 514 3314 advenisset,
532 3257 618 3305 totum
633 3255 745 3305 fundum
781 3259 824 3304 est.
843 3253 927 3304 Codd.
947 3251 1047 3317 aliquot
1066 3267 1081 3303 c
1107 3251 1186 3316 gloss.
1204 3266 1309 3304 44444444-

218 3328 390 3390 perreptante
404 3339 499 3379 serere
514 3327 657 3394 aliquando
669 3330 747 3380 castl-
781 3341 850 3388 sum
878 3329 931 3379 mei
951 3340 1045 3379 veram
1064 3327 1207 3378 lectionem
1232 3328 1309 3378 exhi·

219 3399 380 3462 garivellet;
399 3403 623 3469 ergobulcoperi
635 3406 744 3466 rustico,
782 3403 856 3455 bent.
877 3431 905 3441 -
924 3405 1002 3466 Queat
1018 3409 1103 3455 44444444
1119 3403 1181 3466 cet.]
1208 3405 1255 3455 «tlt
1270 3407 1308 3452 te-

219 3487 284 3526 sane
301 3489 316 3526 a
334 3477 431 3528 ceteris
447 3479 532 3530 servis
543 3479 665 3540 adiutus,
684 3491 745 3530 sese
782 3492 843 3528 oues
859 3483 932 3542 togae
950 3481 1052 3544 lappas.
1064 3480 1157 3528 cratete
1173 3480 1226 3528 Sat.
1240 3480 1264 3538 4,
1281 3477 1306 3538 3,

219 3550 341 3612 accingit.
360 3551 435 3624 Quid.
455 3565 487 3602 ex
503 3555 586 3605 Ponto
604 3556 632 3616 4,
649 3554 680 3616 8,
697 3554 743 3604 es:
783 3553 833 3616 44.)
851 3553 990 3604 hominum
1012 3551 1204 3616 elegantiarum
1221 3553 1306 3612 erant,

218 3623 269 3674 Nec
285 3625 393 3675 uacum
410 3626 612 3694 captaparpare
623 3629 746 3693 tipoaibua
782 3628 816 3677 ita
834 3628 908 3677 nitidi
923 3628 1010 3690 captiti
1026 3629 1043 3677 i.
1062 3641 1086 3678 e.
1102 3627 1245 3690 unguentis
1262 3624 1310 3675 de-

219 3711 292 3748 arua.
308 3723 336 3735 —
349 3701 442 3750 44444444
450 3702 589 3768 [4444444444]
607 3705 677 3768 Virg.
689 3701 743 3756 Ecl.
783 3701 858 3752 libati
875 3701 1019 3765 (4444444444
1029 3707 1106 3764 caput
1117 3703 1169 3751 Sat.
1180 3702 1206 3760 4,
1218 3700 1243 3760 7,
1256 3699 1307 3760 no.)

219 3773 244 3835 3,
257 3775 299 3824 60:
317 3777 365 3837 bic,
378 3777 520 3828 4444444444
529 3779 662 3842 Agricolae
671 3780 746 3828 444444-
782 3778 989 3829 convivantium.
1017 3776 1092 3828 ovid.
1110 3778 1141 3828 Α.
1155 3777 1184 3825 Α.
1198 3774 1226 3834 3,
1243 3772 1306 3824 ll3:

217 3855 281 3912 arnt
295 3849 404 3913 frondes.
424 3853 489 3904 Cato
503 3854 533 3903 lt.
546 3855 575 3902 lt.
589 3855 614 3914 5,
633 3854 657 3903 8.
676 3855 746 3904 inter
782 3853 833 3904 Neo
858 3865 932 3902 conia
946 3865 991 3902 oca
1005 3851 1081 3914 fatiat
1096 3849 1194 3912 liquida
1209 3848 1310 3897 444444444-

218 3921 287 3974 vilici
305 3925 391 3976 cilicia
409 3928 565 3977 nominatim
577 3927 629 3976 boc
640 3937 746 3976 memo-
782 3928 848 3976 sina
870 3929 971 3986 nardo;
989 3951 1029 3964 --
1044 3927 1096 3976 Nec
1116 3929 1176 3988 tuga
1201 3924 1310 3985 decipiat

219 4000 277 4048 rat:
304 4000 744 4064 campummollem,
781 4002 824 4065 filo
841 4003 1010 4052 tauuimma.»
1029 4001 1121 4050 onaan.
1137 4024 1165 4036 -
1185 3999 1309 4050 0444444444-

219 4083 355 4134 quomam
370 4076 482 4135 caedum
507 4076 572 4126 item
589 4075 636 4125 30:
663 4075 747 4126 Bubus
781 4075 882 4140 rapaci]
900 4077 990 4136 «Quae
998 4075 1063 4126 alios
1072 4075 1206 4124 amatores
1215 4085 1309 4124 emun-

217 4145 332 4210 modam
347 4149 470 4211 4444444444,
486 4149 650 4214 populosam,
669 4163 746 4213 quer-
782 4163 846 4214 gere
855 4149 967 4210 solebat,
978 4151 1040 4200 huic
1048 4163 1098 4214 per
1106 4150 1208 4200 memet
1219 4149 1307 4212 ipsum

218 4235 306 4285 nomn,
322 4225 469 4288 4444444444,
488 4225 626 4288 usquedum
636 4225 743 4288 44444444,
783 4225 863 4276 etiam
879 4225 937 4274 sine
955 4223 1032 4274 donis
1048 4221 1162 4287 placui·
1188 4221 1308 4272 Eandem

219 4297 288 4348 dato.
305 4299 438 4362 -ecoptaal
464 4302 603 4360 «satum,
630 4303 745 4363 pascis.»
782 4299 875 4350 bonam
891 4299 917 4360 (l.
931 4311 955 4347 e.
969 4298 1079 4348 minime
1094 4297 1211 4359 avaram)
1229 4297 1309 4346 vocat
