3156 4972
281 415 344 482 stt
661 417 988 480 nontrusaumnun

325 575 431 641 Virtus
454 584 552 664 aitrus
577 574 702 640 animus
725 573 835 642 coenis
859 583 1029 661 responsat
1050 573 1187 661 opimis?

325 697 528 784 Obsequium
550 698 672 764 ventris
694 696 771 764 mihi
793 696 1008 785 perniciosius
1031 707 1081 763 est
1103 695 1186 763 curi

324 822 426 906 Terga
449 818 573 906 plector
594 819 688 885 enim.
733 820 796 899 Oui
818 829 852 884 tu
876 818 1060 906 impunitior
1081 816 1149 895 illa,
1309 815 1370 882 lbb

325 942 416 1021 Quae
437 961 539 1029 parvo
561 940 644 1007 sumi
667 949 849 1029 nequeunt,
873 940 1009 1006 obsonia
1031 941 1169 1027 captas?

324 1064 446 1151 Nempe
469 1063 707 1129 inamarescunt
728 1061 845 1150 epulae
868 1063 938 1128 sine
960 1061 1024 1128 fine
1047 1061 1181 1148 petitae.

325 1183 479 1272 lllusique
501 1183 604 1272 pedes
626 1184 776 1250 vitiosum
797 1184 882 1250 ferra
904 1193 1056 1250 recusant

324 1307 459 1394 Corpus.
483 1308 530 1372 An
545 1303 597 1373 hic
612 1315 739 1393 peccat,
761 1305 822 1372 sub
838 1316 965 1373 noctem
981 1305 1037 1394 qui
1051 1325 1134 1393 puer
1147 1325 1243 1370 uvam

348 1506 405 1555 tbb.
421 1504 476 1568 ont]
496 1505 561 1566 Onia
577 1503 659 1565 ΕΜ.
681 1531 708 1541 -
730 1509 758 1554 ta
775 1518 829 1556 om.
848 1506 892 1554 Eo.
914 1528 941 1540 -
962 1504 1018 1554 lbb.
1037 1509 1173 1565 maneant,
1191 1516 1248 1553 cnm
1265 1503 1337 1554 obso-

312 1581 358 1629 nia
374 1582 392 1630 t.
413 1607 440 1618 —
466 1580 521 1632 tua.
541 1580 732 1630 immarcasetmt
749 1579 833 1631 codd.
847 1579 946 1644 aliquot
965 1581 1025 1644 (nou
1037 1579 1140 1642 nostri),
1158 1581 1222 1632 item
1234 1580 1335 1632 Veneta

278 1757 340 1809 bias
364 1759 478 1809 videtur.
508 1786 535 1796 -
556 1758 696 1823 responsat]
714 1757 753 1809 Cl.
777 1771 803 1808 v.
842 1771 920 1819 qnam
936 1772 969 1807 aa
986 1758 1054 1821 sama
1073 1758 1181 1808 nmcies:
1206 1759 1265 1808 inda
1280 1759 1370 1810 incerti

279 1833 320 1884 85.
336 1858 363 1869 —
377 1838 412 1883 ost
422 1832 495 1897 curi]
507 1834 582 1884 Cant.
595 1836 649 1884 Sat.
662 1835 691 1894 Ξ,
704 1832 732 1894 3,
747 1833 803 1883 tat.
842 1831 981 1883 labantium
996 1834 1069 1894 parles
1079 1838 1102 1883 el
1113 1845 1223 1895 seraper,
1243 1834 1325 1895 mtalis
1341 1835 1368 1884 tn

313 1908 434 1958 405-408,
455 1909 533 1973 Tarpa
543 1909 640 1971 plector
650 1909 723 1972 mim]
737 1908 806 1957 Eun·
841 1909 898 1970 ipsa
914 1907 1045 1968 ebrietate,
1063 1908 1192 1958 titubatio:
1216 1909 1272 1958 inas
1288 1910 1316 1958 in
1333 1914 1370 1958 lo-

280 1981 343 2032 dcm
361 1981 450 2033 locum
468 1982 572 2033 obtinet
594 1982 722 2047 particula
739 1983 805 2032 enim
842 1988 895 2034 tam
915 1987 995 2032 matam
1017 1982 1107 2032 itamar
1126 1984 1248 2032 cuminas
1265 1987 1317 2034 cet.
1339 2011 1366 2022 -

279 2058 386 2106 Lucret.
400 2057 428 2118 i,
449 2057 514 2106 68⁴:
540 2058 584 2107 Nil
604 2059 709 2122 referret
729 2058 802 2107 onim
841 2056 971 2121 ultionem]
998 2055 1128 2108 cruditate
1154 2060 1182 2107 et
1205 2071 1275 2121 aqua
1300 2059 1369 2110 inter

278 2133 308 2192 2,
327 2130 406 2181 illl:
425 2131 516 2180 Omnia
528 2131 596 2181 dabat
611 2131 678 2181 enim
688 2130 757 2180 cibas
767 2132 806 2181 in·
843 2135 941 2183 cutem.

280 2207 522 2269 taprarenoaomlo.
551 2205 804 2256 Centumalum.
876 2207 997 2256 tas-tta.
1027 2207 1065 2255 An
1082 2207 1223 2269 ntcpeccnt
1240 2208 1304 2273 cet]
1328 2209 1369 2257 Si-

281 2282 312 2330 ll.
325 2293 351 2344 p.
366 2279 422 2328 398.
438 2307 466 2315 -
481 2279 530 2341 ont
546 2285 573 2328 ta
584 2281 731 2342 impunitior
742 2280 805 2344 cet]
843 2280 897 2332 mili
930 2280 1019 2331 denuo
1048 2280 1171 2346 exemplo
1203 2283 1369 2347 propositum

281 2355 354 2415 «Quo
376 2353 485 2403 tandem
508 2355 565 2405 iure
589 2357 700 2406 naturae
718 2356 806 2405 miuus
843 2369 937 2415 suum,
951 2355 1024 2418 paria
1038 2367 1098 2406 esse
1111 2359 1137 2406 el
1149 2356 1248 2407 domini
1259 2360 1288 2408 et
1298 2359 1368 2409 servi

282 2427 376 2492 diguus
400 2441 429 2479 es
455 2441 541 2492 poena
565 2441 646 2491 quam
668 2442 733 2492 ego,
759 2428 805 2478 ubi
843 2431 967 2495 peccata,
997 2428 1172 2480 demonstrat.
1213 2431 1269 2482 lloc
1296 2433 1368 2482 euim

281 2504 439 2566 sumptuosa
451 2502 563 2553 obsonia
580 2503 702 2567 cupidius
720 2504 806 2554 emisi
843 2519 896 2555 una
920 2503 1098 2555 similitudinis
1123 2503 1229 2556 viuculo
1254 2509 1369 2558 nectua-

282 2577 449 2639 Quamquam
478 2579 506 2626 tu
534 2590 642 2640 quoque
669 2591 701 2628 en
729 2573 813 2629 natu-'
844 2585 887 2630 tur
915 2580 1080 2640 sententiae,
1116 2593 1198 2643 quam
1229 2583 1369 2645 utriusque

280 2663 327 2700 rae
350 2649 407 2714 lege
432 2652 514 2702 iustas
537 2651 683 2715 gulositatis
705 2667 806 2718 poenas
843 2653 959 2705 membri
977 2654 1107 2704 rationem
1120 2653 1195 2705 multi
1210 2655 1369 2720 interpretes

281 2726 391 2790 pendis,
421 2727 502 2777 nimio
530 2727 591 2778 cibo
620 2731 647 2778 el
675 2729 805 2780 cruditate
844 2743 897 2780 nou
915 2731 1120 2793 perspexerunt:
1141 2731 1209 2782 «Uva
1227 2732 1369 2780 contentus

281 2801 433 2854 debilitatus
467 2805 547 2866 atque
584 2802 686 2855 morbis
719 2807 807 2855 tenta-
844 2808 885 2855 cst
902 2816 985 2853 verna
1003 2805 1113 2866 propter
1130 2815 1190 2853 eam
1209 2803 1296 2853 tiaran:
1319 2803 1369 2854 do·

281 2879 351 2928 lus.»
382 2878 452 2928 llaec
463 2877 547 2928 verba
566 2879 682 2930 imitatus
694 2883 735 2931 cst
745 2883 807 2931 Per·
844 2880 932 2929 minus
945 2875 1053 2941 gulosus
1064 2878 1100 2927 ita
1113 2876 1249 2938 belualur,
1268 2880 1298 2927 ut
1308 2891 1369 2942 pro·

282 2952 337 3002 sius
349 2953 378 3014 5,
392 2954 451 3003 tas:
471 2954 551 3004 Satist
568 2954 635 3004 intas
646 2961 669 3004 ct
686 2955 713 3005 in
727 2955 807 3006 irrora
844 2958 904 3018 pler
920 2951 1009 3016 gulam
1026 2952 1114 3001 omnia
1133 2965 1179 3002 sua
1200 2951 1367 3016 profundata

282 3041 360 3090 aspro
384 3030 531 3078 Nascantur
555 3029 663 3092 domini,
691 3034 746 3092 qut
774 3037 808 3080 tn
847 3028 924 3077 -An
936 3027 975 3076 tic
987 3031 1076 3088 porcat
1092 3027 1156 3088 cet]
1174 3029 1239 3088 «Au,
1258 3040 1320 3078 cum
1333 3029 1370 3090 (ut

281 3103 461 3163 impunitior
482 3105 536 3154 anis
556 3105 636 3167 Atque
657 3107 709 3168 bic,
734 3119 807 3167 qnam
844 3116 892 3154 vos
909 3103 1009 3152 domini
1032 3101 1066 3150 ad
1091 3103 1200 3152 minima
1223 3104 1304 3153 eliam
1328 3106 1369 3152 at·

282 3177 316 3226 ad
331 3179 438 3242 stripiim
452 3180 547 3229 amnica
564 3185 586 3229 et
602 3185 682 3229 nostras
697 3181 746 3243 epit
767 3181 807 3230 lte
845 3177 908 3226 tenti
926 3175 1025 3236 dicitis,
1044 3189 1133 3239 nequa
1152 3189 1202 3239 ego
1214 3189 1309 3229 servus
1321 3189 1370 3227 ne·

280 3252 354 3302 ritis?
375 3277 403 3288 -
428 3255 624 3316 inamarescunt]
643 3255 683 3304 rin
705 3256 807 3305 ventri·
844 3251 888 3314 gol
914 3251 958 3300 hic
980 3263 1049 3314 puer
1075 3255 1183 3315 peccet,
1210 3253 1255 3315 qui
1283 3253 1370 3316 strigi-

282 3325 342 3377 culo
355 3339 471 3391 eumque
483 3331 685 3392 corrumpunt.»
704 3329 804 3380 Cisal.
844 3325 910 3386 lem,
930 3338 989 3375 rem
1005 3338 1089 3390 propa
1102 3325 1189 3386 nihili,
1208 3325 1371 3377 dominatu-

282 3403 411 3464 naas:
430 3402 559 3452 Dmaiasa
575 3403 602 3452 in
619 3402 804 3454 bliemocrtcnt.
844 3404 932 3462 ratus,
967 3400 1018 3450 sub
1050 3403 1157 3451 noctem
1185 3401 1267 3452 domo
1294 3399 1371 3452 herili

282 3478 371 3527 Lectio
383 3477 574 3526 immarcescrmt
586 3489 677 3528 merus
690 3482 731 3528 est
743 3481 808 3530 scri·
844 3474 913 3526 clam
936 3487 1060 3538 egressus
1084 3473 1154 3526 illam
1178 3475 1251 3539 apud
1276 3488 1371 3540 poma-

281 3552 377 3603 barum
390 3563 474 3601 error.
488 3579 515 3588 -
525 3552 732 3615 necsquamosa]
746 3553 806 3617 «qui
844 3551 913 3600 rium
930 3563 992 3600 cum
1004 3561 1054 3598 uva
1073 3553 1219 3613 permutat,
1239 3553 1269 3600 ul
1285 3549 1369 3601 semel

282 3627 347 3677 dum
363 3629 394 3676 ut
409 3627 488 3676 antea
505 3629 577 3677 stara
594 3639 623 3676 se
642 3640 722 3691 posse
746 3641 807 3679 cre·
844 3625 961 3690 palatum
990 3623 1122 3686 oblectet,
1152 3627 1244 3676 contra
1273 3637 1370 3690 expers

282 3701 348 3752 dunt
365 3703 392 3752 et
408 3699 514 3762 volunt,
540 3701 663 3752 vacillant
679 3702 721 3753 vel
743 3716 807 3766 pru-
844 3699 938 3766 culpae
967 3699 1070 3751 servilis
1099 3703 1152 3762 est,
1183 3702 1227 3765 qui
1254 3699 1296 3751 vel
1322 3713 1370 3752 sua

281 3781 342 3842 pter
358 3776 506 3841 podagram
523 3775 565 3826 rel
591 3780 703 3842 propter
727 3779 806 3827 totius
845 3775 953 3841 praedia
977 3779 1089 3840 paterna
1106 3776 1210 3836 vendit,
1239 3779 1268 3825 ut
1293 3775 1370 3839 gulae

282 3852 401 3915 corporis
435 3850 675 3902 imbecillitatem.»
722 3851 803 3902 Plaut.
844 3850 1025 3901 satisfaciatis
1054 3850 1095 3901 Aa
1112 3851 1299 3902 enuntiationis
1316 3852 1371 3901 lor-

282 3925 447 3987 Pseudolb,
468 3926 496 3985 t,
514 3928 544 3975 5:
571 3929 695 3990 Mopnom
711 3926 806 3975 bocoi-
845 3939 916 3976 marn
934 3925 1004 3976 conl.
1027 3927 1081 3976 Cic.
1103 3927 1181 3976 Tusc.
1203 3927 1232 3986 5,
1251 3925 1297 3986 32,
1320 3925 1369 3974 90:

282 4002 345 4050 tiam
361 4002 457 4050 uinost:
483 4002 556 4052 Pedes
577 4007 663 4064 captat
682 4001 803 4062 primam.
843 4002 881 4051 An
899 4001 1000 4063 Septim
1010 3999 1163 4051 Anacharsis
1176 4001 1260 4062 potuit
1273 4001 1371 4062 moni-

280 4077 381 4124 Sencca
400 4075 481 4139 Epist.
495 4076 541 4126 95:
561 4077 621 4125 lnao
639 4077 663 4138 (e
679 4073 740 4124 cibo
758 4088 807 4138 per
844 4077 893 4126 nilo
908 4077 1042 4137 pecuniam
1059 4076 1162 4129 drame:
1180 4073 1370 4136 nostratcsplri-

281 4153 366 4200 artem
377 4149 595 4215 voluptatemque
608 4151 741 4216 corrupto)
750 4152 807 4213 pat·
845 4151 937 4212 losopbi
954 4165 1004 4200 nan
1022 4149 1159 4212 potarum?
1184 4150 1213 4198 C.
1236 4149 1276 4198 Fr.
1303 4148 1370 4197 ller-

280 4227 352 4276 loret
368 4239 504 4278 namtarum
519 4227 578 4276 uino
594 4227 807 4276 madantinmlrc·
845 4237 925 4276 maun
952 4227 983 4274 ‹la
1009 4226 1106 4288 protasi
1126 4223 1288 4286 parataaliaa
1309 4221 1370 4286 pb

280 4315 336 4352 mor
356 4307 379 4352 at
401 4300 568 4351 miserabilior
588 4314 621 4352 aa
642 4301 807 4352 cruditatibus
844 4313 884 4364 sq.
905 4327 933 4336 -
952 4299 1156 4364 naam-mutat]
1181 4299 1218 4349 De
1242 4299 1371 4348 constru-
