3178 4972
599 455 658 506 sis.
678 456 697 505 ι.
732 455 830 506 urrsr.
847 455 924 506 xvu.
1246 455 1308 521 iiiii

267 611 331 691 Qui
353 609 444 687 dicit,
468 609 598 678 clamat:
623 612 747 679 Victum
770 612 853 679 date.
899 611 1041 679 Succinit
1061 612 1155 680 aiter:

264 733 301 798 Bt
323 731 399 796 mihi
423 730 556 798 dividuo
579 721 720 800 findetur
740 753 876 800 munere
898 732 1033 820 quadra.

264 853 330 921 Sed
352 853 467 920 tacitus
490 853 579 941 pasci
602 853 629 920 si
652 865 765 942 posset
787 875 919 932 corvus,
942 853 1078 921 haheret
1271 859 1313 923 50

264 974 340 1041 Plus
363 974 456 1062 dapis
479 985 511 1040 et
533 975 622 1041 rixae
645 974 872 1042 multominus
896 975 1112 1062 invidiaeque.

264 1095 471 1162 Brundisium
493 1116 604 1162 comes
626 1105 682 1162 aut
703 1096 893 1163 Surrentum
917 1097 1033 1164 ductus
1055 1118 1242 1175 amoenum,

293 1303 334 1354 49.
351 1304 465 1368 findatur
481 1315 550 1353 unus
568 1303 606 1366 (V.
621 1304 660 1366 K.)
680 1304 756 1353 icae.
778 1332 805 1340 -
824 1306 865 1355 50.
881 1307 955 1368 pasci
966 1307 1057 1356 tacitus
1068 1305 1094 1356 d.
1110 1333 1138 1341 -
1151 1306 1192 1354 st.
1204 1305 1279 1356 riorus

253 1379 337 1428 atinus
352 1383 376 1428 et
391 1378 474 1427 minus
492 1377 539 1426 Ed.
560 1377 735 1428 cadomensis
752 1391 776 1426 a.
797 1379 869 1430 iissd.
889 1379 947 1430 Vid.
967 1380 1002 1430 ad
1019 1381 1084 1445 Epp.
1099 1380 1123 1440 i,
1137 1380 1177 1438 46,
1191 1380 1231 1431 ti.
1252 1407 1276 1417 -

254 1455 295 1504 52.
314 1454 484 1504 Brundusium
501 1466 570 1502 corr.
590 1453 616 1502 d.

221 1641 295 1690 dare.
324 1641 377 1691 Cir.
391 1639 473 1690 Plani.
487 1641 604 1690 Trinum.
618 1638 649 1702 3,
662 1641 687 1701 2,
702 1640 746 1690 63:
786 1639 930 1692 Lambinus
948 1641 973 1690 in
986 1639 1112 1691 lemmate
1125 1642 1151 1690 et
1163 1653 1232 1692 unus
1245 1641 1311 1690 i'eae

221 1728 252 1766 uc
275 1715 311 1764 mi
335 1715 400 1764 hone
423 1715 522 1779 somam
546 1715 680 1778 differant,
708 1717 749 1766 Me
787 1713 882 1778 (nuilus
909 1715 1025 1764 Potticrii
1046 1727 1097 1764 uec
1119 1715 1262 1776 meorum).
1284 1742 1310 1751 -

220 1802 370 1854 pomarium
390 1803 472 1839 nicom
489 1802 600 1839 sororem
617 1791 643 1840 iu
660 1803 749 1839 conut-
786 1789 896 1852 quomo]
914 1801 955 1852 pr.
975 1790 1069 1852 quartu
1086 1800 1159 1851 pars.
1173 1789 1244 1854 virg.
1259 1789 1314 1839 Mo-

220 1864 333 1912 binotum
358 1863 402 1912 tibi
427 1865 469 1914 Sic
489 1864 542 1913 sine
559 1865 614 1914 dote
631 1864 749 1914 dedidisse
786 1865 835 1912 ret.
850 1862 895 1913 is:
912 1863 1008 1912 Lueuot
1019 1863 1230 1924 opuspoimisque
1239 1875 1314 1912 suum

220 1940 304 2002 mopis
314 1951 392 2000 quom
402 1940 639 1988 inmdtrimonium.
655 1966 681 1975 -
691 1940 749 2001 fun-
785 1938 920 1987 dilatatio
937 1937 1021 1987 erdem
1037 1939 1070 1988 Et
1086 1943 1170 1998 notat,
1187 1938 1315 2000 impressis

221 2013 276 2077 dus]
304 2026 372 2077 aquo
401 2013 509 2063 vendito
535 2013 626 2063 dotem
653 2013 746 2072 sorori,
785 2013 1142 2074 oequodiscriminsqucdtis.
1164 2010 1273 2062 Martini.
1287 2013 1311 2072 ii,

222 2087 300 2136 matri
318 2085 442 2136 alimenta
460 2087 593 2151 praehere
610 2099 747 2151 possem.»
785 2087 826 2146 ar,
840 2087 884 2136 ii:
903 2087 1004 2137 Libetur
1020 2087 1064 2135 tibi
1074 2087 1195 2136 candidas
1206 2088 1241 2135 ud
1252 2099 1314 2136 oros

224 2187 251 2196 -
270 2174 315 2210 uec
330 2161 467 2225 vendibilis]
489 2162 595 2225 propria
613 2161 749 2224 signitica-
785 2161 859 2209 Secta
880 2161 994 2223 piurima
1015 2161 1116 2222 quadro
1136 2162 1166 2210 da
1180 2162 1310 2223 picentia.

221 2235 305 2296 tione,
336 2236 403 2284 uicit
427 2235 594 2298 uerisdusticii,
624 2237 749 2299 «propter
786 2235 1145 2296 &suessionensium
1166 2236 1313 2298 Occisum

220 2309 247 2358 id
265 2310 365 2372 ipsum,
385 2310 457 2372 quod
475 2309 571 2360 sterilis
584 2311 650 2358 est.»
677 2309 748 2359 Boeo
783 2311 869 2373 ficium
886 2311 952 2360 dicit
969 2312 1098 2372 quadram
1111 2311 1189 2373 ponis
1206 2317 1252 2361 out
1270 2313 1313 2361 sti-

220 2381 415 2446 simpiicissimu
434 2385 515 2440 ratio;
535 2396 585 2433 uec
603 2385 675 2432 certe
693 2385 748 2454 iio-
781 2397 840 2444 pons
857 2385 925 2434 ocris
941 2383 1053 2434 obiecd?

220 2457 303 2508 ratius
320 2459 445 2520 cogitavit
460 2457 493 2508 de
511 2457 594 2508 tundo
612 2471 664 2508 uon
683 2457 748 2509 ulie·
817 2459 906 2508 stt-57.
933 2459 982 2509 Sed
998 2459 1091 2509 tacitus
1107 2459 1170 2523 cet]
1188 2459 1312 2524 Speciem

223 2533 310 2582 nando
335 2531 377 2582 rel
404 2547 436 2582 en
461 2534 614 2584 testamenti
637 2531 747 2584 alicuius
785 2532 867 2582 habet
898 2531 939 2584 vai
971 2533 1107 2598 proverbii
1133 2532 1174 2584 vei
1200 2533 1312 2584 tabellae

220 2607 306 2671 capite
329 2605 372 2657 vei
395 2611 553 2672 propterea,
579 2609 650 2672 quod
675 2611 748 2658 esset
784 2608 931 2671 Aesopiuec
950 2607 1020 2658 nulia
1038 2611 1128 2658 tamen
1139 2609 1218 2658 huius
1231 2621 1312 2671 argu-

221 2680 318 2732 iundus
339 2681 444 2732 italicus
468 2681 577 2743 dotalis,
604 2685 634 2732 ut
655 2681 748 2732 volunt
784 2684 866 2732 menti
888 2685 1013 2745 superest
1032 2683 1058 2732 in
1081 2684 1183 2732 Corano
1200 2679 1311 2731 Συντά-

220 2757 391 2820 Interpretes.
415 2785 442 2794 -
461 2757 512 2807 'noc
529 2771 635 2820 poscere
648 2758 745 2822 liranus]
783 2770 879 2822 γματι.
903 2757 1036 2815 «Corvus,
1055 2755 1119 2805 dum
1132 2767 1312 2821 escamrepe-

219 2829 353 2894 βέβαιος,
382 2845 492 2896 semper
518 2832 648 2891 idoneus3
676 2845 746 2882 «nec
784 2831 830 2890 rit,
850 2829 957 2879 assiduo
974 2829 1106 2879 crocitans
1126 2827 1313 2880 aliusavesai·

220 2908 278 2958 eius
303 2909 448 2971 proventus
474 2909 562 2957 tantus
586 2910 640 2968 cst,
668 2909 697 2956 ut
714 2919 747 2956 ex
783 2901 852 2962 licit,
871 2902 1033 2965 quibuscum
1051 2901 1120 2953 iilam
1138 2903 1230 2966 partiri
1242 2903 1312 2965 eogi-
1417 2917 1422 2922 ·

221 2995 254 3032 eo
272 2981 353 3031 vitam
365 2982 541 3032 sustentem„
557 3007 584 3016 -
604 2982 706 3042 ommni]
718 2984 748 3031 ut
785 2981 835 3028 tur.
855 2979 897 3028 Sic
915 2980 958 3038 tu,
977 2978 999 3028 si
1013 2979 1091 3028 tacite
1104 2980 1189 3041 petes,
1209 2979 1310 3028 maiora

220 3055 405 3106 mendicus·
414 3055 525 3105 Suceinit
534 3056 606 3120 ultor]
617 3056 746 3120 Exprimit
783 3054 853 3104 dona
871 3054 956 3113 iares,
975 3054 1090 3116 quamsi
1104 3055 1217 3117 patrono
1229 3066 1310 3104 aures

220 3130 406 3180 mendicorum
418 3129 451 3180 ad
464 3129 572 3195 templa,
584 3131 668 3192 trivia,
682 3143 748 3195 pon-
784 3127 918 3178 obtundas
930 3126 995 3178 aiios
1007 3127 1053 3177 tihi
1066 3129 1257 3191 competitores
1266 3141 1310 3178 ex·

219 3207 261 3255 tes
278 3207 748 3270 congregatorumperpetuamcan-
784 3204 895 3253 citans.»
910 3229 938 3239 -
956 3203 1120 3252 Brundisium
1137 3203 1200 3264 eat]
1230 3204 1311 3252 «Sunt

221 3278 342 3340 menam,
370 3293 438 3343 qua.
465 3282 494 3329 ut
511 3281 613 3344 primus
631 3281 745 3344 quisque
783 3277 850 3329 aliae
876 3291 985 3342 quoque
1011 3281 1082 3329 artes
1104 3290 1248 3342 perversae
1266 3289 1311 3327 oo-

220 3355 316 3418 stipem
334 3355 452 3418 aceepit,
470 3354 553 3404 ceteri
569 3353 620 3404 sibi
633 3355 746 3405 invicem
783 3367 859 3414 rum,
878 3354 967 3418 quiin
989 3353 1116 3418 principis
1133 3350 1244 3402 alicuius
1260 3352 1310 3400 viri

220 3430 361 3480 succinunt
387 3429 513 3492 (Sciron),
547 3428 574 3479 id
600 3431 655 3491 est,
684 3443 745 3481 sese
784 3429 894 3480 cohorte
912 3431 1069 3480 versantur:
1092 3427 1172 3478 modo
1190 3435 1310 3491 querun-

220 3502 292 3554 idem
319 3501 459 3553 clamando
488 3503 631 3568 excipiunt.
658 3532 684 3540 -
715 3505 746 3554 m
784 3507 827 3555 tur
852 3504 886 3555 de
912 3505 1014 3554 itineris
1037 3503 1213 3554 incommodis
1235 3501 1308 3565 ipsis,

219 3577 360 3641 midioen]
387 3578 464 3628 uiiihi
481 3591 589 3652 quoque
610 3579 686 3643 panis
703 3577 746 3628 vel
784 3592 837 3643 quo
871 3580 942 3630 douo
968 3577 1056 3642 utiquo
1082 3581 1308 3641 compensentur3

221 3651 359 3717 piscentes
376 3652 490 3704 irustum
501 3653 575 3714 dato,
595 3654 630 3704 its
644 3659 745 3705 utmu-
784 3654 864 3705 modo
882 3668 912 3706 se
931 3667 946 3704 a
963 3653 1066 3704 iuribus
1080 3651 1237 3716 compilatos
1249 3663 1309 3702 esse

220 3740 283 3787 nus.
302 3727 374 3790 quod
387 3727 454 3777 aiter
465 3730 550 3778 totum
565 3729 669 3778 auterre
682 3727 744 3790 volt,
784 3730 962 3788 mentiuntur;
982 3728 1031 3779 sed
1049 3740 1142 3778 omnes
1160 3727 1226 3776 istae
1239 3727 1310 3776 ustu—

220 3800 378 3852 dividatur.»
402 3829 429 3838 -
448 3802 557 3866 dwtduo]
583 3815 624 3866 pr.
653 3804 745 3865 «quod
783 3804 835 3854 tiae
851 3815 948 3868 purum
966 3815 1014 3854 eos
1031 3803 1135 3861 iuvant,
1154 3800 1216 3863 quia
1233 3797 1310 3848 dolo-

219 3877 300 3928 dividi
316 3878 434 3942 potest‚u
460 3879 537 3927 tum:
566 3877 657 3941 squod
675 3891 745 3929 nuuc
783 3891 842 3928 rum
868 3879 1083 3929 meretriciomm
1109 3875 1187 3925 nimis
1209 3872 1309 3924 similes

218 3953 307 4016 ipsum
325 3951 476 4002 dividitur.»
494 3952 599 4001 Terent.
613 3951 744 4014 Adia,
783 3954 870 4002 sunt.»
897 3953 936 4002 De
948 3950 1088 4002 Brundisio
1100 3948 1154 3999 vid.
1167 3949 1220 3997 Sat.
1236 3948 1306 4009 i‚5‚

218 4027 264 4077 ³2:
278 4027 362 4076 Potius
372 4039 451 4088 quom
460 4026 548 4075 oenias
558 4025 744 4088 superacutum,
784 4025 840 4076 iiii.
857 4053 884 4064 —
903 4025 1062 4088 summram
1084 4023 1244 4087 Campaniae
1262 4035 1309 4088 op·

218 4101 328 4162 surmio,
354 4102 475 4151 &mesos
497 4113 532 4149 au
546 4101 640 4162 perdor
656 4104 744 4162 totino,
783 4100 875 4164 pidum
894 4101 928 4163 (h.
942 4100 1085 4162 ὃοννωιιο),
1104 4097 1138 4148 ad
1155 4101 1309 4162 promonto·

218 4175 348 4226 domuum
362 4176 427 4237 sues.
444 4201 465 4212 -
483 4175 599 4238 findetur]
619 4176 745 4226 Futurum
783 4177 852 4224 rium
864 4175 998 4226 Minervae
1013 4175 1102 4224 situm.
1122 4169 1198 4224 Silius
1207 4173 1232 4233 d,
1242 4171 1305 4223 iud:

218 4250 335 4302 mendici
361 4249 555 4315 impudentiam
580 4247 676 4301 meiius
698 4263 745 4300 ex·
781 4250 893 4313 Zephyro
925 4249 1075 4300 Surrentum
1101 4247 1175 4298 molto
1201 4247 1305 4297 soiutri.

218 4324 310 4388 primit
332 4337 414 4389 quom
434 4322 546 4376 aliorum
562 4326 688 4388 findatur,
717 4327 746 4374 ut
782 4324 879 4376 Statius
897 4321 957 4374 Siiv.
971 4324 999 4384 Ξ,
1012 4323 1042 4385 2,
1056 4323 1084 4372 i:
1102 4327 1174 4374 notos
1189 4322 1307 4372 Sirenum
