3174 4974
266 413 329 480 592
627 413 755 464 Hostili
773 413 992 471 Erisroiiituii

309 573 386 637 Post
407 571 548 657 ingentia
570 568 651 634 iacta
673 567 809 634 deorum
832 569 865 632 in
887 567 1004 655 templa
1025 567 1163 655 recepti,

310 693 392 756 Dum
415 700 517 757 terras
541 688 772 775 hominumque
794 688 903 755 colunt
925 709 1044 776 genus,
1068 709 1184 776 aspera
1207 688 1290 756 bella

310 813 526 898 Componunt,
551 830 646 897 agros
669 809 844 895 assignant,
869 808 989 896 oppida
1010 808 1169 885 condunt,
1244 801 1255 814 ‘

308 931 480 998 Ploravere
504 931 572 997 suis
593 950 658 996 non
680 928 880 1016 respondere
905 929 1048 995 favorem

310 1055 481 1140 Speratum
503 1051 633 1118 meritis.
678 1051 786 1118 Dirum
812 1050 867 1138 qui
890 1049 1035 1117 contudit
1056 1049 1194 1140 hydram
1316 1053 1356 1117 to

332 1223 356 1274 6.
374 1223 430 1286 sato
447 1220 580 1272 Bentleius
596 1220 665 1269 coni.
685 1231 771 1283 nuper
788 1219 814 1268 in
832 1218 958 1270 Schmidii
976 1218 1041 1268 Cod.
1060 1218 1180 1269 secundo
1199 1219 1324 1282 (Guelfer-

301 1297 408 1360 bytano)
426 1297 542 1359 reperta.
557 1321 584 1330 —
603 1294 694 1342 revecti
710 1306 779 1343 unus
797 1293 874 1342 Fene.
895 1292 952 1356 (Vp.
965 1292 1006 1355 D.)
1022 1317 1049 1328 -
1069 1293 1093 1341 i.
1113 1293 1175 1342 Com
1192 1293 1235 1343 cd.
1251 1321 1278 1329 —
1297 1293 1322 1343 8.

302 1369 367 1420 Male
386 1371 411 1420 in
424 1369 471 1420 Ed.
484 1365 638 1418 Bentleiana
649 1365 954 1430 aliisquedistinguitur:
972 1367 1041 1416 Dum
1052 1391 1067 1403 ·
1077 1391 1093 1401 ·
1104 1392 1118 1402 ·
1128 1367 1250 1424 cordum
1267 1367 1324 1416 Plo-

301 1457 391 1494 rooere
408 1446 459 1494 cet.
481 1471 508 1478 —
527 1445 578 1492 Pro
595 1443 704 1492 σοπουιιι
720 1441 829 1505 Cruquii
847 1439 913 1490 Cod.
931 1441 1045 1490 Tonsan.
1063 1442 1179 1504 timaei,
1204 1439 1230 1489 id
1252 1441 1324 1503 quod

300 1520 458 1580 recepturus
476 1517 534 1566 erat
551 1514 774 1578 Cuniughamius,
792 1514 841 1566 sed
858 1512 998 1564 infeliciter
1014 1526 1113 1579 operae
1129 1514 1249 1577 seminat.

269 1669 354 1731 ipsam
372 1666 473 1729 pergit,
500 1663 550 1713 bas
567 1662 712 1712 sententias
730 1674 794 1726 pro·
831 1675 891 1712 nem
906 1663 933 1711 in
950 1662 1042 1724 ampla
1057 1663 1157 1726 recepti]
1175 1663 1225 1712 «ab
1242 1663 1357 1712 bomini-

269 1753 385 1806 ponens:
414 1741 530 1788 «lleroes
554 1735 589 1787 illi
607 1737 706 1799 antiqui
723 1735 793 1786 bene
832 1736 920 1796 bus,»
938 1735 1129 1799 significatione
1146 1749 1172 1786 v.
1185 1737 1278 1798 ιιιπρλσ
1294 1749 1358 1800 pro·

269 1817 303 1866 de
316 1829 415 1880 genere
427 1815 544 1864 humano
554 1813 641 1863 meriti
652 1815 713 1877 post
724 1825 794 1863 mor·
833 1811 903 1874 pria,
930 1823 997 1860 non:
1030 1811 1078 1860 ein
1103 1809 1238 1871 caelum»
1262 1813 1291 1860 nt
1317 1813 1359 1860 est

269 1893 324 1940 tem
343 1890 453 1940 demum
471 1888 505 1937 ab
524 1887 690 1948 hominibus,
717 1888 794 1936 antea
833 1884 904 1948 apud
922 1884 1035 1934 Ennium
1061 1884 1153 1946 (Varro
1171 1884 1198 1932 L.
1219 1886 1246 1934 L.
1264 1884 1290 1944 7,
1308 1883 1355 1944 ⁶·l2

270 1964 379 2024 invidis,
399 1964 475 2014 iustis
492 1961 640 2012 honoribus
660 1961 748 2011 allecti
763 1972 795 2009 ac
835 1960 902 2008 Unus
917 1959 977 2020 erit,
996 1971 1068 2020 quem
1084 1963 1113 2008 to
1129 1959 1197 2010 tolles
1212 1959 1239 2007 ιἰι
1255 1951 1359 2008 caerulo
1378 1951 1384 1968 '

269 2051 318 2102 pro
336 2037 377 2087 dis
394 2035 456 2086 culti
474 2038 548 2086 sunt:
573 2035 718 2098 sapientius
735 2035 796 2097 qui·
833 2033 896 2082 caeli
914 2033 1022 2094 Templo.

271 2113 333 2162 dem
342 2114 379 2171 te,
391 2109 489 2159 invidia
501 2110 640 2169 maiorem,
653 2110 794 2167 iamneae,
866 2107 922 2156 7-9.
949 2109 1018 2158 Dum
1027 2134 1043 2144 -
1052 2131 1064 2143 -
1076 2108 1199 2168 σοπιλιιπλ,
1217 2105 1358 2170 Ρλσσσυππ]

271 2188 301 2235 ut
318 2185 445 2242 mereris,
463 2183 607 2232 veneratur
623 2180 736 2246 populus
748 2183 797 2230 lio-
834 2181 877 2230 Sic
894 2181 1057 2243 iungendum
1075 2183 1130 2240 est,
1151 2193 1204 2230 non
1222 2193 1284 2230 com
1302 2177 1359 2230 aliis

271 2271 381 2315 manum
401 2257 449 2307 sed
468 2255 539 2304 idem
551 2257 577 2304 in
588 2258 729 2318 poetarum
741 2267 798 2304 me·
834 2252 913 2317 plene
936 2252 1151 2318 distinguendum
1174 2257 1236 2318 post
1252 2268 1277 2304 v.
1296 2267 1358 2303 σοιι-

271 2333 326 2382 ritis
344 2343 408 2380 vere
425 2329 596 2378 aestimandis
617 2331 705 2378 minus
722 2330 796 2377 recto
835 2329 903 2377 ύιιυι.
931 2329 988 2378 lloc
1005 2329 1077 2377 enim
1089 2327 1168 2378 dicit:
1189 2330 1277 2378 «Dum
1288 2326 1359 2378 bene

272 2405 368 2455 iudicio
380 2404 418 2452 uti
430 2403 594 2451 consuevit.»
618 2401 656 2451 Cl.
670 2400 718 2450 Od.
732 2401 757 2460 3,
770 2399 795 2460 3,
835 2403 973 2452 merentur
990 2401 1024 2451 de
1041 2400 1207 2461 hominibus,
1225 2413 1305 2464 aegre
1319 2403 1361 2452 tu-

272 2480 360 2541 tisqq.
388 2477 453 2527 Mira
478 2476 535 2524 arte
553 2473 684 2524 vocabulo
703 2474 797 2524 eaeor
835 2474 890 2525 lere
916 2467 1052 2540 stiepeque
1075 2477 1215 2539 conquesti
1241 2479 1303 2526 sunt
1325 2476 1359 2526 de

272 2551 407 2613 subiungit
418 2563 443 2599 v.
456 2549 587 2606 lietardum
602 2561 663 2598 nam
676 2548 797 2597 Octavia·
835 2551 936 2612 ingrato
953 2549 1058 2600 illorum
1075 2551 1179 2600 animo»
1192 2552 1244 2599 eei.
1259 2577 1287 2586 -
1304 2551 1361 2600 Ter-

272 2639 322 2676 nus
339 2624 407 2674 alter
423 2623 541 2674 Rornrtlos
559 2621 618 2682 luit,
643 2623 673 2670 ut
689 2624 798 2671 senato-
835 2637 880 2673 roa
896 2625 976 2674 οοὶιτσ
992 2627 1034 2674 est
1052 2625 1190 2687 ‹regiones
1204 2623 1308 2674 steriles
1319 2625 1361 2673 at-

271 2712 316 2750 res
334 2695 450 2748 nonnulli
462 2709 525 2747 eum
537 2694 725 2760 appellandum
736 2708 799 2745 cen·
836 2712 889 2762 que
906 2711 1016 2762 asperas
1034 2696 1134 2748 fertiles
1150 2697 1297 2758 reddere»,
1314 2698 1361 2748 λο-

272 2775 392 2826 suerent:
420 2769 566 2835 praevaluit
587 2771 677 2820 tamen
693 2769 798 2832 Διιςιιιιλ
835 2773 932 2822 minian
947 2785 1025 2834 ςεπιιι
1040 2773 1134 2832 colae,
1154 2771 1271 2821 «artibus
1283 2773 1310 2821 et
1323 2769 1361 2821 le-

272 2859 379 2898 nomen.
393 2847 501 2896 sueton.
513 2845 602 2894 octav.
613 2844 638 2893 7.
663 2844 711 2893 Dio
720 2846 795 2895 Cass.
836 2847 913 2911 gibus
925 2845 1051 2896 mortales
1062 2845 1180 2910 expolire
1190 2864 1216 2908 ,ι
1234 2859 1311 2910 curos
1320 2859 1362 2896 ιιι·

272 2921 319 2978 53,
339 2921 383 2969 to:
407 2913 436 2968 Ὁ
454 2918 567 2988 Καῖσαρ
590 2913 727 2981 ἐπεθύμει
743 2915 798 2982 μὲν
835 2923 937 2985 signore
960 2921 1113 2971 hominibus
1130 2916 1265 2985 νομάδων
1282 2914 1360 2984 ἅμα·

274 2991 400 3061 ἰσχυρῶς
412 2987 558 3056 Ῥωμύλος
575 2985 796 3056 ὀνομασθῆναι·
836 2993 943 3060 ξοβιων
960 2995 1041 3044 vitam
1057 2997 1117 3044 ante
1129 2994 1278 3057 agentibus,
1297 3007 1360 3044 «eos

273 3066 452 3132 αἰσθόμενος
464 3064 495 3116 tl
507 3061 552 3116 ὅτι
563 3059 754 3116 ὑποπτεύεται
765 3064 798 3116 εἰι
835 3082 919 3119 unum
936 3069 962 3117 in
980 3066 1068 3118 locum
1086 3081 1261 3131 congregare,
1280 3068 1361 3118 certis

273 3139 378 3194 τούτου
402 3138 454 3205 τῆς
470 3138 619 3202 βασιλείας
636 3139 796 3205 ἐπιθυμεῖν,
836 3142 947 3194 sedibus
964 3141 1059 3193 datis·
1078 3142 1117 3192 ci.
1130 3140 1259 3192 illustrem
1271 3140 1360 3192 locum

275 3211 367 3267 οὐκέτ’
379 3209 469 3264 αὐτοῦ
482 3209 709 3278 ἀντεποιήσατο,
724 3209 798 3265 ἀλλὰ
837 3219 891 3268 Cic.
905 3216 940 3266 de
956 3218 1058 3266 invent.
1077 3217 1105 3276 l,
1123 3215 1148 3265 i.
1175 3213 1254 3265 Solita
1270 3218 1361 3266 autem

274 3285 455 3356 Αὔγουστος,
481 3283 521 3350 ὥς
545 3288 594 3336 κοιλ
620 3285 718 3338 πλεῖόν
734 3281 799 3353 τιῆ
836 3293 863 3342 in
883 3291 934 3340 bac
957 3303 986 3340 re
1009 3288 1122 3340 formula
1139 3301 1215 3354 σςνοι
1231 3290 1363 3353 &qnare

178 3409 184 3420 .
274 3361 349 3416 κατὰ
371 3357 543 3432 ἀνθρώπους
560 3355 616 3422 ὤν,
641 3358 797 3429 ἐπεκλήθη.
836 3377 901 3416 usus
918 3365 982 3416 satis
999 3365 1129 3426 significat
1145 3364 1172 3414 id
1191 3363 1226 3414 sb
1243 3367 1361 3427 Augusto

276 3467 304 3476 -
323 3440 378 3487 Ροιι
399 3437 510 3500 ιπσοπιλιι
530 3436 601 3498 sacto
623 3437 685 3498 cet]
718 3440 799 3488 «Post
837 3451 944 3504 quoque
967 3441 1110 3489 veteranos
1133 3439 1307 3489 Caesarianos
1330 3451 1362 3488 ac

274 3525 319 3563 res
336 3501 653 3574 grossumrubrum
671 3509 752 3574 gloria
772 3513 799 3562 in
836 3527 900 3564 suos
908 3513 1096 3564 remunerante
1104 3512 1293 3576 proprioverbi
1301 3525 1362 3564 sen·

275 3588 436 3650 perpetuum
447 3583 636 3634 memorabiles
648 3585 799 3636 iudeorum
836 3599 869 3637 su
887 3587 986 3637 iactum
1002 3599 1075 3638 esee.
1090 3611 1117 3623 ·-
1136 3584 1254 3648 οοπσιιπι]
1272 3587 1361 3636 Lectio

275 3672 418 3710 numerum
430 3657 531 3708 relati.»
546 3657 655 3708 Bentleii
665 3659 800 3721 conisoto
835 3661 940 3723 βιπισπτ
960 3673 992 3710 er
1014 3661 1044 3710 iis
1067 3662 1122 3720 est,
1149 3673 1218 3724 quae
1235 3673 1289 3710 non
1306 3661 1362 3709 tam

275 3733 397 3783 firmatur
413 3743 485 3783 nunc
495 3731 529 3782 ab
542 3744 595 3782 uno
608 3730 735 3782 Scbmidii
748 3732 800 3781 Co-
838 3732 1031 3798 interpolationi
1062 3733 1182 3784 consulto
1210 3734 1360 3798 quaesitae,

276 3807 349 3867 (lice,
376 3805 425 3858 sed
451 3819 539 3869 neque
562 3808 653 3870 aptum
672 3809 713 3856 est
729 3806 800 3870 apud
838 3819 920 3870 quam
945 3821 1037 3858 merae
1057 3802 1188 3876 ἀβλοψιᾳ
1203 3807 1247 3859 vel
1264 3807 1362 3860 levitati

276 3883 414 3934 lloratium
432 3881 544 3944 soterum
563 3879 695 3930 ἐπίθετον
712 3881 800 3944 buer-
838 3881 979 3932 debentur.

275 3957 326 4014 tiu,
345 3968 396 4005 nec
407 3955 502 4004 Bacchi
515 3955 675 4018 praesertim
685 3957 800 4006 mortem
871 3954 958 4005 iti-tl.
977 3957 1021 4017 qut
1036 3959 1147 4007 οοιιιιισιι
1162 3957 1278 4021 bum]
1297 3957 1362 4006 iler-

277 4041 429 4079 memorare
446 4031 551 4092 poterat
566 4030 654 4092 poeta.
679 4026 798 4079 (iiiior.
838 4027 912 4079 cules
928 4025 968 4095 τῷ
980 4023 1098 4100 ῥοπάλῳ
1108 4027 1161 4094 τὰς
1171 4023 1362 4093 κεφαλύςσύ-

278 4101 306 4162 i,
327 4103 370 4163 li,
392 4103 438 4153 ot:
466 4103 501 4151 Ob
517 4103 577 4154 boec
594 4107 630 4153 tol
650 4101 738 4166 facto
754 4103 801 4152 ι’π·
838 4097 1019 4168 τῆςέιιοψεν.
1037 4104 1280 4170 Apollod.2,b,i.
1300 4106 1362 4154 Pro·

278 4176 381 4239 aeratis
406 4177 514 4227 ύισλσισσ
535 4183 671 4240 aarum
686 4182 709 4226 ιι
725 4183 802 4240 puer
838 4178 895 4242 prie
907 4179 1237 4244 igiturcostoditdixilpro
1246 4178 1359 4241 υπυπιίλ.

277 4250 379 4312 patrm
403 4251 482 4300 diener
503 4251 673 4313 (Augustus).
695 4277 722 4288 -
741 4252 800 4300 ‹leo-
838 4249 939 4302 cion.
957 4251 985 4313 i,
1004 4253 1033 4314 i,
1052 4254 1080 4303 et
1101 4266 1143 4316 eq.
1164 4279 1192 4290 ·-
1209 4252 1360 4314 [σιτλι-λσ-
