3174 4974
285 441 348 506 566
649 439 777 490 llOlithl
798 437 1017 506 EPlsrotlttult

330 595 478 664 Oderunt
500 594 634 660 hilarem
658 593 764 660 tristes
787 593 976 680 tristemque
1006 592 1121 668 iocosi,

325 716 484 801 ‚Sedatnm
506 717 645 792 celeres,
670 715 786 802 agilem
808 734 992 801 navumque
1016 713 1159 792 remissi;
1338 715 1380 777 90

332 839 477 926 [Potores
500 836 601 904 bibuli
626 836 732 903 media
754 836 796 903 de
818 845 912 902 nocte
936 833 1073 922 Falerni]

331 959 478 1026 Oderunt
499 968 649 1045 porrecta
670 967 841 1044 negantem
863 954 995 1044 poeula,
1018 956 1167 1044 quamvis

354 1128 394 1177 90.
408 1139 550 1188 nummatus
560 1125 646 1187 bSEc,
665 1127 699 1176 L:
721 1139 880 1189 quocumque
891 1125 918 1186 d,
938 1125 978 1185 ct,
998 1125 1141 1182 Bentleius.
1155 1126 1222 1176 ths.
1241 1125 1300 1175 vid.
1313 1127 1347 1176 ad

323 1201 387 1264 Epp.
403 1202 425 1261 4,
440 1202 464 1262 6,
477 1202 518 1250 20.
540 1225 566 1236 -
587 1201 628 1252 94.
649 1201 724 1250 llunc
741 1213 849 1250 versum
866 1213 920 1252 om.
940 1198 988 1260 Eh,
1008 1213 1048 1263 pr.
1062 1199 1088 1260 d,
1101 1198 1164 1262 diat.
1184 1213 1278 1252 omnes
1290 1203 1349 1252 Pot-

322 1275 390 1324 tierii
408 1275 530 1338 (quorum
548 1271 654 1323 duobus
672 1287 687 1323 a
706 1274 823 1324 secunde
842 1285 923 1324 manu
941 1273 1091 1338 adscriptus
1109 1275 1168 1336 est),
1193 1272 1244 1324 alii.
1271 1303 1297 1310 -
1319 1276 1346 1324 P.

322 1351 573 1412 immansuetum
590 1349 724 1400 Bentleius
743 1351 839 1414 (liquidi
857 1361 918 1400 cum
935 1347 1009 1398 libris
1026 1347 1126 1412 aliquot
1142 1361 1185 1412 up.
1200 1349 1348 1399 Fabricium

292 1471 395 1533 cidas,·
424 1473 498 1535 patet
518 1459 606 1522 locum
624 1471 755 1521 contraria
775 1483 820 1520 ra·
857 1469 923 1532 silet)
937 1468 1384 1522 CommentatoradverhumOde·

292 1547 363 1595 tione
382 1545 571 1608 exponendum
589 1557 665 1604 esse,
685 1547 714 1593 ut
730 1543 820 1594 Tibul·
856 1551 916 1595 mat
927 1546 960 1608 (v.
974 1543 1025 1606 92.)
1038 1542 1144 1608 supplet
1156 1544 1308 1595 subiectum
1321 1559 1384 1610 «po-

292 1620 333 1670 lus
346 1622 369 1682 4,
384 1621 408 1680 s,
423 1620 467 1669 76:
487 1621 514 1668 in
531 1620 628 1681 liquido
644 1624 689 1668 not
710 1619 753 1667 tibi
770 1619 820 1667 lin·
857 1618 976 1670 talenti.»
1002 1619 1087 1668 Etiam
1102 1619 1127 1667 in
1140 1619 1230 1671 verbis
1242 1620 1307 1683 ipsis
1320 1632 1383 1670 uon-

293 1701 332 1745 ter
348 1707 432 1756 aquo,
458 1693 502 1744 ubi
521 1694 676 1757 designatur
693 1692 776 1744 facilis
794 1695 821 1742 et
858 1693 921 1744 nihil
947 1696 989 1744 est
1010 1692 1172 1744 offensionis.
1209 1695 1286 1754 «Quo
1311 1695 1383 1744 enim

292 1769 432 1833 expeditus
444 1781 548 1819 cursus
574 1771 611 1820 lta
628 1770 761 1827 iuvenem,
775 1767 821 1830 qui
858 1768 988 1829 releresp
1002 1767 1086 1830 inquit
1094 1767 1243 1829 bestiolas,
1258 1768 1337 1819 uillud
1348 1769 1384 1818 bi-

294 1844 402 1894 tandem
420 1842 506 1906 puella
524 1845 623 1906 potitus
641 1847 694 1903 est,
713 1840 822 1904 alloqui·
858 1841 929 1890 huti‘t
966 1843 1006 1892 Au
1022 1840 1057 1890 ad
1077 1844 1200 1903 potores?
1235 1844 1313 1906 ¹ttqui
1331 1845 1384 1894 hoc

294 1917 460 1968 turOvidius
478 1921 507 1968 A.
528 1923 557 1968 Α.
577 1921 601 1978 t,
621 1919 651 1967 9:
673 1918 760 1968 mediis
777 1922 822 1965 too
858 1917 992 1980 ineptum;
1020 1916 1132 1979 perinde
1160 1918 1231 1968 enim
1255 1921 1295 1968 est
1312 1929 1345 1966 ac
1362 1919 1384 1968 si

291 1992 369 2053 pinus
384 1993 411 2040 in
428 1993 502 2041 undis
517 1993 638 2055 Nooipot.
673 1991 753 2041 llecte
774 1991 822 2052 igi·
855 1997 956 2055 potores
968 1995 1084 2052 potantes
1100 1990 1208 2042 dixeris.
1237 1991 1324 2042 Auad
1337 1993 1385 2042 Fo-

296 2069 338 2116 tur
360 2067 520 2130 Porphyris:
549 2069 637 2117 «Cum
661 2077 822 2130 prosperum
858 2067 935 2126 letati,
954 2069 984 2114 ut
1000 2078 1064 2116 sane
1077 2079 1175 2116 vocum
1193 2067 1259 2116 ordo
1273 2069 1301 2117 et
1312 2080 1385 2117 com·

295 2155 405 2192 cursum
422 2143 553 2191 amicitiae
572 2143 674 2190 leues.»
859 2141 954 2204 positio
972 2142 1057 2203 po'etis
1075 2141 1169 2190 usitata
1187 2141 1307 2204 flagitati
1329 2143 1385 2192 lloc

327 2215 368 2266 89.
382 2216 422 2264 90.
444 2217 553 2266 Oderunt
564 2216 627 2276 cet]
646 2216 700 2266 lam
714 2226 823 2263 enume-
860 2229 924 2266 vero
942 2216 994 2264 iam
1007 2215 1135 2278 ineptius;
1154 2215 1249 2264 bibulos
1260 2216 1331 2266 enim
1343 2219 1386 2266 est

297 2293 337 2339 rat
354 2290 484 2349 rationes,
502 2292 614 2352 propter
632 2301 698 2350 quas
716 2286 822 2336 difficile
860 2289 1004 2352 quibibit,
1028 2301 1081 2338 non
1099 2290 1144 2351 qui
1161 2288 1288 2339 bibitura
1314 2291 1386 2340 Con-

296 2364 331 2413 sit
348 2374 410 2412 cum
427 2361 580 2426 potentibus
599 2363 634 2412 ita
651 2363 767 2422 versari,
794 2363 824 2410 ut
860 2365 938 2414 fictus
951 2365 1042 2413 autem
1053 2362 1159 2412 videtur
1173 2363 1214 2424 (ex
1226 2365 1291 2427 Epp.
1305 2365 1329 2424 4,
1343 2365 1383 2424 tt,

297 2435 398 2488 nullum
423 2437 485 2486 inde
511 2436 627 2486 taedium
655 2435 688 2485 ad
713 2449 761 2486 nos
779 2449 824 2485 re·
861 2439 905 2490 sl:
926 2440 1003 2500 Quum
1021 2436 1089 2500 (scis)
1108 2437 1217 2488 bibulum
1233 2439 1387 2500 liquiditas-

298 2511 407 2562 dundet.
435 2513 502 2560 Ante
521 2511 609 2560 omniu
627 2509 721 2560 indolis
739 2511 824 2560 diver·
861 2515 905 2564 dio
921 2515 951 2562 do
967 2513 1022 2562 luce
1037 2511 1160 2574 Folemi.)
1172 2523 1187 2560 a
1200 2513 1384 2574 grammatico,

298 2587 362 2636 sitas
379 2598 461 2649 saepe
479 2587 505 2634 in
522 2587 670 2645 causaest,
688 2588 717 2635 ut
729 2586 760 2636 lis
772 2585 825 2635 dis·
862 2589 907 2652 qui
925 2587 959 2637 ad
975 2601 1001 2638 v.
1020 2588 1131 2636 omnmo
1147 2585 1300 2638 subiectum
1317 2587 1388 2638 desi-

297 2659 454 2725 pliceamus.
475 2657 558 2710 Plaut.
570 2659 699 2723 Amphitr.
712 2659 739 2720 3,
750 2659 779 2721 3,
792 2658 822 2710 l:
862 2662 989 2722 donabat,
1017 2661 1140 2724 quamvis
1163 2675 1194 2710 ex
1217 2661 1309 2712 verbis
1322 2675 1387 2724 por-

298 2736 376 2797 Atque
399 2735 437 2784 ita
457 2748 554 2785 suumn
573 2735 739 2796 pervidetur·
755 2735 825 2797 [rapi
860 2744 930 2788 recto
941 2737 1056 2799 -poeulo
1072 2734 1147 2786 facile
1162 2735 1280 2799 suppleri
1302 2738 1388 2800 possit

298 2823 350 2859 sese
374 2811 516 2870 imtituere,
539 2810 645 2860 Proinde
668 2811 705 2859 eri
721 2816 749 2860 ut
766 2811 823 2870 siat,
863 2813 924 2875 «qui
941 2811 1097 2875 propinant»
1110 2810 1166 2860 sive
1180 2811 1317 2873 «potorem
1329 2811 1387 2862 sive

299 2885 350 2947 ipse
366 2884 424 2934 dart
440 2885 486 2941 sit‚·
502 2885 597 2933 oottom
614 2897 628 2933 e
643 2885 712 2932 voltu
725 2897 826 2946 corapo-
863 2885 1039 2951 «potulenti»,
1058 2883 1130 2947 quod
1154 2881 1286 2948 suppleuit
1305 2887 1388 2936 Com-

299 2963 354 3014 ret‚·
383 2958 467 3008 Tristis
491 2959 536 3018 sit,
563 2959 584 3006 ai
606 2959 644 3008 eri
666 2959 714 3007 siat
730 2959 825 3016 tristem
863 2965 944 3011 ment.
954 2959 1062 3022 Cruquii
1075 2961 1103 3008 et
1117 2957 1155 3009 Gl.
1166 2959 1195 3008 E.
1206 2959 1388 3022 lpsumetiam

299 3033 645 3094 alumnumalumnum.
665 3033 826 3082 Triauutem
862 3035 976 3085 verbum
1002 3035 1112 3083 Oderunt
1136 3033 1240 3084 nonnisi
1262 3035 1297 3084 ab
1315 3036 1388 3086 initio

301 3106 423 3158 diversae
442 3105 535 3156 indolis
554 3107 678 3170 proponit
689 3106 825 3171 exempla3
863 3109 1011 3160 sententiae
1028 3109 1171 3172 repetitum
1183 3109 1238 3158 uim
1250 3110 1387 3172 quandam

301 3181 386 3244 prima
399 3181 452 3231 duo
464 3195 507 3229 uu.
519 3181 559 3231 89.
571 3183 598 3230 et
610 3181 650 3230 90.
662 3180 732 3230 nude
745 3185 826 3244 atque
863 3187 977 3244 obtinet,
1005 3187 1065 3248 post
1089 3182 1130 3233 illa
1148 3182 1230 3233 verba
1246 3185 1347 3235 Poteras
1362 3185 1385 3234 b.

301 3252 464 3321 γνωμικῶς,
484 3257 561 3306 tertio
579 3269 621 3304 vv.
634 3268 711 3318 seqq.
731 3255 827 3306 adiun·
862 3277 896 3312 m.
910 3261 939 3310 de
955 3275 981 3308 a.
995 3259 1022 3308 F.
1036 3259 1153 3322 positum
1171 3258 1318 3308 admodum
1329 3259 1389 3309 lan-

302 3331 337 3392 gii
355 3330 507 3394 imaginem.
530 3356 557 3366 -
583 3330 682 3394 anilem]
700 3327 827 3400 ὄραστὴ-
863 3337 934 3400 guel.
973 3335 1064 3396 ltaque
1087 3334 1172 3382 toturn
1190 3331 1262 3383 illum
1280 3345 1389 3384 versum

301 3419 372 3475 ριον.
394 3433 421 3442 -
440 3403 544 3467 naraon]
567 3403 678 3455 «leutius
694 3419 726 3455 ao
744 3405 827 3469 negli-
864 3415 893 3462 ut
920 3407 997 3458 valde
1034 3409 1191 3470 suspectum
1218 3405 1387 3458 seclusimus.

302 3479 406 3543 gentius
430 3480 456 3528 in
481 3477 606 3528 omnibus
627 3479 708 3532 rebus
726 3483 827 3532 versari
864 3485 979 3537 Pottierii
996 3494 1061 3532 vero
1079 3481 1174 3539 lectio,
1198 3494 1248 3544 per
1265 3495 1294 3532 se
1312 3495 1389 3532 com-

303 3552 398 3620 solilb·
864 3560 1037 3617 modissima,
1065 3558 1127 3607 urbs
1153 3557 1261 3607 criticae
1287 3555 1391 3620 legibus

335 3627 423 3678 stt-ss.
447 3629 546 3678 Peiores
563 3628 625 3692 oet]
644 3630 691 3678 llic
709 3631 828 3678 versicu-
865 3633 1001 3685 adversari
1011 3633 1128 3688 videtum
1142 3633 1232 3695 spuria
1241 3632 1315 3682 cuim
1326 3643 1389 3681 oum

302 3703 343 3756 lus
369 3719 431 3756 cum
453 3707 478 3756 in
500 3707 691 3770 antiquissimis
715 3706 828 3769 quibus·
865 3708 986 3772 genuinis
996 3707 1076 3756 mixta
1086 3707 1156 3766 sunt,
1167 3719 1262 3756 versus
1274 3707 1391 3768 interpo-

303 3795 356 3844 que
374 3781 518 3832 Codicihus
534 3781 603 3832 desit
620 3783 661 3844 (cl.
676 3781 789 3833 llauthal
801 3783 827 3832 iu
865 3785 909 3835 lati
922 3786 949 3832 et
961 3782 994 3831 ah
1007 3781 1197 3844 antiquissimis
1209 3779 1284 3830 libris
1297 3781 1391 3829 reiecti

304 3858 423 3907 Excursu
440 3871 483 3920 ap.
497 3855 643 3906 Obbarium
661 3870 686 3920 p.
700 3855 748 3906 444
766 3857 826 3918 sq),
866 3859 951 3924 pn'mo
968 3855 1099 3906 vocabulo
1122 3859 1243 3915 servato.
1270 3854 1392 3918 germani

303 3932 436 3984 Bentleius
448 3933 505 3982 iure
519 3934 635 3992 veretur,
650 3945 699 3980 urie
710 3933 829 3995 interpo-
866 3935 956 3984 autem
973 3944 1068 3981 versus
1085 3928 1185 3989 verbo,
1206 3929 1278 3993 quod
1296 3940 1392 3978 omnes

302 4005 392 4058 latoris
405 4005 554 4058 liberalitati
569 4006 725 4056 debeatur.»
744 4007 829 4056 Scho-
866 4007 926 4058 libri
936 4003 1135 4055 etScholiastee
1144 4007 1244 4062 tenent,
1255 4001 1353 4052 deleto.
1364 4029 1389 4038 -

303 4080 394 4132 lissiae
417 4095 525 4145 quoque
549 4095 581 4132 eo
599 4082 717 4130 caruisse
735 4081 829 4132 viden·
866 4082 941 4130 bibuli
959 4080 1021 4142 cet]
1040 4079 1086 4128 Vel
1105 4081 1215 4144 propter
1231 4077 1296 4141 Epp.
1311 4078 1335 4137 4,
1350 4075 1390 4136 tt,

303 4161 353 4206 tur.
382 4159 448 4206 Nam
467 4171 554 4220 neque
574 4160 640 4206 hero
662 4169 749 4219 neque
767 4158 830 4206 Pou-
867 4157 907 4208 tt.
929 4157 995 4206 haec
1013 4153 1095 4204 verbu
1113 4153 1147 4202 ah
1166 4155 1209 4212 lis,
1228 4150 1326 4214 quibus
1341 4151 1392 4200 tlo-

304 4229 399 4293 phyrio
417 4230 564 4293 quidquam
579 4232 613 4282 ad
626 4245 689 4282 euni
702 4231 830 4282 adnotant
867 4231 968 4280 rotiana
986 4229 1124 4288 videntur,
1152 4224 1307 4290 explicanda
1329 4227 1393 4274 suat

304 4307 330 4354 et
347 4306 455 4367 Cruquii
479 4305 537 4368 (qul
558 4307 591 4357 de
610 4308 665 4357 suis
685 4305 829 4358 codicibus
868 4306 957 4356 invidi
970 4305 1021 4356 vini
1035 4301 1153 4354 Falerni»
1172 4302 1273 4365 potius.
1292 4310 1392 4362 ‘lum‘
