3090 4974
618 450 677 500 Llli.
695 450 726 500 ll.
762 449 860 502 EPlSl'.
879 453 910 502 ll.

156 593 160 598 ⁵
265 605 423 674 Omnibus
445 605 575 685 officiis;
598 605 696 673 cubat
715 606 768 674 bic
790 608 822 672 in
845 608 927 678 colle
948 610 1087 690 Quirini,

265 729 325 795 llic
346 738 490 796 extremo
513 729 545 793 in
567 729 738 807 Aventino,
762 729 916 798 visendus
937 740 1089 820 uterque

264 849 433 916 lutervalla
454 848 547 917 vides
570 849 709 917 humane
731 853 910 921 commoda.
933 856 1115 922 —Verum
1269 857 1309 920 70

263 974 368 1039 Purae
390 982 464 1038 sunt
485 972 626 1060 plateae,
650 972 727 1038 nihil
748 982 784 1040 ut
804 973 1033 1042 meditantibus
1055 974 1170 1044 obstet.
1193 1015 1235 1027 -

263 1095 406 1160 Festinat
427 1093 552 1161 calidus
573 1092 669 1161 mulis
691 1095 878 1184 gerulisque
901 1096 1102 1184 redemptor,

263 1217 406 1302 Torquet
426 1236 512 1282 nuuc
533 1214 687 1302 lapidem,
712 1237 798 1284 nunc
820 1218 932 1306 ingens
955 1218 1102 1288 machina
1127 1219 1265 1308 tignum,

263 1337 377 1404 Tristia
398 1335 538 1405 robustis
561 1337 720 1406 luctantur
741 1339 852 1407 lurnera
875 1339 1042 1428 plaustriS,

287 1573 327 1624 68.
348 1574 453 1636 Quirino
469 1575 500 1624 N.
519 1575 651 1626 Heinsius.
672 1602 699 1612 -
718 1575 759 1625 70.
777 1588 863 1626 rerttm
880 1589 913 1626 ex
929 1575 1020 1628 Blaud.
1038 1591 1092 1631 uno
1109 1579 1137 1629 et
1153 1578 1274 1630 Tonsano

253 1649 282 1699 C.
302 1649 342 1712 (Ut
358 1663 420 1712 nos,
439 1649 529 1714 bScd.)
551 1678 578 1688 -
596 1651 636 1701 il.
654 1649 745 1715 Purue]
761 1651 847 1702 Plures
863 1651 882 1702 E
900 1654 928 1702 et
944 1652 1071 1704 Schmidii
1087 1655 1206 1717 quartus.

218 1853 328 1905 Ραῠίίαα.
343 1883 371 1891 -
389 1854 509 1917 tuumne]
525 1868 637 1919 prorsus
647 1858 677 1906 ut
686 1852 744 1905 εἀν
781 1854 901 1905 dentium
919 1855 1080 1918 (symmach.
1099 1856 1198 1920 ⁴892),
1220 1858 1306 1910 Pauli-

219 1926 302 1992 εικῶς
314 1933 340 1979 et
356 1930 491 1999 μετρίως,
514 1942 563 1994 pro
582 1931 676 1990 «satis,
695 1929 743 1980 ad·
781 1941 845 1979 num
854 1927 993 1979 Nolanum.
1005 1957 1033 1966 -
1046 1931 1156 1980 Festinat
1165 1933 1227 1995 cat]
1240 1935 1307 1984 «lm-

219 2005 343 2064 modum,
361 2003 465 2069 planen
483 2004 547 2055 Plat.
567 2007 670 2068 Protag.
683 2003 741 2055 3l9.
781 2016 826 2054 mo
842 2006 931 2054 omnia
949 2004 985 2054 ibi
1002 2003 1131 2056 tumultus
1142 2005 1247 2070 plana-
1265 2009 1305 2058 Si-

218 2080 253 2128 D:
281 2076 412 2142 ἑπιεικῶς
440 2075 627 2150 παραπλήσια
653 2071 743 2144 sillit-
781 2077 878 2128 militer
903 2077 1045 2129 tumultum
1071 2079 1096 2129 in
1119 2079 1213 2144 plateis
1230 2081 1306 2132 urbis

218 2151 280 2216 λοις
296 2152 384 2205 ἐστίν.
412 2155 489 2217 Gorg.
512 2153 568 2204 tea.
594 2153 628 2203 C:
663 2147 742 2203 ταῦτ’
780 2153 908 2204 describit
926 2153 1055 2206 luvenalis
1067 2155 1090 2216 3,
1104 2155 1170 2207 alt:
1188 2157 1257 2207 Ferit
1267 2159 1306 2208 bic

217 2227 348 2291 ἐπιεικῶς
363 2230 418 2293 μέν
434 2227 512 2279 ἐστιν
530 2220 740 2279 decredimus.
779 2229 875 2290 wuito,
893 2229 951 2292 {erit
963 2243 1046 2280 msere
1056 2229 1120 2280 duro
1130 2230 1211 2290 Altam
1229 2237 1256 2281 at
1266 2233 1306 2282 bic

219 2301 291 2354 Polit.
303 2303 361 2354 aut.
372 2307 406 2354 A:
425 2299 513 2354 τοῦτο
529 2305 651 2374 μετρίως
668 2297 743 2366 dept-
779 2305 876 2368 lippum
892 2305 969 2368 copiti
985 2306 1086 2366 inmttt,
1108 2305 1149 2368 illo
1164 2312 1303 2358 metretum.

217 2393 322 2444 στηκεν
339 2373 387 2428 ἀπ’
400 2377 524 2430 ἐκείνων.
545 2382 632 2444 Atque
645 2379 742 2430 eodem
778 2379 886 2443 Pinguia
907 2379 1054 2428 moraturo
1071 2381 1123 2430 cet.
1149 2380 1258 2432 Martial.
1278 2383 1302 2444 c,

217 2451 295 2518 plone
319 2467 402 2504 sensu
418 2455 481 2504 κατ’
499 2455 645 2523 εἰρωνείαν
661 2455 743 2504 utitur
779 2455 820 2515 22,
834 2455 864 2504 7:
885 2455 981 2516 Vixque
992 2455 1168 2518 daturlonpat
1178 2455 1305 2508 mulonem

216 2527 300 2578 verbo
316 2528 584 2580 commodusLucilius
600 2531 626 2580 in
638 2529 742 2580 ltineris
777 2542 895 2591 rumpere
920 2531 1059 2590 mandras,
1095 2531 1212 2592 οααερνε
1237 2531 1304 2582 trabi

217 2601 342 2666 reliquiis.
372 2601 438 2653 Vide
462 2603 497 2653 ad
518 2604 570 2653 Sat.
591 2605 621 2662 l,
639 2605 663 2653 5.
690 2600 742 2653 Ex·
778 2604 856 2653 multo
872 2615 1004 2652 morerere
1019 2603 1080 2665 litae
1095 2605 1169 2653 uidet.
1192 2632 1219 2640 -
1239 2606 1305 2655 cutt-

217 2689 286 2727 curs.
300 2690 326 2740 p.
337 2676 392 2727 toi.
412 2678 454 2728 Sic
467 2679 548 2728 etiarn
559 2689 609 2728 nos
620 2677 741 2738 bttbsett,
779 2676 833 2740 dm]
853 2676 955 2728 «studio
972 2675 1130 2727 aedificandi
1141 2678 1265 2730 incensus
1277 2683 1305 2730 et

215 2751 292 2814 sein,
325 2753 488 2802 charmes!
522 2753 618 2802 eadem
644 2752 740 2812 ironia,
779 2749 856 2801 valde
874 2755 1033 2815 occupatus,
1059 2753 1095 2800 ita
1113 2752 1304 2802 utoccurren-

216 2839 296 2888 quam
314 2825 398 2889 probe
416 2827 552 2891 perspexit
568 2824 717 2890 Gergallus:
728 2851 742 2862 ·
779 2825 845 2875 tium
862 2824 960 2875 nullam
979 2837 1071 2876 curam
1088 2827 1189 2888 gerat.»
1203 2849 1230 2862 -
1249 2840 1305 2877 mu·

214 2903 270 2952 vadi
295 2903 407 2953 distante
422 2903 616 2953 Piacevolmente
632 2903 740 2964 comode,
778 2900 967 2965 lttpentlisque]
985 2898 1066 2950 ablat.
1094 2913 1171 2950 «cum
1186 2899 1265 2952 mulis
1276 2905 1304 2952 et

216 2977 242 3025 et
259 2977 377 3040 Burgus:
403 2991 559 3039 pacesque
575 2978 602 3027 lo
618 2977 742 3027 darancio
779 2975 898 3026 betuliae
928 2978 978 3026 Pro
996 2975 1085 3025 dativo
1102 2987 1129 3025 v.
1141 2975 1238 3025 calidus
1254 2977 1304 3027 lra-

215 3064 240 3100 es
254 3063 315 3112 νεαρ
332 3051 424 3102 bonito.
453 3051 561 3103 silentio
573 3055 681 3103 transeo
692 3053 742 3101 cri·
778 3049 844 3100 beot
859 3049 917 3110 alii,
944 3051 1011 3100 mira
1034 3062 1096 3100 cum
1114 3047 1300 3114 explicatione:

215 3125 328 3176 ticorum
338 3125 507 3178 incredibiles
517 3127 693 3186 coniecturas,
704 3127 742 3175 in·
780 3126 878 3176 «iratus
899 3127 927 3174 et
943 3123 1021 3175 mulis
1042 3125 1069 3175 et
1085 3121 1182 3186 gerulis
1200 3137 1301 3188 eosque

215 3202 257 3250 ter
281 3213 348 3264 quas
370 3215 422 3251 una
441 3200 580 3252 Frbblicbii
597 3201 741 3251 toudsune
777 3199 966 3259 verberans,»
995 3196 1037 3248 vel
1069 3197 1164 3247 etiam:
1195 3199 1304 3249 «velie-¹

214 3277 344 3325 concaede
366 3289 398 3326 eo
416 3277 554 3327 dumtaxat
570 3277 678 3327 nomine
695 3291 740 3326 re·
777 3287 889 3334 mensim
909 3273 942 3324 ci.
961 3271 1037 3323 lland
1055 3273 1130 3322 Turs.
1149 3273 1178 3323 ll.
1198 3285 1224 3336 p.
1243 3274 1300 3325 lta.

213 3349 406 3414 prehendenda
425 3354 481 3413 est,
500 3350 573 3416 quod
585 3354 693 3402 amovet
704 3351 740 3401 le·
777 3352 810 3400 nt
826 3347 904 3399 valde
921 3361 1026 3410 vereor,
1048 3350 1077 3398 ut
1093 3347 1162 3398 haec
1179 3349 1302 3398 consuu-

214 3425 309 3474 stivam
321 3427 475 3496 εἰρωνείαν.
490 3425 543 3477 Cir.
552 3425 645 3476 lacobs
655 3427 738 3476 Leett.
777 3425 829 3474 ctio
846 3423 943 3473 calidos
958 3421 1035 3472 alicui
1050 3420 1104 3472 ullo
1116 3420 1166 3472 alio
1178 3419 1301 3485 exemplo

216 3499 312 3548 Venus.
325 3513 352 3563 p.
367 3499 422 3550 tat.
439 3527 466 3537 -
482 3501 572 3551 Verum
586 3501 649 3565 cet]
668 3501 739 3550 llaec
777 3498 877 3548 firmari
894 3499 987 3562 possit.
1006 3523 1033 3533 -
1050 3495 1200 3560 redemptor]
1217 3493 1302 3565 ἐργα-

214 3571 264 3623 sibi
282 3575 340 3638 ipse
357 3577 419 3626 κατ’
437 3577 584 3647 εἰρωνείαν
595 3576 693 3638 obiicit,
710 3578 740 3626 ut
776 3569 881 3635 λάβος,
894 3573 1194 3622 Βααααίεναεαωεν.
1213 3569 1261 3620 Od.
1274 3567 1299 3632 3,

214 3648 302 3698 statim
320 3649 426 3701 reiutet.
457 3649 505 3702 Alii
522 3665 571 3716 pro
589 3653 739 3714 interroga·
777 3649 804 3709 l,
824 3647 864 3698 35.

214 3722 285 3773 tione
303 3723 418 3774 habent:
444 3725 560 3776 «Verum
582 3739 666 3791 purae
684 3725 739 3775 lor·
808 3721 896 3772 73-78.
923 3721 1028 3782 Torquet
1044 3719 1106 3783 cet]
1125 3719 1301 3782 «torquendo

214 3799 286 3846 tasse
309 3799 371 3848 sunt
394 3797 515 3864 plateae‘l
541 3801 646 3852 Minima
663 3813 736 3850 vero.
775 3809 825 3860 per
840 3793 973 3846 trochleas
990 3793 1084 3847 attollit
1098 3794 1224 3859 lapidem,
1244 3795 1298 3857 qui,

213 3871 341 3921 Festinat»
365 3875 416 3922 cet.
443 3901 469 3909 -
496 3873 592 3937 Purue]
620 3887 737 3924 «vacuae
775 3872 825 3922 nisi
843 3883 983 3932 cavemus,
1008 3868 1083 3920 lacile
1101 3882 1150 3920 nos
1167 3866 1299 3919 collidat.»

212 3943 371 4008 obstaculis,
390 3961 455 3997 non:
477 3961 608 3998 «coenon
627 3947 736 4008 livit,
779 3973 805 3982 -
831 3944 955 4008 rotomo]
988 3944 1114 4007 «magnis
1142 3941 1299 4006 largumque

214 4019 301 4078 lind:
321 4021 501 4072 dimuaturum
514 4035 582 4085 puro
598 4035 629 4071 ac
641 4022 739 4084 potenti
775 4019 891 4083 spatium
908 4017 1127 4083 occupantibus.»
1148 4043 1175 4052 -
1198 4017 1298 4080 [ωηεν-α]

213 4105 311 4158 compo.
347 4095 396 4158 Qui
422 4095 491 4148 banc
519 4095 737 4160 significationem
776 4093 925 4151 casata,
945 4092 1027 4152 6,l3.
1055 4093 1107 4142 «Ex
1123 4103 1176 4141 una
1194 4090 1298 4156 plateae

214 4167 369 4232 ignorabat,
388 4169 494 4235 scripsit
508 4171 600 4234 plures.
617 4199 643 4206 —
660 4171 739 4234 plote-
775 4169 851 4232 parte
867 4168 977 4217 veniunt
993 4166 1099 4229 lunera,
1118 4179 1151 4217 ex
1163 4165 1246 4216 altera
1258 4166 1299 4215 in-

213 4243 252 4309 ae]
265 4242 397 4296 πλατεῖαι
405 4239 478 4308 ὁδοί,
493 4243 640 4311 penultima
652 4245 737 4307 brevi,
776 4244 863 4307 gentio
880 4243 1041 4293 rusticorum
1052 4241 1168 4307 plaustra
1182 4244 1208 4292 et
1217 4243 1298 4292 vicia-

213 4317 289 4383 looga
302 4319 413 4372 demum
424 4319 495 4385 apud
508 4319 662 4384 Ausonium,
677 4323 740 4372 Pru·
776 4319 827 4371 sim
844 4329 904 4368 sese
922 4316 1071 4382 impediunt
1084 4319 1164 4382 atque
1175 4317 1296 4380 urgent.-
