3192 4974
625 378 684 428 nm.
703 379 722 428 1.
759 377 856 428 errsr.
876 377 929 426 vu.
1257 373 1319 437 457
1424 343 1430 355 ’

275 535 345 600 Non
367 543 419 599 est
440 541 534 620 aptus
557 534 651 620 equis
672 531 780 600 lthace
803 532 908 609 loeus,
931 542 968 598 ut
988 553 1096 620 neque
1119 530 1222 619 plenis

275 657 449 722 Porrectus
471 655 583 742 spatiis
605 675 667 722 nec
688 653 808 721 multae
829 653 985 741 prodigus
1011 652 1146 734 herbam

275 774 399 852 Atride,
423 775 526 863 magis
549 785 623 862 epta
645 773 701 841 tihi
725 785 779 842 tua
801 774 886 842 done
908 774 1099 864 relinquam.

274 899 414 965 Parvum
435 916 536 985 parva
558 896 690 976 decenn
714 896 789 962 mihi
812 897 875 964 iam
897 918 961 964 non
984 897 1074 985 regia
1095 899 1211 974 Roma,

274 1017 339 1084 Sed
361 1037 501 1085 vacuum
523 1017 621 1084 Tibur
643 1018 750 1108 placet
770 1027 826 1086 aut
846 1017 976 1085 imbelle
998 1019 1179 1086 Tarentum.
1277 1021 1319 1087 45

265 1235 309 1298 48,
323 1234 427 1296 44444),
441 1235 473 1285 0:
489 1235 556 1285 444444
567 1235 612 1296 Sd,
626 1249 666 1300 pr.
679 1235 707 1297 b,
721 1235 755 1296 ll,
771 1235 955 1298 4144444448ιῖ.
971 1260 998 1272 -
1012 1233 1053 1287 44.
1066 1237 1167 1287 Ithacae
1177 1237 1284 1299 benet.

265 1311 304 1374 [ut
320 1322 381 1371 noe,
407 1309 570 1374 Porphyrio‚
593 1309 650 1361 SEd
668 1313 696 1360 et
711 1323 759 1362 sex
776 1309 911 1374 Pottierii.)
931 1338 958 1347 -
978 1310 1018 1362 48.
1037 1312 1090 1377 nec]
1107 1326 1185 1376 neque
1202 1315 1230 1364 L.

232 1490 272 1540 cie
293 1491 355 1538 tunc
376 1487 500 1540 llorutiua
521 1486 655 1552 appellere
677 1489 755 1554 pote-
791 1485 924 1554 γίβοτος,
959 1489 1010 1540 nul
1036 1485 1148 1554 μᾶλλον
1175 1486 1319 1562 ἐπήρατος

231 1565 273 1614 rat
287 1564 470 1614 Maecenatem
492 1562 576 1614 tribue
597 1565 755 1628 quattuorve
793 1557 1026 1624 ἱπποβότοιο.-
999 1564 1170 1629 -4444444444
1193 1565 1239 1616 Est
1264 1567 1319 1617 llo-

231 1639 306 1690 annie
327 1639 391 1689 nutu
412 1638 551 1689 malorem.
580 1637 619 1689 Cl
638 1639 704 1703 Epp.
723 1639 754 1700 4,
792 1638 923 1690 mericum
940 1634 1098 1702 πολύτλας,
1115 1637 1317 1711 ταλασιφρων,

231 1713 259 1774 6,
283 1712 379 1764 444.-
349 1713 547 1778 -4444444Ῑι
535 1726 627 1764 «ame
644 1675 755 1762 vocelud
792 1713 928 1776 epitheton
953 1713 1043 1764 lter-oie
1067 1716 1242 1778 perpetuum.
1275 1717 1319 1766 cui

230 1801 286 1838 ee.»
315 1787 354 1838 Cl.
368 1788 421 1837 Set.
433 1787 463 1848 8,
482 1786 511 1848 6,
524 1789 565 1838 88.
588 1787 655 1851 Epp.
669 1789 698 1848 4,
713 1787 754 1847 46,
791 1785 861 1837 mele
878 1785 1074 1838 substituerunt
1090 1787 1206 1839 nonnulli
1217 1791 1319 1852 4444444-

231 1861 432 1923 ⁴7.-1ueptcc,
451 1863 754 1926 ciposmcncellcdge·
791 1861 834 1921 tic,
864 1861 940 1910 culus
963 1859 1050 1910 leudis
1075 1861 1118 1911 hic
1145 1860 1232 1914 nullne
1257 1867 1320 1916 sunt

230 1936 293 1988 dum
306 1938 441 2000 experire,
461 1949 495 1986 on
506 1951 560 1989 uon
572 1940 689 2004 possim»
702 1938 753 1986 cet.
791 1937 890 1999 perles.
909 1935 951 1984 Sic
962 1933 1101 1986 4444444444
1112 1939 1223 1987 vocatur
1234 1938 1317 2002 Epod.

229 2011 389 2062 ludicalivus
406 2014 510 2062 eertum
528 2012 689 2076 firmumque
707 2024 755 2062 ee·
791 2009 836 2068 47,
851 2007 890 2058 46.
904 2007 1032 2072 -4444441
1045 2011 1320 2064 Nominativusdrae·

230 2087 306 2150 cepte
317 2086 475 2137 restituendi
486 2089 653 2152 propositum
665 2088 754 2151 expri-
791 2095 840 2133 cus
857 2083 943 2146 epllor
961 2085 1003 2134 est
1019 2084 1046 2133 h.
1060 2083 1076 2134 l.
1090 2089 1201 2150 propter
1217 2087 1320 2138 iunctu-

230 2161 290 2220 mit,
309 2161 337 2210 el
353 2159 508 2224 frequenter
518 2163 557 2212 sic
569 2162 677 2213 Comici.
707 2162 756 2211 Tc·
791 2171 850 2208 ram
862 2171 923 2208 cum
935 2171 978 2208 vv.
990 2159 1058 2209 44444
1069 2185 1084 2196 -
1094 2161 1227 2212 4444444444
1237 2175 1320 2226 quom

229 2236 297 2284 rent.
311 2235 418 2285 Phorm.
432 2235 462 2296 ³,
481 2235 510 2296 3,
529 2237 573 2286 2⁰:
597 2237 653 2286 Vide
669 2237 755 2298 4444444
791 2233 922 2295 genitivus
939 2235 993 2283 Lat.
1006 2233 1081 2285 ldem
1099 2236 1232 2298 reperitur
1242 2237 1317 2288 Ouid.

229 2309 290 2370 quid
302 2313 373 2370 petes
388 2311 482 2372 offerre
497 2310 563 2360 4444.
591 2309 753 2374 (Pseudottb.
791 2307 868 2358 Trist.
888 2309 916 2368 4,
935 2309 965 2369 5,
986 2308 1026 2358 64.
1056 2309 1164 2362 Metam.
1183 2310 1229 2372 44,
1249 2311 1318 2371 too..

229 2383 258 2444 3,
277 2385 306 2444 4,
327 2382 370 2432 te:
396 2383 444 2434 4444
460 2385 521 2434 mila·
543 2384 648 2449 reseret,
671 2387 755 2436 eteo-
792 2393 946 2446 quenquam
964 2385 1057 2434 uotum
1075 2386 1117 2434 est
1138 2385 1164 2435 in
1185 2385 1276 2436 Satiris
1293 2387 1321 2434 et

228 2459 274 2508 4444
298 2462 388 2507 mutato
412 2472 476 2508 4444
498 2461 553 2524 cet.)
579 2487 605 2496 -
625 2460 753 2525 reponere]
792 2455 915 2520 Epistolls
937 2457 1075 2507 Horatium
1098 2457 1190 2511 lormis
1211 2461 1318 2522 Latinis,

229 2531 409 2596 «rependere,
434 2532 577 2584 reddere.»
606 2535 695 2585 «Hanc
717 2536 755 2586 si·
792 2532 899 2582 Graecis
916 2532 943 2582 in
955 2530 1057 2583 melicis
1069 2532 1228 2598 plerumque
1240 2547 1319 2586 usum

228 2605 404 2658 militudinem
415 2608 696 2664 Schmidiusecodioe
708 2623 755 2659 ac-
792 2618 861 2656 esee.
893 2605 1041 2667 848448,
1060 2608 1089 2669 8,
1108 2608 1149 2658 to.
1177 2636 1203 2645 -
1229 2611 1320 2659 Pom-

228 2683 298 2747 oepti
315 2685 343 2732 et
359 2683 469 2747 expensi
481 2686 616 2748 sumptam
628 2689 702 2735 recte
714 2699 755 2736 er·
792 2682 854 2742 cuc]
873 2681 915 2730 Sic
933 2682 1033 2732 Caesar
1049 2681 1077 2731 Β.
1092 2683 1120 2731 G.
1135 2684 1164 2742 8,
1185 2683 1229 2732 lt:
1255 2696 1320 2745 por-

227 2755 366 2807 bitratur.·
384 2757 475 2807 Omen.
494 2757 577 2808 Plani.
591 2761 665 2810 Pers.
679 2759 690 2808 l
703 2797 710 2820 ‚
723 2760 753 2820 4,
791 2761 861 2804 recto
877 2755 933 2804 4444
950 2760 1048 2818 operto.
1070 2779 1098 2792 ·-
1115 2757 1212 2806 multoc
1228 2759 1320 2818 prodi-

228 2831 274 2880 37:
301 2831 407 2881 44444444
426 2833 468 2882 dec
483 2846 598 2882 4444444444
613 2837 755 2892 commacu
791 2842 838 2894 pua
854 2828 952 2893 444844]
971 2829 1044 2880 Conl.
1059 2828 1107 2879 Od.
1122 2831 1150 2890 4,
1170 2832 1215 2891 48,
1234 2831 1273 2882 38.
1295 2832 1318 2892 4,

228 2933 268 2943 --
280 2908 346 2969 Quos
357 2907 473 2958 4444444444
485 2907 528 2958 4484
539 2921 661 2970 reponem
673 2909 755 2958 inltcc
793 2905 839 2966 48,
858 2904 898 2954 46.
920 2931 947 2939 -
970 2904 1067 2965 cpotiic]
1091 2902 1171 2954 «locis
1192 2917 1320 2956 curruum

229 2981 312 3030 4444444
330 2985 375 3030 aut
391 2982 535 3043 4444444444.
565 2983 607 3032 Sic
624 2983 756 3034 etiamid·
792 2975 983 3029 certaminibus
992 2978 1136 3041 eptismCl
1145 2979 1215 3042 virg.
1224 2981 1318 3044 Georg.

228 3054 619 3120 terpretendueestlnven.l,
639 3058 669 3107 l:
687 3058 756 3108 Sem-
793 3051 892 3114 4,843.
922 3046 1318 3124 8,444.-444444]Ἇ44444η.

224 3144 272 3193 per
288 3144 332 3194 epo
347 3131 449 3181 auditor
460 3131 578 3182 tuntum?
594 3145 756 3193 nunquamne
793 3128 891 3177 Contra
907 3127 998 3177 Atace
1016 3124 1106 3178 ultima
1123 3129 1246 3192 correpta
1263 3131 1318 3186 sat,

226 3203 368 3268 reponem?
399 3205 445 3255 ubi
472 3205 534 3256 vide
563 3207 752 3259 Heinrichium.
792 3201 871 3262 ²132
891 3201 947 3252 ⁴87·
975 3227 1002 3238 -
1027 3201 1080 3264 25⁶⁸]
1102 3201 1217 3252 4444844411·
1241 3205 1268 3253 el
1286 3203 1322 3254 ud

259 3279 348 3331 40-43.
366 3280 441 3330 Haud
457 3281 531 3342 444444]
550 3282 754 3345 «pereleum-
790 3289 817 3324 u.
830 3279 893 3337 apta
910 3278 938 3326 et
953 3274 989 3325 ad
1004 3289 1031 3326 v.
1048 3276 1206 3338 4444444444,
1224 3279 1255 3327 ut
1271 3276 1319 3327 Od.

224 3356 360 3416 penend-
400 3353 477 3404 llend
502 3356 578 3406 Ture.
604 3356 647 3406 lll.
670 3369 697 3420 p.
721 3357 753 3406 80
791 3352 821 3412 8,
840 3350 871 3410 8,
891 3351 936 3401 tl:
962 3350 1041 3414 pulice
1061 3351 1105 3402 4444
1121 3352 1209 3402 crased
1225 3351 1320 3413 444444,

227 3442 268 3492 sq.
296 3455 322 3466 -
342 3429 498 3480 Telemachus
514 3430 583 3495 444.]
602 3432 680 3481 «Non
700 3432 753 3481 ml·
791 3426 903 3477 844844
919 3426 983 3490 (tibi)
1001 3428 1089 3478 4444444
1105 3441 1179 3478 nouo.

227 3516 278 3554 nus
295 3506 420 3568 prompto
442 3505 531 3554 enimc
548 3505 688 3556 adomnia
705 3505 752 3556 tibi
823 3501 1203 3566 interemptionem]
1217 3499 1318 3552 Gallim.

226 3578 390 3630 restituenda
417 3581 527 3644 paratus
558 3593 633 3638 eum,
671 3593 752 3645 quem
791 3577 967 3640 Fragmlltl:
985 3575 1247 3644 Αἰειτοῐςμίκκοις
1257 3578 1321 3642 μικ-

227 3666 281 3717 quo
292 3653 467 3706 Telemachus
479 3653 542 3705 olim
559 3654 753 3720 pulcherrimos
790 3667 829 3702 κα
840 3647 955 3704 διδοῦσι
965 3651 1039 3704 dect.
1053 3680 1081 3690 -
1094 3653 1168 3716 reple
1178 3651 1267 3716 844444]
1279 3652 1318 3703 Cl.

226 3741 312 3793 equos
334 3729 360 3779 in
382 3729 464 3794 petria
486 3730 564 3781 nimls
580 3742 676 3794 aspera
694 3731 753 3780 inu-
790 3727 838 3778 Od.
858 3727 888 3789 4,
912 3728 943 3790 3,
963 3728 1007 3778 434
1033 3730 1126 3779 uenae
1138 3725 1263 3789 4444444444
1272 3741 1321 3776 ur·

225 3803 284 3855 tiles
310 3802 360 3854 sibl
386 3803 488 3854 tuturos
505 3818 518 3855 e
537 3803 657 3854 Menelao
682 3804 753 3855 douo
790 3802 866 3852 84444.
878 3800 937 3864 444,
951 3801 991 3864 44,
1002 3801 1048 3853 44;
1060 3801 1321 3863 444444444444444444

226 3879 348 3942 accipere
374 3877 482 3929 noluit·
511 3879 608 3966 Odyse.
630 3876 660 3940 d,
688 3879 751 3928 6⁰l:
791 3877 941 3928 domoc.-
961 3840 1167 3938 4444444414444
1190 3875 1320 3939 nequens

220 3943 371 4016 ’1444444ςᾶ
384 3953 425 4015 εἰς
439 3943 752 4019 Ἰθάκηνοῠκᾶξομαι,
792 3953 820 4000 et
848 3949 1024 4016 populosum,
1058 3949 1107 4000 sed
1139 3951 1249 4014 propter
1268 3950 1321 4001 hoc

225 4021 298 4078 ἀλλὰ
328 4028 378 4079 σοι
406 4020 486 4094 αὐτῳ
512 4021 632 4078 4448άό4
659 4026 754 4092 telepte
792 4027 881 4091 ipsum
892 4026 1007 4078 liberum
1021 4039 1035 4076 4
1048 4026 1161 4091 strepitu
1178 4024 1256 4078 Urbis
1267 4029 1322 4078 stu-

225 4095 352 4169 αγαλμα·
370 4098 408 4154 σὺ
420 4099 481 4190 γὰρ
492 4095 633 4154 aedicio
614 4098 755 4166 ανάσσεις
793 4101 898 4166 dileque
916 4103 983 4152 mels
1001 4103 1119 4166 aptum.»
1107 4101 1191 4152 »Slc
1212 4113 1321 4152 44444444

225 4172 267 4230 Εὖ
250 4191 396 4241 4-·ος
380 4171 620 4250 1448184444]
637 4180 698 4230 oet
716 4171 756 4249 ἄρ
792 4176 978 4238 4444440448,
992 4177 1041 4238 844,
1057 4176 1322 4228 rennuendum

225 4250 242 4302 d
278 4267 330 4320 μοι
278 4231 688 4324 μεῦρέεςοῦιετιλειμων
708 4251 748 4304 Ar·
792 4253 858 4316 Epp.
872 4253 903 4314 8,
916 4252 946 4312 8,
961 4251 1001 4302 84.
1021 4263 1118 4304 vocuoe
1128 4251 1237 4304 Accrroc
1247 4252 1318 4314 Virg.
