3116 4968
267 385 330 454 itti
648 387 976 442 uommsnmaeaou

310 545 416 613 Albuti
439 543 527 613 senis
549 543 711 632 exemplo,
735 544 813 610 dnm
834 543 943 610 munia
965 541 1060 619 didit,

309 668 434 734 Saevus
456 666 531 747 erit;
554 685 616 733 nec
645 665 692 733 sic
713 674 750 731 ut
770 649 1066 753 simplex-Naevius
1087 673 1218 732 unctam

244 777 249 790 ’
312 787 461 856 Convivis
476 787 646 875 praebebit
658 807 794 875 aquam3
809 787 995 854 vitiumhoc
1006 805 1139 874 quoque
1151 806 1311 874 magnum.

309 909 427 997 Accipe
448 929 547 986 nunc,
570 909 674 977 victus
695 907 801 976 tenuis
824 927 909 996 quae
930 915 1117 996 quantaque
1140 927 1252 975 secum
1314 906 1355 972 70

308 1030 435 1098 Afferat.
479 1030 640 1118 Imprimis
661 1030 771 1098 valeas
794 1028 897 1096 bene:
921 1049 1011 1106 nam,
1034 1027 1145 1097 variae
1167 1047 1221 1096 res

310 1151 350 1220 Ut
371 1162 508 1220 noceant
529 1151 664 1230 homini,
687 1149 804 1218 credas
826 1171 951 1218 memor
972 1150 1057 1217 illius
1079 1169 1191 1227 escae,

307 1275 401 1354 Quae
423 1271 559 1362 simplex
580 1271 657 1340 olim
678 1271 735 1340 tihi
758 1271 895 1354 sederit3
918 1282 950 1339 at
971 1271 1066 1338 simul
1088 1271 1172 1338 assis

307 1395 476 1462 Miscueris
499 1393 591 1472 elixa,
619 1393 713 1461 simul
736 1393 907 1484 conchylia
928 1392 1051 1472 turdiS,

331 1611 373 1662 67.
390 1609 478 1661 adue
494 1611 561 1671 Lct,
580 1607 724 1662 Bentleius.
745 1637 772 1647 -
791 1610 858 1660 dedit
874 1608 908 1671 b,
927 1608 1006 1660 cedd
1022 1608 1106 1660 Codd.
1120 1607 1181 1674 aliq.
1200 1610 1276 1670 Fene.
1292 1637 1319 1647 -

298 1685 339 1737 68.
357 1684 410 1750 ox]
428 1697 507 1748 oeque
523 1685 593 1737 LCF.
614 1709 643 1721 -
662 1685 703 1736 69.
717 1683 858 1748 praebebat
872 1683 903 1734 b.

298 1862 386 1913 67-69.
404 1861 495 1926 Διὺιιιι]
513 1863 545 1914 ut
560 1874 657 1926 saepe,
675 1873 745 1925 quae
757 1875 792 1912 ox
828 1860 1037 1911 ministeriorum
1057 1858 1242 1913 distributione
1261 1861 1356 1914 conle-

264 1938 364 1988 Horatii
380 1937 463 2002 ipsius
479 1935 571 1988 verbis
588 1937 646 1987 sine
666 1934 720 1986 ulla
741 1948 792 1986 ex·
827 1937 903 1986 ratur
918 1933 1003 1984 Plaut.
1016 1933 1113 1984 Pseud.
1128 1935 1156 1996 l,
1174 1936 1206 1997 ι,
1224 1935 1270 1986 28:
1302 1936 1355 1988 rior·

264 2009 404 2076 plicatione
417 2009 587 2074 colliguntur,
606 2010 792 2074 tamquambl·
828 2010 874 2060 boc
888 2009 1034 2071 prmcipto,
1059 2012 1088 2058 ot
1108 2009 1205 2060 eteeet
1220 2011 1301 2061 aede.
1313 2037 1329 2048 ·
1340 2037 1355 2050 ·

263 2085 381 2146 meon,
403 2083 633 2148 quemadmodum
650 2083 788 2146 dicebant,
830 2084 865 2134 To
875 2088 925 2134 esto
941 2082 1146 2134 lectistemicter:
1169 2084 1205 2133 lb
1221 2089 1356 2148 argenteon

263 2159 371 2209 tradunt
388 2157 561 2220 scholiastae,
580 2159 619 2209 sic
635 2159 662 2208 h.
676 2157 693 2208 l.
707 2160 788 2209 Acro:
827 2159 916 2218 οιιιιιω
940 2159 1006 2208 idern
1025 2158 1157 2208 ocstmito.
1195 2159 1297 2209 Seneca
1319 2159 1354 2210 de

265 2231 401 2283 «Albutius
412 2232 522 2296 quidam
533 2231 694 2294 luxuriosus,
709 2246 792 2297 quan·
827 2234 905 2283 Brev.
918 2233 988 2282 vitae
1006 2233 1052 2282 li:
1072 2237 1170 2294 museto
1185 2233 1313 2284 celeritate
1322 2235 1356 2284 si·

264 2306 299 2356 do
315 2304 439 2355 mittebat
452 2319 546 2356 servos
557 2319 620 2356 suos
632 2306 666 2356 ad
678 2307 790 2358 obsonia
826 2321 877 2372 guo
893 2308 953 2357 dcto
963 2305 1046 2370 glabri
1057 2307 1092 2356 ed
1107 2307 1247 2358 motabile
1258 2307 1357 2358 dime-

263 2379 458 2444 comparanda,
478 2383 594 2432 mortem
612 2382 650 2432 eis
668 2382 791 2433 minabo-
826 2387 895 2432 rent.
930 2379 1188 2446 1nven.tt,ooeq.
1209 2405 1236 2418 -
1255 2395 1301 2433 nec
1319 2383 1356 2434 aie

264 2456 320 2516 tur,
338 2455 389 2506 nisi
404 2468 453 2519 pro
467 2452 602 2505 voluntate
614 2457 671 2508 eius
683 2470 792 2522 compa·
828 2457 890 2518 cet]
917 2455 971 2506 «Ex
995 2453 1078 2506 altera
1100 2457 1176 2520 parte
1194 2469 1248 2507 non
1265 2457 1354 2508 miuus

262 2529 392 2579 rassent.»
410 2527 490 2580 Alias.
510 2528 646 2581 «Albutius
655 2544 717 2582 cum
729 2545 791 2583 con-
828 2530 938 2582 ottendit
962 2530 1117 2580 convivator
1141 2527 1294 2594 negligens,
1325 2533 1356 2583 ut

262 2603 410 2664 vitiaretur,
429 2603 514 2653 servis
530 2605 586 2654 suis
602 2605 689 2657 officia
701 2606 791 2658 distri·
826 2605 949 2665 Nomius,
967 2605 1048 2654 bomo
1059 2604 1176 2666 ignotus,
1190 2617 1279 2668 nequo
1291 2617 1356 2654 ava·

237 2707 251 2718 .
262 2675 366 2727 buobat
382 2679 410 2727 et
425 2679 570 2740 antequam
586 2678 680 2743 aliquis
696 2691 790 2730 eorum
826 2693 873 2730 rus
890 2691 941 2729 nec
961 2676 1124 2740 luxuriosus,
1151 2680 1180 2729 ut
1201 2677 1264 2728 olim
1280 2679 1354 2729 varie

262 2750 790 2816 peccaretcoedebateos,dicensvereri
827 2752 1007 2818 explicabant,
1031 2752 1095 2813 sed,
1119 2755 1149 2802 ut
1165 2753 1214 2812 ait,
1232 2753 1352 2815 simplem,

207 2847 210 2852 ·
263 2839 303 2888 se,
317 2839 361 2889 ne,
375 2839 437 2878 cum
448 2831 615 2892 peccassent,
629 2829 742 2880 caedere
753 2828 790 2879 illl
827 2830 873 2892 qui
889 2830 999 2892 propter
1016 2827 1125 2878 nimiam
1142 2828 1222 2877 animi
1245 2826 1354 2878 bonita-

262 2903 356 2966 postea
373 2914 427 2953 non
442 2904 577 2953 vacaret.»
605 2904 785 2969 Porphyrion:
827 2905 882 2954 tem
899 2914 992 2953 servos
1008 2902 1090 2952 etiam
1101 2899 1209 2952 desides
1221 2914 1254 2952 ac
1263 2901 1354 2965 pigros

263 2976 327 3027 «llic
343 2978 385 3028 est
399 2976 533 3040 Albutius,
552 2979 599 3042 qui
616 2982 644 3029 et
653 2992 750 3030 avarus
761 2980 788 3030 et
826 2991 879 3028 non
905 2977 1041 3039 castigat.»
1063 3001 1091 3012 -
1110 2976 1221 3041 mutem]
1245 2977 1353 3041 settim

263 3047 370 3113 elegans
381 3053 563 3103 conviviorum
576 3055 719 3117 apparator
730 3066 789 3104 sae-
826 3053 868 3102 «tn
894 3051 981 3100 uncus
1005 3063 1028 3100 s.
1055 3049 1169 3101 sordidis
1197 3048 1353 3102 calicibus.»

262 3137 312 3176 vus
329 3128 371 3176 est
387 3125 493 3177 habitus
510 3127 536 3176 in
553 3139 660 3187 servos;
688 3127 733 3191 qul
750 3126 786 3177 ob
825 3127 917 3176 Scaoe.
937 3123 1120 3185 Conlsam,
1134 3124 1163 3186 l,
1177 3126 1218 3176 78.
1235 3139 1354 3189 -pree-

262 3199 435 3263 cupiditatem
458 3201 567 3251 nimiam
588 3201 705 3252 habendi
722 3200 788 3253 alie·
825 3201 889 3250 tebit
904 3198 1007 3264 equom]
1025 3199 1083 3250 Vid.
1097 3200 1133 3251 ad
1144 3202 1197 3250 Sat.
1212 3202 1239 3264 l,
1258 3199 1287 3263 l,
1309 3201 1351 3252 88.

262 3286 326 3325 nam
345 3287 458 3326 uxorem
480 3287 558 3326 suam
578 3288 683 3326 veneno
704 3288 787 3326 neca·

261 3348 324 3398 vit.»
354 3348 417 3410 (Cir.
431 3349 484 3400 Sat.
497 3351 526 3410 2,
546 3350 573 3409 l,
592 3349 643 3412 ιιι.)
666 3374 694 3386 -
715 3349 785 3413 didit]
858 3348 962 3398 ‘ia-at.
987 3347 1028 3412 Ut]
1048 3349 1216 3412 «quomodo,
1235 3351 1354 3411 quanto-

261 3421 293 3471 V.
317 3421 455 3485 antiquum
483 3425 511 3473 et
540 3423 676 3487 poeticum
703 3424 788 3474 didere
824 3435 917 3486 pere.»
955 3423 1029 3473 Conl.
1050 3425 1105 3474 Cic.
1124 3439 1150 3489 p.
1170 3423 1220 3477 llil.
1243 3423 1291 3486 il,
1309 3422 1350 3475 et.

261 3494 334 3545 idem
343 3494 588 3558 lereacedividere,
597 3495 785 3547 distribuere.»
827 3523 855 3533 -
884 3497 986 3561 oderit]
1016 3498 1181 3561 «quieverit,
1211 3496 1298 3549 nullos
1325 3500 1353 3549 in

261 3571 299 3620 Ex
315 3571 478 3632 ignoratione
500 3571 578 3620 huius
598 3570 674 3620 verbi
698 3573 786 3622 ortum
823 3569 971 3621 ventriculo
1000 3571 1127 3624 tumultus
1153 3573 1273 3623 excitarit
1301 3585 1353 3623 uec

262 3647 303 3695 est
314 3645 464 3695 monstrum
475 3643 610 3704 lectionis,
630 3658 712 3709 quam
722 3659 788 3710 spe·
825 3659 953 3697 nauseam
965 3646 1083 3698 lecerit.»
1117 3646 1240 3698 Similiter
1251 3645 1287 3697 de
1298 3649 1353 3698 oni·

261 3719 363 3770 ciosum
379 3724 458 3771 vocat
475 3720 539 3769 Fea:
558 3719 618 3768 dien
633 3721 722 3770 munic
733 3723 789 3771 adi-
825 3733 870 3770 mo
888 3722 989 3771 Seneca
1007 3721 1088 3786 Epist.
1103 3722 1132 3773 ιε
1151 3723 1230 3772 Certis
1245 3723 1355 3786 menits

261 3791 309 3852 bit,
334 3791 359 3842 iu
377 3804 462 3842 coena
479 3791 584 3842 aditiali.
618 3793 720 3846 Verum
736 3797 788 3847 boc
824 3797 958 3846 immorari
974 3801 998 3846 et
1013 3796 1135 3846 innutriri
1148 3802 1257 3860 oportet,
1275 3798 1353 3848 aies-

261 3866 337 3917 dicit:
368 3868 454 3918 «Dum
474 3879 567 3918 servos
589 3881 668 3921 suum
690 3883 788 3934 quem-
825 3871 856 3920 ιιι
872 3872 968 3935 aliquid
987 3872 1099 3933 babere,
1126 3873 1193 3935 quod
1216 3873 1244 3922 tn
1266 3873 1353 3924 aem

261 3953 314 4005 que
335 3953 432 3991 munus
455 3941 490 3992 ad
507 3955 631 3995 mensam
653 3944 729 3996 obire
746 3947 788 3997 iu·
823 3947 929 4011 fideliter
944 3948 1034 3998 meet.
1070 3948 1130 3998 lior
1151 3948 1295 4012 opponitur
1313 3949 1353 3998 ct-

260 4015 319 4076 bet,
339 4016 400 4079 quie
419 4016 468 4080 ipsi
485 4018 563 4068 nimis
578 4016 642 4069 lenti
654 4019 786 4083 videntur,
826 4021 883 4082 bio,
910 4022 954 4083 eei
977 4023 1062 4072 stem
1087 4026 1200 4084 ereptio
1220 4022 1350 4072 οιηιιιιιιν.

260 4089 381 4140 desaevit
398 4102 499 4154 eosque
517 4089 587 4143 male
599 4091 715 4155 mulcat;
734 4108 788 4158 qua
826 4098 854 4146 ln
872 4095 972 4146 Horatii
988 4094 1047 4146 loco
1059 4108 1085 4145 v.
1097 4097 1187 4146 rede-tt
1197 4095 1278 4147 nolim
1289 4109 1352 4147 cum

260 4159 395 4215 iracundia
414 4168 442 4216 et
458 4165 509 4217 sibi
531 4170 559 4216 et
578 4169 697 4220 convivis
723 4182 788 4220 coe·
826 4167 882 4220 aliia
899 4168 1001 4220 reterre
1017 4169 1088 4220 adv.
1102 4169 1194 4230 sidere,
1213 4171 1262 4222 etsi
1273 4170 1353 4221 huius

259 4251 310 4289 nae
336 4239 431 4303 gaudia
458 4241 630 4305 corrumpit.»
677 4243 716 4293 De
742 4241 787 4292 tali
824 4241 972 4307 legitimum
991 4246 1033 4296 est
1057 4243 1207 4311 perlectum
1231 4245 1304 4308 sedi,
1323 4247 1352 4296 ut
