3174 4974
282 377 343 441 584
412 343 418 352 ’
643 378 772 428 4400440
788 377 1009 430 4044044400

325 535 394 598 Non
417 533 460 598 ita
482 531 627 597 nutritus.
672 532 776 617 Fuge,
800 551 866 618 quo
888 530 1089 598 descendere
1111 533 1220 618 gestis.
1351 535 1370 594 :5

325 655 395 718 Non
418 653 479 718 erit
501 653 620 718 emisso
643 650 767 717 reditus
789 651 855 718 tibi.
900 653 985 731 Quid
1008 652 1108 718 miser
1129 653 1206 738 egil

326 773 412 853 Quid
434 773 545 839 volui?
567 771 675 847 dices,
703 771 759 837 ubi
781 772 855 860 quis
878 781 909 838 te
931 771 1074 852 laeserit;
1097 784 1129 839 et
1151 773 1214 840 scis

326 897 361 959 ln
384 893 483 960 breve
506 903 536 960 44
560 893 647 980 cogi,
672 913 745 960 cum
767 892 883 979 plenus
904 894 1033 980 languet
1055 903 1186 960 amator.
1253 969 1260 980 ,

349 1085 374 1132 a.
392 1083 516 1132 discedere
533 1083 594 1132 LCt.
614 1082 653 1143 (144
670 1093 727 1141 004,
747 1081 830 1130 nostri
843 1081 869 1129 et
880 1079 996 1130 Pottierii
1014 1092 1124 1140 omnes,
1141 1080 1242 1131 Veneta
1256 1081 1338 1140 4484.)

319 1185 346 1193 --
364 1156 594 1221 pessumdatae.
616 1183 643 1192 -
663 1155 687 1205 7.
707 1155 765 1218 04444
781 1153 808 1216 d,
826 1155 942 1204 Pottierii
962 1153 1097 1218 plerique,
1121 1155 1226 1206 Comm.
1245 1156 1337 1220 cruc..

317 1232 416 1282 LCth:
444 1229 609 1292 0044148114,
627 1229 732 1292 septem
750 1228 876 1288 Pottierii,
894 1227 1028 1278 Bentleius
1050 1229 1123 1291 (cum
1141 1227 1339 1280 0400140414ιο

319 1304 484 1355 membranis
513 1303 665 1364 Ρο1040004,
690 1303 845 1353 Bersmanni
870 1303 1071 1364 sisuinnai.
1090 1327 1115 1340 -
1140 1303 1164 1353 8.
1179 1303 1268 1366 plenus
1283 1317 1340 1352 044444

318 1393 349 1428 er
362 1392 415 1429 uno
428 1377 495 1430 Cod.
506 1377 570 1429 Coit.
581 1379 651 1428 irin.
662 1376 807 1438 Bentleius,
829 1377 893 1426 item
906 1389 920 1426 e
934 1377 1057 1428 chisiano
1070 1377 1096 1426 F.
1116 1377 1156 1439 (114
1166 1390 1224 1438 004,
1238 1378 1339 1450 nostri.)

317 1547 373 1596 5-8,
398 1547 455 1595 Non
468 1545 636 1606 4400044400]
655 1544 747 1608 «Atqui
760 1557 810 1607 ego
850 1544 910 1606 04444
925 1545 988 1607 tepet
1003 1543 1085 1594 nnec?
1112 1544 1153 1594 Vei
1163 1545 1213 1594 dno
1223 1544 1262 1594 044
1272 1557 1373 1594 4444440..-

284 1624 340 1669 4404
365 1619 436 1669 bene
462 1622 490 1668 et
513 1619 611 1683 pudice
635 1618 811 1669 0001414044
849 1619 883 1668 de
895 1631 993 1682 puero:
1014 1619 1052 1668 «ai
1064 1619 1123 1682 qma
1134 1617 1288 1681 pudicitiam
1301 1621 1373 1669 tuam

286 1693 413 1754 educavi,
439 1697 469 1744 ut
492 1696 519 1744 tu
543 1696 598 1745 tam
614 1692 729 1744 lascivus
747 1705 812 1742 eva·
849 1694 948 1744 40444444
965 1692 1099 1756 (violarit),
1120 1693 1177 1742 tum
1194 1705 1259 1743 vero
1276 1692 1374 1744 trustra

286 1769 392 1819 denes.»
410 1769 534 1820 Detracta
547 1769 661 1831 imagine
675 1768 725 1817 hoc
737 1768 810 1827 dicit,
851 1779 941 1817 meum
959 1765 1083 1818 auxilium
1098 1765 1280 1830 implorabis.»
1297 1765 1372 1817 ovid.

286 1841 335 1894 sed
352 1844 466 1894 ironice:
495 1844 605 1892 «Primo
622 1843 714 1892 amicis
732 1841 812 1892 dum·
849 1843 912 1892 Her.
931 1842 956 1902 n,
975 1841 1038 1891 ⁴03:
1057 1841 1136 1890 Natta
1151 1840 1303 1904 reparabilis
1319 1845 1376 1892 orte

286 1920 372 1976 taxat,
390 1929 444 1967 000
461 1915 575 1966 1414444444
593 1919 621 1966 44
636 1915 760 1980 publicae
771 1914 812 1965 le-
850 1916 949 1964 Laese
960 1915 1086 1976 4044404440
1101 1920 1144 1964 est.
1166 1941 1193 1952 -
1217 1915 1247 1965 144
1264 1915 1336 1965 treve
1352 1921 1376 1964 te

287 1993 366 2042 etioni
384 1991 531 2040 destinatae
554 1993 631 2040 erant
647 1988 811 2054 Epistolaea
849 1989 913 2052 eope]
935 1989 969 2038 de
990 1987 1072 2038 libro:
1102 1990 1174 2040 «seis
1199 1991 1225 2040 te
1243 1991 1331 2039 444004
1347 1989 1374 2040 40

287 2079 331 2114 404
354 2066 526 2127 compositae.
556 2067 706 2124 14400440,
726 2064 813 2114 utiu-
850 2061 976 2114 volumen
999 2061 1120 2113 convolvi
1142 2064 1169 2113 et
1190 2065 1215 2113 40
1233 2075 1313 2127 capsa
1331 2076 1376 2113 re-

287 2139 353 2188 bent
369 2151 413 2188 me
431 2138 574 2201 populures
597 2140 664 2198 mei,
690 2137 811 2189 edendae
850 2138 926 2200 poni,
958 2149 991 2186 ex
1021 2149 1072 2200 qua
1099 2137 1212 2188 10444444
1237 2149 1375 2200 nunquam

288 2215 375 2264 sunt.»
396 2210 518 2276 -1144441
537 2214 638 2262 Seneca
657 2213 737 2276 Epist.
754 2213 811 2272 4041,
851 2213 944 2276 postea
960 2224 1053 2262 rursus
1070 2224 1231 2275 promerem
1252 2211 1287 2262 de
1307 2223 1375 2276 pne·

287 2287 334 2336 ao:
346 2287 482 2346 Nunquam
495 2287 811 2349 14404444444114404044144,
851 2299 890 2336 ro:
911 2286 1049 2336 4414444404
1066 2283 1100 2335 ab
1112 2287 1233 2336 amatore
1250 2287 1276 2336 10
1288 2299 1373 2349 angu-

288 2360 330 2408 aed
356 2359 463 2420 lugere,
491 2361 557 2420 qnod
585 2359 710 2409 currendi
737 2373 814 2423 penus
851 2359 1079 2422 stiesredigeris.»
1106 2360 1374 2412 840444004114404,

287 2434 508 2484 concitatissimean
525 2439 568 2484 est.
600 2437 731 2494 410000,
750 2447 814 2498 pro-
852 2433 882 2494 4,
903 2432 1047 2496 004441.
1069 2431 1204 2497 ³,e‚n:)
1232 2435 1273 2484 440
1295 2435 1376 2486 terete

289 2509 345 2570 ripe
363 2509 389 2555 te
411 2507 438 2556 in
456 2506 588 2566 Forum;n
614 2507 686 2570 quod
708 2521 770 2558 cnm
788 2508 814 2556 40
851 2509 878 2557 in
902 2513 1038 2571 0000444404
1057 2509 1147 2570 oppido
1167 2521 1233 2558 nnnc
1248 2521 1318 2558 meae
1336 2523 1378 2559 00-

289 2581 348 2632 loco
366 2578 444 2643 plano
462 2583 489 2630 44
506 2580 597 2632 humili
609 2583 697 2640 esset,
716 2595 749 2632 40
761 2583 814 2631 itu·
851 2588 947 2646 000404
963 2584 1057 2644 copiae.
1076 2585 1155 2648 Prop.
1171 2585 1197 2644 a,
1215 2585 1238 2644 4,
1260 2584 1323 2633 tea:
1349 2583 1377 2632 444

289 2657 326 2706 414
351 2655 544 2705 (4440404404444444
569 2659 626 2705 4444
649 2669 681 2705 ex
703 2655 815 2706 collibus
852 2662 935 2706 44444444
958 2658 1053 2720 eorem
1077 2658 1129 2720 ipse
1147 2659 1233 2706 40444.
1260 2658 1377 2708 [44104444

290 2731 460 2796 propinquis;
488 2729 549 2780 hinc
572 2745 597 2780 v.
619 2731 756 2795 proprium
774 2733 815 2781 est
852 2729 1088 2794 4044444444011044
1112 2732 1176 2781 «mit
1191 2732 1290 2782 40444444
1304 2733 1378 2781 114444-

290 2805 324 2855 de
344 2807 417 2854 Foro.
445 2806 476 2864 Q.
495 2806 589 2855 Cicero
605 2806 640 2855 de
657 2807 712 2856 Pet.
733 2808 813 2856 Cone.
852 2806 1057 2868 denumerem,
1076 2807 1228 2870 importuna
1239 2819 1320 2857 uranu
1332 2819 1377 2856 er·

290 2881 314 2940 4,
334 2880 364 2928 4ε
392 2881 471 2941 Prope
487 2881 596 2939 qnotidie
612 2881 646 2930 cd
663 2881 756 2930 Forum
772 2881 815 2930 4444
853 2881 976 2943 ripere.»
994 2882 1022 2930 et
1037 2882 1065 2930 444
1081 2881 1239 2946 1444040094,
1261 2882 1307 2930 «tn
1323 2881 1379 2932 4400

290 2953 443 3003 descendenti
458 2955 710 3004 meditotnenttocsit.
730 2956 815 3005 114004
852 2956 918 3005 144444
947 2955 1073 3018 0404044044
1097 2956 1150 3004 444441
1174 2955 1232 3005 44044
1256 2955 1378 3018 bodrdnpt

290 3029 363 3078 44044
381 3025 423 3077 alii
441 3026 584 3090 explicent:
613 3029 698 3092 «Fuge
715 3028 813 3089 locum,
852 3031 964 3091 44444440,
989 3030 1015 3080 10
1032 3028 1158 3092 angulum
1175 3029 1252 3080 obiici
1270 3031 1298 3079 et
1312 3041 1377 3092 pre·

290 3115 345 3166 quo
362 3101 529 3152 descendere
547 3103 637 3166 cupis,
657 3103 709 3154 noli
724 3117 757 3153 eo
769 3104 815 3153 de-
854 3103 925 3166 044»)
945 3131 971 3140 -
994 3117 1051 3154 esen
1071 3103 1169 3165 plenus]
1194 3104 1272 3154 41100
1291 3101 1374 3152 Codd.

290 3175 458 3234 scandere»
485 3178 526 3226 cni
544 3178 751 3240 interpretationi
770 3191 815 3228 re-
849 3179 938 3242 ptenns
962 3191 1034 3238 444444,
1061 3176 1134 3240 quod
1158 3175 1262 3241 plenius
1283 3177 1311 3226 et
1332 3189 1377 3226 ro-

291 3252 409 3314 00440004
425 3263 467 3300 vv.
482 3251 514 3300 48
525 3265 601 3315 seqq.
621 3255 648 3301 et
665 3251 744 3301 totius
757 3253 816 3316 Epi·
853 3251 960 3303 40041404
977 3264 1037 3302 4444
1054 3250 1189 3301 1440414104
1206 3251 1233 3301 44
1250 3250 1300 3300 444
1317 3261 1378 3300 mo·

289 3323 372 3374 stolae
407 3325 576 3374 manifestum
605 3323 753 3376 eonsilium.
785 3353 812 3362 -
853 3328 969 3377 nnemnt
993 3327 1020 3375 et
1041 3326 1066 3374 40
1087 3327 1189 3374 tentum
1207 3325 1375 3388 receperunt.

289 3397 385 3460 44444440]
404 3397 503 3460 Dilogia
521 3397 554 3448 de
570 3411 654 3462 puero
666 3413 681 3448 e
694 3399 814 3449 custodia
853 3401 964 3452 Omnino
982 3399 1082 3450 Horatii
1100 3399 1273 3462 interpretes.
1296 3409 1378 3460 prae-

289 3471 373 3523 aemel
400 3472 499 3521 emisso
525 3475 552 3521 et
576 3472 610 3522 de
639 3471 706 3524 libro
732 3473 812 3524 edito.
853 3475 945 3526 sertim
963 3473 1185 3537 cuntugnamms,
1213 3473 1317 3522 aurium
1334 3471 1377 3521 iu-

290 3548 345 3596 Cio.
365 3545 398 3595 ad
418 3547 488 3596 Fam.
508 3547 535 3604 7,
555 3545 601 3604 33,
622 3548 649 3594 4;
676 3549 814 3609 nonnemo
852 3546 1378 3612 (14010044,40014040044441000444404-

289 3620 386 3682 4444044444
402 3620 505 3683 dipnwn
519 3625 605 3671 nostro
621 3623 721 3670 nomine
736 3622 815 3672 emi·
852 3625 944 3690 positis
961 3621 1051 3673 verbis
1068 3621 1254 3686 sollicitarunt,
1279 3625 1378 3688 qnippe

289 3695 390 3744 4404444.
416 3722 441 3730 -
470 3694 533 3758 qun]
558 3695 628 3745 llaec
651 3695 728 3745 lectio
750 3695 814 3745 setis
853 3701 1003 3750 nescientes
1029 3710 1165 3761 nunquam
1190 3696 1272 3748 verba
1290 3701 1379 3748 44404-

290 3768 411 3820 firmatur
427 3781 441 3816 a
455 3769 551 3830 codd,
570 3771 814 3820 scemmentstore
852 3772 975 3838 ponenda
991 3785 1069 3838 esse.
1095 3772 1145 3824 nisi
1162 3773 1209 3821 ant
1224 3773 1379 3836 grammati-

290 3844 398 3906 Cruquii
423 3843 588 3907 (apostquam
612 3847 638 3894 te
658 3843 752 3907 aliquis
770 3857 816 3894 re·
853 3859 901 3898 044
924 3849 970 3896 aut
986 3847 1136 3896 rhetoricae
1156 3844 1230 3909 teges
1247 3845 1379 3896 eiusmodi

290 3917 491 3980 prehenderit»)
517 3921 544 3968 et
570 3917 604 3967 ab
630 3918 685 3982 ipsa
709 3916 813 3981 ditogia,
854 3921 1085 3986 transpositionem
1118 3921 1271 3972 necessario
1303 3920 1380 3984 itepi-

289 4003 358 4053 quae
367 3990 630 4056 personamaliquam
638 3993 814 4056 potiusquam
854 3997 1023 4046 4404014404.
1051 3993 1142 4045 Adde:
1164 3996 1213 4046 nisi
1230 3995 1380 4058 antiquissi-

289 4077 346 4114 rem
364 4064 515 4117 laedentem
527 4067 646 4129 requirit.
662 4093 691 4104 -
707 4068 814 4130 40444444]
854 4083 960 4120 4004040
977 4071 1005 4119 44
1021 4069 1311 4133 praestantissimorum
1329 4069 1380 4119 Co-
1450 4075 1454 4081 '

290 4139 324 4188 de
336 4137 417 4188 libro:
438 4139 545 4194 40144414
558 4143 653 4205 iniquis
667 4141 814 4193 4004440414
854 4143 943 4194 4140004
961 4144 1119 4202 4004044444,
1147 4142 1172 4192 441
1191 4141 1378 4202 atterimus,

289 4215 417 4276 exceptus
444 4217 496 4265 eris
521 4228 553 4266 ac
577 4217 611 4266 de
636 4219 662 4266 te
686 4217 812 4268 dixerint:
853 4217 955 4268 suadet.
986 4219 1113 4268 Ceterum
1132 4218 1158 4268 10
1176 4217 1272 4267 Ηο44414
1288 4217 1379 4268 satiris
