3156 4972
613 426 672 476 [ΛΒ.
692 426 722 475 ll.
758 426 826 476 sil.
845 425 887 474 lV.

251 583 372 648 Natura
394 589 461 660 cst;
484 579 555 646 aliis
579 579 663 649 male
685 579 838 648 creditur.
881 579 937 648 lile
958 579 1105 648 salubres

251 705 396 770 licentes
420 713 568 790 peraget,
592 703 648 789 qui
671 703 770 790 nigris
792 701 928 790 prandia
948 702 1049 769 moris

251 823 371 900 Finiat,
395 835 470 891 ante
492 844 625 912 gravem
646 844 731 912 quae
754 822 868 920 legerit
889 823 1006 892 arbore
1029 823 1140 892 solem.

250 944 397 1012 lulidius
419 945 491 1012 lorti
515 945 673 1012 miscebat
694 944 790 1012 mella
812 944 962 1024 Falerno,

254 1067 427 1144 idendose,
451 1066 605 1155 quoniam
626 1066 739 1158 vacuis
761 1067 960 1134 committere
982 1068 1073 1134 venis
1250 1065 1294 1134 ’45

250 1187 298 1254 Nil
321 1188 382 1255 nisi
405 1188 479 1256 leue
502 1188 615 1268 decet;
636 1187 701 1254 leni
723 1188 915 1275 praecordia
936 1187 1041 1256 mulso
1158 1182 1163 1192 ’

250 1309 416 1376 Prolueris
438 1309 564 1378 melius.
608 1311 641 1377 Si
664 1309 746 1376 dura
768 1309 946 1377 morabitur
967 1310 1073 1388 alvus,

240 1479 328 1540 clara,
348 1480 406 1603 gig,
423 1479 504 1530 midae
520 1478 662 1530 bandinus.
690 1503 716 1514 —
744 1479 785 1529 44.
804 1479 916 1531 salaba
931 1492 1065 1546 superscr.
1084 1482 1094 1531 i
1111 1482 1136 1532 S.
1163 1509 1191 1518 -
1217 1484 1258 1534 44.

236 1553 339 1618 rescit
395 1592 400 1603 ·
513 1573 515 1578 ¹

204 1697 241 1736 an
252 1684 366 1736 mendax
378 1687 567 1749 praeceptum,
585 1697 648 1748 ego.
666 1699 733 1736 nun·
768 1685 850 1736 Nimis
867 1683 972 1737 subtilis
989 1686 1095 1736 videtur
1110 1686 1226 1737 Tumebi
1245 1699 1293 1736 ex-

204 1771 288 1824 quam
321 1761 461 1824 expertus,
491 1771 602 1824 prorsus
629 1760 730 1824 ignore.
768 1759 887 1825 plicatio:
917 1763 978 1827 equi
1000 1761 1064 1812 nibil
1087 1763 1196 1826 praeter
1216 1774 1292 1811 mora

206 1834 366 1898 -Falemel
385 1833 459 1884 conl.
478 1847 503 1883 v.
517 1833 557 1885 44.
768 1837 871 1886 matura
898 1837 926 1886 in
950 1836 1061 1900 prandio
1088 1836 1199 1900 (prandii
1225 1835 1292 1901 loco)

238 1909 280 1959 40.
296 1910 338 1960 44,
364 1909 522 1959 Pacensem
547 1908 609 1974 cet]
635 1907 731 1960 Multus
767 1909 917 1960 comedet.»
968 1911 1026 1960 lion
1053 1911 1093 1962 sic
1123 1909 1292 1976 prandebant

204 1987 248 2035 est
266 1984 437 2048 Crnquinsin
455 1983 664 2035 demonstrando
680 1985 731 2034 hoc
768 1985 876 2034 Catispi.
899 2011 925 2020 -
945 1989 1004 2034 aete
1026 1999 1130 2049 presan
1147 2011 1162 2021 -
1178 2011 1193 2022 ·
1208 1985 1293 2050 seem]

203 2071 314 2122 quoque
331 2062 505 2123 praeceptum
518 2071 667 2123 repugnare
676 2059 732 2123 opi·
768 2071 862 2110 amane
881 2060 966 2123 igitur,
987 2073 1020 2110 ne
1032 2061 1109 2112 nimis
1122 2073 1136 2110 a
1148 2061 1204 2111 sole
1217 2064 1292 2110 cocta

130 2157 135 2165 ·
203 2133 276 2183 nieni
299 2134 434 2183 communi
463 2133 566 2197 ipsique
589 2133 729 2196 fungorum
767 2135 872 2184 aestum
882 2135 1291 2199 moveant,sedpotiusstoma-

203 2211 323 2258 naturae.
352 2209 449 2258 Contra
461 2207 523 2258 dicit
534 2209 651 2271 Bargos:
669 2208 732 2257 Este
767 2210 847 2259 chum
854 2206 997 2259 salubriter
1005 2208 1186 2273 refrigerent.»
1206 2211 1291 2270 Quem

203 2281 485 2332 incontestablsverdad
500 2282 535 2331 ta
552 2283 605 2331 side
622 2281 731 2332 amaea
767 2285 810 2335 hic
826 2297 931 2348 precem
943 2281 1162 2348 appellatsolem‚
1176 2297 1239 2334 eum
1250 2297 1293 2334 su-

202 2357 338 2407 criticede.
373 2357 412 2406 lia
437 2357 539 2420 perrorat
563 2357 602 2406 las
625 2361 689 2407 setas
712 2371 731 2406 a
766 2371 814 2423 pra
826 2357 1023 2420 sat.t,e‚las.
1042 2360 1291 2410 ccrtmemvocavit.

202 2433 296 2496 benges
312 2433 342 2481 dc
364 2431 400 2480 los
419 2431 488 2480 sitim
509 2432 615 2482 inmites
632 2433 731 2494 preda-
797 2433 885 2484 44-47.
904 2433 1025 2498 Aufidius]
1043 2435 1134 2486 Utrum
1147 2435 1180 2484 sit
1193 2435 1227 2485 ll.
1241 2437 1293 2484 Aa·

202 2521 248 2558 cen
262 2507 351 2570 efectus
364 2507 580 2568 perniciossimae.
615 2509 729 2558 Aesone
766 2507 843 2558 fidius
861 2509 959 2568 Lurco,
988 2509 1034 2572 qui
1053 2509 1155 2572 primus
1171 2519 1291 2574 pavones

203 2580 349 2632 morchella
368 2577 465 2640 edulia,
484 2583 605 2644 agaricus
619 2580 730 2631 delicio-
766 2583 887 2645 saginare
899 2583 1010 2633 instituit
1019 2581 1091 2646 (Plin.
1103 2583 1133 2633 H.
1144 2584 1175 2633 N.
1187 2583 1226 2644 40,
1240 2582 1291 2644 40.)

202 2668 261 2716 sus,
280 2653 446 2719 lycoperden
464 2654 544 2704 tuber
555 2657 626 2718 (nam
638 2655 672 2706 de
688 2655 729 2706 bis
765 2669 860 2718 necne,
871 2656 1052 2721 nobisparnm
1062 2659 1230 2721 compertum
1240 2659 1290 2707 est.

202 2743 327 2794 quoque,
346 2741 399 2778 non
417 2727 504 2780 solum
521 2729 555 2779 dc
572 2728 668 2780 boletis
686 2729 729 2779 bic
767 2759 794 2768 -
806 2733 867 2796 ferti
877 2732 995 2781 miscebat
1009 2732 1085 2782 asella
1096 2731 1212 2796 Falerno]
1226 2733 1293 2783 blar-

202 2804 375 2869 cogitandam
405 2808 460 2865 est,
496 2817 559 2854 curn
588 2804 729 2855 tuberibus
765 2805 817 2856 tial.
832 2805 860 2867 l,
880 2806 925 2867 43,
945 2806 973 2857 4;
998 2806 1291 2856 numennumen

201 2879 334 2944 (4444444444
352 2891 438 2942 aeque
456 2878 654 2929 delectarentur
674 2879 728 2929 lio-
764 2881 823 2930 beree
850 2881 1020 2944 (miscentur)
1046 2881 1107 2930 ciac
1130 2880 1203 2943 focis.
1239 2880 1292 2930 Lo-

200 2956 282 3005 maai.
301 2956 393 3004 laven.
404 2955 429 3015 s,
443 2953 509 3016 446.)
523 2955 548 3004 in
561 2955 653 3018 pratis,
667 2967 729 3005 con·
765 2957 855 3018 quitur
865 2955 899 3006 de
912 2953 1086 3020 promulside.
1122 2954 1175 3005 Cir.
1189 2953 1293 3004 Becker

202 3033 244 3080 tra
256 3029 461 3080 nocentissimus
478 3027 520 3078 llle
533 3029 653 3092 agaricus
670 3041 729 3079 mu·
766 3030 853 3080 Gallus
868 3031 912 3079 lll.
932 3043 958 3092 p.
979 3029 1035 3080 484.
1054 3028 1111 3079 440.
1143 3027 1241 3079 Plinius
1259 3029 1290 3078 H.

201 3103 305 3154 sarius
322 3103 349 3152 in
365 3101 437 3152 silvis
455 3101 564 3166 aliisque
581 3101 647 3154 locis
665 3117 729 3168 opa-
764 3105 795 3154 N.
808 3105 853 3165 44,
873 3103 916 3153 ts:
936 3104 1039 3165 Semper
1048 3103 1156 3152 mulsam
1168 3108 1292 3154 exactore

200 3179 241 3228 cis
258 3177 401 3240 reperitur.
421 3203 449 3212 -
474 3177 540 3242 eliis]
563 3191 590 3227 ιιι
607 3176 679 3230 silvis
696 3192 728 3230 ac
764 3179 822 3229 eino
855 3178 1013 3228 4444444444
1042 3177 1208 3241 sedimusque
1235 3191 1292 3228 οιιιιι

200 3249 345 3316 paludibus
371 3251 447 3302 natis.
473 3279 500 3287 -
522 3252 590 3302 male
609 3253 728 3318 mentm]
764 3253 835 3304 celle
850 3257 1062 3314 caccavorum,
1089 3252 1292 3315 mediocritei

199 3326 302 3376 Inutiles
325 3326 404 3374 vocat
429 3323 523 3378 Celsus
548 3328 576 3388 t,
603 3328 648 3389 47,
676 3329 727 3389 lis
764 3339 895 3389 conquam
906 3327 994 3376 evenit.
1029 3328 1182 3378 necuere
1194 3328 1292 3391 factam

199 3402 292 3452 acates
318 3401 383 3451 ilem
408 3401 468 3450 tatis
492 3403 603 3465 opponit
630 3399 728 3453 Plinius
764 3417 815 3454 ece
831 3403 916 3465 inspici
932 3403 1094 3453 emmaum.
1107 3404 1291 3467 --Appeteedi

201 3477 231 3526 ll.
251 3477 283 3526 N.
301 3475 349 3536 44,
371 3475 414 3525 43.
450 3476 528 3540 (virg.
548 3475 601 3526 Ecl.
625 3476 655 3539 3,
680 3477 726 3528 Pl:
765 3483 971 3541 qwqaerceccet
982 3477 1195 3528 444444444444444444
1215 3476 1289 3530 coni.

199 3565 250 3600 aaa
267 3550 327 3600 bene
342 3551 415 3614 ripae
431 3550 568 3616 (laeditur.)
765 3553 818 3602 Sat.
831 3553 860 3612 4,
878 3553 908 3609 4,
927 3552 967 3601 ib.
997 3551 1152 3613 Falernum,
1172 3553 1245 3617 quod
1262 3553 1289 3603 b.

231 3625 274 3676 44.
287 3623 329 3674 43,
348 3625 473 3687 presidia]
491 3627 601 3689 Proprie
619 3629 727 3691 accipe,
764 3625 781 3678 l.
793 3628 992 3691 {ortevocatum
1011 3640 1124 3682 scaenam
1135 3628 1230 3678 dicitur
1241 3627 1290 3677 Od.

200 3713 254 3752 non
280 3699 315 3750 de
341 3701 491 3763 gustatione
518 3702 590 3752 initio
617 3715 726 3752 coenae.
766 3702 794 3764 4,
813 3701 857 3760 44,
876 3701 912 3764 9.,
934 3703 1026 3752 ardea
1049 3701 1097 3752 0d.
1118 3703 1148 3762 4,
1177 3701 1221 3770 44,
1249 3702 1289 3752 49.

200 3775 371 3826 Contrarium
383 3787 476 3826 rursus
488 3775 568 3826 docet
585 3776 683 3826 Plinius
696 3777 726 3827 ll.
768 3804 794 3812 -
810 3777 899 3826 aecae
914 3775 990 3840 eeeb]
1009 3775 1114 3826 uicinus
1125 3776 1291 3826 stomacho.»

200 3851 230 3900 N.
243 3849 289 3909 43,
309 3850 338 3899 7:
357 3850 597 3914 lgasapemaimori)
610 3852 730 3912 admoe-
768 3877 795 3888 -·
823 3851 876 3900 bae
895 3878 909 3888 -
927 3850 984 3914 leci]
1010 3848 1137 3901 Consulto
1163 3851 1293 3914 repetitur

198 3925 387 3974 wnsstomacbc
397 3923 648 3989 miliarefrtgerant,
661 3926 729 3975 4444444
764 3927 880 3974 vocab
903 3926 1012 3976 bomine
1033 3925 1097 3974 ariis
1121 3925 1290 3987 coquinarius

199 4000 312 4063 4444444,-
329 3999 351 4048 si
367 4013 418 4048 eoa
434 4002 594 4062 spernentia
606 4001 676 4058 ¹atius
691 4001 728 4049 ct-
764 4000 936 4064 peritissimo.
947 4027 974 4036 -
981 3998 1144 4063 praecordia]
1156 3999 1289 4061 intestina,

198 4074 257 4134 bau,
275 4075 450 4125 iatmueeaaat.
486 4074 538 4125 Sed
556 4075 600 4126 bic
617 4075 729 4126 decoe—
765 4075 791 4125 in
816 4075 909 4139 primis
933 4071 1118 4124 ventriculum.
1154 4073 1238 4138 Epod.
1260 4075 1288 4134 3,

198 4149 239 4198 nis
251 4145 377 4212 loquitur.
401 4147 590 4209 Celsusi‚29.
604 4149 726 4212 interea,
764 4152 793 4200 t:
822 4151 888 4212 Quid
907 4150 952 4198 lroc
968 4147 1056 4198 ameni
1071 4149 1151 4198 saevit
1170 4149 1198 4199 ie
1211 4163 1291 4212 prae-

198 4234 268 4286 quae
298 4221 388 4273 alvum
416 4226 556 4284 moveant,
587 4226 728 4275 enumerat
764 4221 874 4275 ceritis?
907 4251 934 4260 -
960 4222 1101 4285 Prdaeb]
1127 4223 1180 4274 Sat.
1204 4226 1232 4286 4,
1259 4227 1288 4286 e,

198 4309 300 4359 cerasa,
326 4309 415 4360 maa,
438 4312 517 4362 perna
538 4299 624 4350 meseia
644 4300 726 4350 mnia.
765 4297 1291 4362 se:n1aaprelasasvappe.-sseara
