3116 4968
333 433 395 500 494
657 485 660 491 ,
713 433 843 485 Hosurll
860 433 1041 486 sustitinent

374 591 430 659 Ille
452 591 540 657 velut
562 589 635 656 fidis
659 610 776 657 arcana
798 588 965 656 sodalibus
988 588 1064 656 olim
1382 594 1422 659 30

376 713 537 781 Credehal
558 711 663 790 libris,
689 733 811 800 neque,
835 711 969 778 simale
992 722 1151 790 cesserat,
1176 733 1321 801 unquam

373 837 557 902 Decurrens
579 833 657 912 alio,
680 854 788 921 neque
810 834 837 899 si
859 832 961 913 bene;
984 855 1050 921 quo
1072 833 1120 911 fit,
1144 844 1180 900 ut
1201 835 1305 902 ornnis

372 956 483 1023 votiva
505 965 613 1042 pateat
634 954 731 1022 veluti
754 954 917 1043 descripta
938 955 1057 1024 tabella

395 1219 435 1269 at.
454 1223 563 1282 parerat
579 1217 690 1270 Bentleii
707 1219 734 1267 et
745 1217 861 1268 Pottierii
872 1220 980 1283 praeter
991 1231 1074 1270 unum
1086 1233 1195 1283 omnes,
1214 1221 1265 1286 Sep
1277 1223 1306 1272 et
1316 1233 1387 1273 corr.

362 1293 391 1355 b,
410 1294 475 1344 item
492 1293 533 1342 Ct.
565 1291 686 1356 (lituos,
708 1293 825 1344 Pottierii
847 1293 957 1357 quartus
978 1294 1005 1342 et
1025 1305 1066 1356 pr.
1089 1293 1127 1358 b.)
1153 1322 1180 1331 -
1203 1307 1312 1358 usqam
1329 1309 1344 1346 c
1361 1299 1390 1348 et

363 1381 432 1419 corr.
452 1367 484 1429 S,
503 1367 567 1417 itam
586 1366 618 1417 Ct
634 1379 667 1416 ac
682 1365 825 1418 Bentlelus.

329 1601 385 1650 nim
401 1597 522 1650 facillime
533 1597 692 1662 plerumque
704 1598 855 1649 concedere
893 1598 940 1649 Od.
961 1601 989 1660 l,
1013 1601 1043 1659 o,
1069 1599 1109 1650 43.
1139 1599 1195 1652 Cic.
1208 1601 1243 1653 de
1260 1605 1318 1654 Nat.
1337 1605 1418 1655 Deor.

330 1671 448 1725 solemus
472 1675 609 1723 mortuum
634 1671 753 1736 aliquem
778 1672 855 1723 nobis
893 1673 922 1733 3,
941 1672 986 1734 37,
1005 1673 1055 1724 89:
1079 1687 1162 1725 aomo
1183 1677 1365 1728 manaucatis
1386 1692 1421 1728 ec

330 1749 504 1814 praestitisse.
892 1751 927 1796 tot
943 1746 1034 1798 wool&
1049 1748 1138 1811 pictis,
1162 1763 1240 1812 quma
1261 1752 1335 1802 martti
1356 1753 1422 1802 ootb

891 1821 942 1872 otor
958 1825 1109 1884 tenpestotts
1119 1825 1252 1888 effuperr'ot
1264 1827 1292 1876 in
1304 1833 1422 1889 parm

363 1897 451 1948 30-3t.
469 1897 586 1958 illucet]
606 1895 736 1949 «Lucilius
748 1896 855 1946 intimos
892 1909 939 1956 que
955 1895 1020 1945 actui
1033 1898 1211 1958 peremerint?
1226 1925 1255 1936 -
1268 1902 1340 1965 asab]
1355 1902 1421 1952 Hie-

330 1972 411 2022 animi
440 1972 552 2022 allectus
580 1974 607 2022 et
636 1984 748 2022 arcanas
776 1983 855 2021 curas
892 1983 1021 2033 ronymus
1039 1971 1064 2021 in
1083 1972 1181 2024 chron.
1198 1973 1284 2025 adol.
1303 1975 1365 2036 469,
1394 1977 1418 2026 2.

330 2045 513 2097 concredebat
529 2059 551 2097 s.
565 2045 750 2098 committebat
765 2046 855 2096 Satiris
892 2044 977 2094 XLVI.
988 2042 1125 2096 dumtaxat
1141 2059 1227 2098 annos
1239 2049 1264 2098 ei
1280 2047 1375 2099 tribuit
1386 2050 1419 2111 (a.

330 2121 398 2182 suiS,
416 2133 588 2184 magnacum
606 2120 773 2185 simplicitate
787 2120 856 2185 (net
892 2132 919 2170 u.
933 2131 957 2168 c.
970 2118 1141 2182 6⁰6-652.)‚
1162 2120 1188 2170 ld
1205 2123 1279 2185 quod
1296 2124 1421 2186 congruit

328 2193 393 2258 oete)
416 2195 505 2246 omnia
529 2207 592 2245 cum
613 2193 758 2246 lectoribus
779 2207 856 2245 com·
893 2205 955 2244 cum
967 2192 1056 2244 Lucilli
1068 2207 1137 2246 enno
1149 2195 1237 2258 natali,
1252 2210 1335 2261 quem
1347 2197 1419 2248 idem

330 2269 482 2331 municans,
502 2270 558 2319 sive
576 2269 639 2332 quid
657 2270 684 2320 in
701 2270 753 2319 vita
766 2269 856 2333 quoti·
893 2268 1071 2331 Hieronymus
1091 2267 1239 2334 Olympiadi
1268 2273 1325 2322 tos.
1351 2273 1421 2324 assi-

330 2343 409 2394 diana
427 2345 451 2394 ei
469 2342 531 2394 mali
553 2343 700 2404 acciderat,
724 2356 774 2394 seu
791 2343 856 2407 uoid
893 2345 963 2405 gnei.
991 2344 1048 2396 Fuit
1059 2345 1162 2395 amicus
1174 2345 1289 2396 Almceni
1305 2347 1419 2398 minoris

329 2419 452 2484 prosperi
474 2419 645 2481 contigerat.»
673 2420 713 2469 De
736 2419 789 2469 vita
807 2431 856 2468 au·
893 2417 991 2466 mortui
1008 2430 1032 2466 a.
1046 2431 1072 2467 u.
1086 2431 1110 2468 c.
1130 2417 1187 2469 ote.
1207 2422 1234 2470 et
1250 2419 1303 2470 sub
1320 2433 1354 2470 eo
1365 2423 1421 2472 Nu-

329 2497 386 2544 tem
414 2506 463 2544 sua
492 2494 608 2544 maxime
636 2507 686 2558 per
710 2495 855 2544 satirarum
893 2491 1012 2540 mantino
1029 2489 1100 2542 bello
1119 2493 1151 2554 (a.
1165 2493 1232 2556 ott.)
1246 2506 1331 2558 eques
1348 2493 1421 2545 mili-

328 2567 428 2619 librum
451 2569 481 2620 X.
500 2568 606 2620 videtur
629 2570 715 2633 egisse
738 2568 856 2620 Heusdio
892 2566 969 2628 tavit,
993 2565 1064 2616 unde
1082 2564 1172 2616 multis
1190 2568 1276 2618 visum
1294 2571 1348 2630 est,
1373 2581 1420 2619 er-

331 2641 411 2694 Lucil.
433 2657 460 2708 p.
484 2644 539 2693 tut.
586 2644 687 2695 Verum
713 2646 856 2694 consentu·
892 2651 982 2689 rorem
1008 2640 1034 2688 in
1063 2639 1204 2691 indicando
1230 2643 1323 2693 modis
1349 2655 1420 2694 anno

331 2730 413 2770 neum
431 2719 472 2768 est
490 2716 553 2768 alibi
570 2730 678 2782 quoqne
694 2717 797 2782 passim
814 2731 857 2768 re-
893 2714 1067 2765 commissum
1091 2727 1151 2764 essa
1175 2714 1210 2764 ab
1236 2716 1418 2780 Hieronym03

328 2805 390 2843 rum
421 2804 532 2842 suarum
563 2794 728 2842 mentionem
759 2790 793 2841 ab
822 2803 855 2842 eo
892 2800 988 2838 verum
1012 2800 1065 2838 van
1090 2787 1197 2839 Heusde
1225 2789 1305 2840 Laod.
1327 2803 1353 2854 p.
1376 2792 1418 2841 tl.

329 2867 455 2917 iniectam
473 2879 544 2916 esse.
572 2867 628 2916 Nec
643 2878 709 2916 vero
726 2868 857 2916 recteex-
892 2863 1085 2913 demonstravit
1102 2865 1165 2914 tnnc
1181 2877 1235 2914 non
1252 2865 1286 2915 lta
1303 2865 1420 2916 rnrola-

328 2942 435 3008 plicavit
459 2941 608 2994 Bentleius:
639 2945 707 2994 «Seu
732 2943 804 2994 bene
830 2943 855 2992 ei
892 2939 965 2988 ctum
990 2949 1067 2999 esse,
1099 2940 1129 2988 ut
1154 2940 1210 2988 aori
1239 2939 1332 2989 militia
1352 2953 1420 3002 puer·

330 3020 452 3070 cesserat
468 3019 494 3068 in
513 3017 668 3080 scribendo,
691 3031 741 3070 seu
757 3016 853 3077 malem
892 3013 1026 3062 Romanus
1037 3013 1090 3062 XV.
1104 3026 1235 3064 annorum
1251 3013 1360 3064 militiae
1372 3027 1420 3066 no-

328 3105 391 3142 cnm
408 3091 443 3142 de
460 3093 585 3144 omnibus
603 3093 673 3143 vitae
692 3092 855 3144 vicissitudi-
892 3098 955 3137 men
972 3086 1063 3146 darell
1088 3088 1158 3138 118110
1179 3091 1268 3138 aulem
1291 3101 1417 3154 praema-

328 3167 407 3218 nibus
424 3165 625 3230 intelligendum
637 3167 678 3217 sit.
702 3169 856 3231 Lectiopee·
892 3163 979 3212 turam
1003 3159 1123 3210 militiam
1146 3160 1279 3213 sublatam
1305 3176 1368 3215 esse
1386 3165 1416 3214 C.

328 3247 396 3292 serat
411 3243 564 3292 accusativo
576 3254 670 3292 carere
682 3253 733 3290 non
751 3234 867 3304 posset,¹
892 3236 1003 3286 Gracchi
1025 3235 1165 3286 tribunicia
1189 3233 1247 3300 lege
1265 3236 1341 3300 (Plut.
1359 3239 1419 3289 Vita

329 3318 410 3378 atque
427 3316 516 3366 ortum
534 3319 574 3366 est
596 3329 628 3364 ex
646 3329 700 3365 non
723 3313 854 3366 intellecta
891 3308 935 3371 b),
955 3309 1129 3372 (Ιῦδᾰΐῑθῐὶῑὶῑθ
1146 3314 1207 3376 9⁰⁸⁸
1223 3313 1342 3364 0¹⁰iS³m
1362 3315 1419 3364 Nu·

329 3388 429 3438 floreta
445 3400 535 3437 manu.
558 3413 585 3424 -
598 3389 719 3450 osquam]
739 3388 856 3440 comte
891 3385 1032 3445 mantiam,
1051 3397 1104 3448 uua
1116 3387 1225 3436 cauum
1236 3389 1289 3446 est,
1310 3400 1344 3438 ne
1357 3389 1419 3452 quis

330 3475 378 3513 cus
395 3461 538 3511 deliniatur
552 3474 578 3512 v.
598 3463 663 3524 alto,
687 3463 807 3527 praestat
825 3465 855 3514 ut
891 3457 959 3508 infra
975 3459 1051 3510 XVII.
1064 3461 1159 3511 totalis
1175 3473 1276 3512 anuum
1291 3461 1327 3512 ad
1347 3461 1420 3513 mili·

329 3537 410 3588 etiam
436 3538 542 3600 tempus
568 3536 732 3600 significetur
755 3549 782 3587 v.
804 3551 854 3587 uo-
891 3533 956 3583 tiam
973 3537 1124 3596 cogeretur.
1158 3535 1310 3586 ldemuero
1326 3536 1419 3588 Lucilii

329 3625 422 3673 qaam
442 3623 549 3672 mquam
563 3611 614 3660 otio
631 3612 746 3661 otiosum
759 3614 808 3663 est.
824 3637 851 3650 -
891 3608 973 3658 vitam
990 3608 1114 3672 producit
1133 3621 1220 3672 usque
1241 3609 1275 3660 ad
1300 3623 1326 3661 a.
1345 3623 1374 3662 u.
1392 3625 1417 3663 o.

329 3688 472 3738 Decurreres
496 3684 561 3749 otto]
589 3683 676 3736 «aliud
702 3686 854 3749 coniugium
892 3681 961 3744 687„
980 3682 1041 3745 quia
1059 3682 1135 3732 satir.
1148 3683 1176 3733 L.
1195 3683 1236 3733 20.
1250 3682 1337 3734 snt:
1356 3685 1419 3736 cat-

330 3772 495 3824 quaerenrn»
524 3787 551 3796 -
582 3760 670 3810 Volivo
685 3785 700 3796 -
716 3787 732 3796 -
748 3761 854 3826 tudem]
887 3755 967 3818 rami
988 3768 1090 3806 sosoma
1108 3755 1187 3820 epora
1207 3757 1303 3808 Pisonis
1318 3759 1420 3808 memi-

330 3832 436 3886 «Solent
455 3834 573 3897 naufragi
591 3847 671 3886 suum
688 3835 853 3899 naufragium
892 3830 972 3890 uerit.
997 3827 1040 3879 illo
1058 3842 1128 3880 anno
1145 3829 1180 3880 de
1197 3829 1301 3881 ambitu
1317 3829 1417 3893 letam

329 3907 357 3956 in
373 3905 470 3958 tabella
487 3908 625 3972 depictum
641 3908 813 3960 circumferre
829 3913 857 3960 et
892 3904 1000 3969 proprie
1018 3903 1097 3966 igitur
1106 3917 1132 3953 v.
1142 3905 1207 3956 raab
1217 3903 1419 3968 intelligendum

330 3980 357 4029 in
378 3980 484 4047 templis
502 3981 579 4033 alicui
596 3982 648 4032 deo
669 3985 856 4034 consecratum
893 3992 962 4032 esse.
1003 3978 1104 4028 Verum
1132 3979 1201 4029 duae
1228 3980 1346 4032 maxime
1367 3979 1419 4032 ob-

330 4054 506 4118 suspendere.
540 4057 582 4108 lid
598 4056 857 4108 buncmodumLu-
893 4055 963 4104 statu
986 4050 1171 4104 difficultates:
1200 4054 1319 4119 primum
1346 4056 1419 4108 enlm

331 4125 382 4178 oilli
399 4131 537 4180 senisvita
556 4133 610 4182 tam
627 4129 698 4180 clare
710 4131 789 4182 estin
800 4129 856 4180 suis
892 4128 1003 4179 minime
1030 4128 1135 4178 constat
1159 4141 1175 4178 a
1203 4127 1302 4180 Lucilio
1329 4127 1419 4194 legem

330 4201 420 4264 libris,
445 4204 522 4266 quasi
545 4207 618 4256 esset
639 4204 743 4270 depicta
764 4205 790 4254 in
807 4201 856 4254 ali·
893 4199 1064 4266 Calpurniam
1088 4203 1119 4253 de
1139 4202 1236 4254 uram
1259 4204 1417 4269 significari,

332 4289 386 4341 qua
408 4275 523 4327 mula.»
561 4278 645 4329 Con.
664 4279 743 4338 cauo.
778 4277 853 4330 Conl.
893 4289 956 4328 cum
980 4277 1062 4328 etiam
1087 4277 1117 4330 de
1140 4279 1255 4341 mata
1276 4281 1420 4344 repetundo
