3082 4968
254 393 295 458 80
638 395 767 446 bonurn
785 394 967 448 sarmationi

297 552 428 618 Lividus
452 561 484 618 et
505 551 639 618 mordax
660 550 775 618 videor
796 551 877 618 tibi?
900 550 1017 619 blentio
1040 549 1067 616 si
1090 573 1154 639 qua

296 676 345 741 De
369 672 538 761 Capitolini
562 672 652 740 lurtis
676 673 793 740 iniecta
815 672 918 740 Petilli

297 797 340 861 Te
363 815 473 860 coram
497 794 605 873 luerit,
630 793 806 870 delendaS‚
830 803 865 860 ut
886 803 961 861 tuus
984 805 1034 861 est
1056 815 1140 860 mos:
1303 797 1344 859 95

299 916 348 982 lle
373 915 570 1004 Capitolinus
592 917 776 983 convictore
799 937 879 982 usus
902 916 1072 1004 amicoque

299 1041 324 1104 Α
346 1059 448 1125 puero
471 1049 521 1105 ast
543 1057 709 1125 causaque
731 1057 804 1104 mea
827 1036 985 1125 permulta
1006 1045 1137 1124 rogatus

297 1161 401 1238 Fecit,
426 1169 459 1226 et
481 1159 650 1226 incolumis
672 1158 776 1226 laetor
798 1157 886 1246 quod
910 1159 986 1224 vivit
1007 1159 1039 1224 in
1056 1157 1159 1239 ¹urbe;

298 1280 364 1348 Sed
385 1291 492 1348 tamen
516 1280 674 1358 admiror,
699 1301 764 1368 quo
787 1289 882 1367 pacto
905 1280 1060 1347 iudicium
1084 1279 1160 1347 illud

297 1403 437 1490 Fugerit.
481 1402 541 1468 llic
564 1402 675 1490 nigrae
698 1423 797 1468 sucus
818 1401 972 1490 loliginis,
1002 1401 1083 1470 baec
1105 1395 1156 1468 ost
1283 1402 1345 1468 l00

298 1527 426 1611 Aerugo
449 1544 548 1590 mera.
592 1523 687 1603 Quod
709 1523 821 1590 vitium
843 1523 957 1612 procul
979 1523 1066 1591 aiore
1089 1523 1224 1602 chartiS,

296 1649 400 1735 Atque
423 1646 529 1712 animo
550 1645 659 1734 prius,
682 1656 718 1711 ut
739 1646 766 1712 si
789 1646 869 1734 quid
889 1647 1077 1734 promittere
1100 1645 1142 1713 de
1163 1666 1217 1712 me

298 1771 436 1835 Possum
458 1767 547 1835 aliud
568 1787 663 1845 vere,
688 1768 848 1855 promitto.
891 1767 1040 1835 Liberius
1063 1769 1090 1834 si

297 1891 415 1957 Dixero
438 1889 535 1978 quid,
561 1889 588 1954 si
611 1888 692 1956 forte
714 1889 870 1967 iocosius,
894 1888 957 1957 boc
978 1889 1056 1956 mihi
1079 1890 1157 1956 iuris

321 2099 361 2148 95.
381 2097 494 2160 mirmur
510 2097 536 2146 S.
559 2119 586 2132 -
607 2097 662 2147 400.
680 2097 754 2160 socan
772 2109 804 2147 ex
822 2110 875 2147 uno
893 2097 992 2148 Codice
1010 2097 1037 2158 F,
1055 2109 1143 2147 soecos
1159 2111 1185 2161 p.
1207 2123 1233 2133 —
1254 2099 1310 2149 rot.

286 2179 314 2222 nt
332 2184 467 2237 superscr.
487 2177 510 2221 at
526 2171 553 2220 S.
574 2197 602 2208 -
623 2171 679 2221 403.
699 2171 777 2236 aliod]
796 2172 857 2234 qnid
873 2171 900 2221 d.

256 2323 325 2372 bane
343 2320 422 2371 edita.
443 2347 470 2356 -
491 2319 675 2382 Capitolini-³
691 2320 778 2384 Petilio]
815 2319 931 2371 tiuncula
965 2321 1057 2372 nescio
1093 2321 1164 2371 uude
1198 2322 1340 2385 desumpta

256 2395 345 2446 Gentis
362 2394 477 2446 Petilliae
506 2407 655 2458 cognomen
681 2394 780 2457 Capito·
817 2397 898 2461 (certe
915 2397 1053 2460 antiquum
1065 2395 1183 2448 colorem
1199 2396 1288 2454 habeti
1301 2399 1344 2448 est

255 2471 321 2520 tinen
348 2473 460 2534 apparet
493 2469 573 2519 etiam
606 2483 639 2519 ex
670 2468 779 2522 Morellii
816 2469 887 2536 apud
916 2472 1043 2521 loannem
1071 2471 1170 2522 sarisb.
1198 2471 1231 2522 da
1261 2472 1340 2534 Nugis

255 2544 333 2594 Thes.
359 2546 379 2593 i.
404 2557 430 2606 p.
455 2542 512 2593 345.
535 2543 623 2593 iticcio
645 2545 681 2593 Μ.
702 2544 731 2593 F.
750 2545 778 2594 n.
818 2545 918 2605 Cun'i,
937 2544 982 2596 at:
1008 2546 1065 2596 Toto
1080 2551 1115 2595 ast
1131 2547 1193 2595 aaut
1210 2547 1345 2597 oratoris:

255 2631 282 2683 p.
302 2619 357 2668 465.
378 2617 476 2680 «Fingit
492 2617 780 2681 satoquicumamico
818 2619 924 2669 ‹riotiom
951 2619 1118 2670 Fortunatam
1144 2621 1228 2683 fateor
1258 2621 1343 2670 uirum

256 2691 346 2743 Patiliii
369 2691 519 2756 Capitolini,
547 2694 592 2755 qui
615 2706 677 2742 oum
700 2706 781 2756 praa·
816 2695 908 2758 sortem
924 2699 947 2743 et
964 2699 1143 2756 qrnmcorntnt
1158 2697 1344 2758 atrenoooglaso

256 2769 328 2818 esset
353 2765 495 2830 Capitolio,
525 2767 597 2818 unde
620 2766 781 2831 Capitolinus
818 2781 896 2831 quom
907 2769 1035 2830 plurimu:
1057 2781 1106 2830 quo
1121 2774 1204 2819 tamon
1218 2770 1347 2832 pactolo·

256 2846 407 2906 dictusest,
426 2848 635 2906 accusatusast,
654 2845 782 2908 quodoo-
818 2843 911 2892 dtanrn
934 2843 1133 2904 repetundarum
1158 2845 1227 2906 apud
1255 2845 1347 2894 indicos

255 2929 349 2971 ronam
375 2920 443 2970 lovis
470 2919 607 2984 Capitolini
630 2919 779 2982 rapuisset,
818 2919 895 2966 lieston
911 2917 1030 2980 manarit,
1054 2918 1165 2968 mirarer
1187 2920 1301 2980 quidm,
1324 2919 1346 2968 al

255 3007 338 3060 quare
362 2996 418 3059 ipse
443 2992 564 3045 sublatae
582 3007 698 3044 coronae
716 3007 782 3042 cau·
817 2993 856 3042 ota
877 2992 969 3052 olonna
993 2993 1046 3042 nna
1065 2993 1126 3042 milri
1147 2998 1208 3043 assat
1230 2994 1345 3057 incogni-

255 3083 315 3122 sam
332 3071 396 3122 dixit
416 3071 443 3119 ct
459 3068 604 3120 absolutus
621 3071 664 3120 est
679 3083 695 3118 a
712 3068 782 3119 iudi·
817 3073 873 3117 to.»
901 3067 953 3116 Hoc
970 3080 1182 3117 nosocomorum
1198 3066 1250 3117 ast?
1263 3094 1290 3104 -
1303 3081 1347 3118 au-

256 3143 332 3196 cibus
357 3144 382 3195 in
408 3145 520 3206 gratiam
548 3144 676 3207 Augusti,
706 3143 782 3192 cuius
818 3141 869 3206 arn]
892 3142 919 3190 in
936 3153 1016 3205 prosa
1033 3153 1073 3192 or.
1093 3142 1178 3202 rbus,
1201 3142 1259 3192 sina
1277 3142 1347 3191 ima·

256 3219 358 3270 amicus
379 3221 464 3269 erat.»
494 3219 578 3268 Coun.
598 3218 678 3274 Cnoo.
708 3215 783 3280 (aon
819 3217 894 3280 gine,
913 3213 1061 3278 malignitas
1079 3229 1111 3265 ae
1127 3213 1203 3265 livor.
1224 3241 1251 3251 -
1265 3215 1347 3279 loligi-

254 3295 361 3345 Nottnon
379 3293 421 3344 dos
438 3293 522 3343 Acron
539 3293 592 3342 und
608 3291 689 3341 scoot
704 3292 780 3353 Onu.
818 3289 865 3354 nis]
885 3287 988 3351 «Loligo
1006 3301 1090 3352 genus
1103 3291 1145 3339 est
1159 3290 1239 3353 piscis
1251 3290 1348 3340 marini

254 3369 316 3418 noer
332 3367 379 3415 dor
395 3367 535 3430 cognomen
549 3367 590 3414 das
605 3365 715 3415 Patlltius
730 3366 783 3414 ond
819 3375 915 3414 sucum
926 3363 1030 3414 babens
1042 3365 1147 3426 nigrum
1159 3367 1187 3414 et
1197 3365 1346 3415 atramento

256 3443 295 3492 (lia
304 3453 386 3505 ganzo
396 3440 498 3503 Angoba
508 3453 565 3488 oorn
575 3439 704 3489 Dtabstalrt
714 3440 783 3488 einer
819 3436 965 3489 similem.»
1006 3438 1090 3488 Cornu.
1118 3439 1197 3496 Cario.
1235 3439 1345 3503 «sepia,

256 3529 355 3567 corona
373 3515 489 3578 cosdem
504 3514 602 3577 Capitol
618 3515 649 3573 ist
666 3515 782 3564 crttcbtet
818 3510 980 3574 atoonnrcn.»
993 3511 1152 3562 Pseudorid.
1164 3510 1276 3562 Halieut.
1288 3513 1344 3564 ⁴29:

254 3593 320 3641 nocio
337 3588 419 3641 Plaut.
444 3590 514 3640 Trin.
534 3591 563 3650 t,
581 3589 610 3650 2,
630 3589 661 3640 to
678 3588 706 3639 ff.
729 3589 781 3638 und
818 3587 850 3635 tlt
865 3586 968 3648 nigrario
984 3586 1055 3636 otono
1076 3591 1183 3647 portans
1198 3588 1225 3636 in
1242 3600 1347 3650 corpora

256 3665 421 3718 Menaecbm.
440 3664 469 3724 5,
488 3665 518 3724 5,
538 3662 589 3725 38„
615 3664 694 3713 woboi
719 3677 782 3714 mon
816 3661 888 3709 otrau
912 3659 1007 3722 Lolligo
1034 3659 1081 3722 (sic
1107 3661 1132 3710 in
1155 3659 1203 3711 Ed.
1223 3661 1345 3726 Hauptii).

256 3741 306 3803 ons
323 3741 371 3789 dnn
386 3737 490 3787 woltron
506 3738 570 3786 Sino
592 3739 636 3787 dor
657 3737 781 3788 Ptnntinl-
818 3731 885 3785 riut.
904 3733 930 3782 S.
950 3735 979 3783 N.
993 3735 1024 3784 V.
1043 3748 1070 3799 p.
1083 3736 1145 3786 565:
1164 3731 1308 3786 κακόνοια
1324 3733 1347 3785 δ’

255 3815 328 3866 soban
345 3813 434 3863 Stctten
451 3812 662 3863 kainaltitckstcbt
677 3811 779 3860 ndum.»
818 3803 927 3858 ἐνοῦσα
943 3805 989 3880 (τῇ
1011 3807 1109 3880 ψυχῇ)
1131 3807 1205 3876 μετὰ
1228 3808 1345 3874 φθόνου

256 3889 285 3939 0.
304 3889 372 3937 labn
390 3887 435 3937 nn.
448 3889 513 3937 Mus.
526 3887 559 3936 N.
572 3887 600 3936 F.
614 3886 656 3936 Vl.
673 3897 699 3950 p.
712 3885 779 3946 tao.)
818 3883 898 3934 noant
916 3878 950 3932 ul
968 3879 1049 3946 ἰῶδες
1065 3885 1115 3934 κα)
1133 3877 1271 3946 ὕπουλον,
1290 3879 1348 3936 ὥσ-

256 3962 309 4014 Cir.
329 3963 381 4012 Sat.
402 3962 430 4022 i,
450 3961 495 4021 i0,
513 3960 561 4010 26:
579 3972 637 4009 cutm
652 3958 782 4008 Duratibi
819 3972 871 4028 nup
888 3958 921 4008 al
931 3959 1034 4024 σηπίαι
1046 3954 1079 4010 τὸ
1091 3958 1191 4025 μέλαν,
1209 3955 1344 4027 ἀφίησιν.

253 4036 399 4101 peragendo
415 4039 455 4086 rol
468 4033 685 4084 attoaoroPettttt.
702 4061 728 4069 -
741 4035 783 4082 rto-
821 4059 849 4069 —
867 4032 975 4098 longo]
994 4035 1037 4084 Sic
1053 4033 1163 4086 Martini,
1182 4037 1229 4098 40,
1248 4036 1295 4098 33,
1314 4038 1345 4087 tt:

254 4110 351 4173 smnus]
375 4122 428 4158 non
446 4121 509 4174 «per
532 4120 576 4158 ma
598 4106 726 4158 delendas
748 4105 781 4156 li·
818 4107 1238 4173 viridittnetosoeroginooarao,
1257 4110 1345 4170 idest,

256 4187 333 4246 cet‚o
360 4180 409 4234 sed
427 4181 590 4243 «delendos,
616 4183 730 4231 oredo.»
749 4207 778 4217 -
820 4179 974 4231 maledicos.
1010 4183 1126 4246 interna,
1146 4185 1191 4246 at,
1210 4184 1234 4236 t.
1254 4183 1348 4234 daho-

256 4261 297 4309 Me
317 4257 470 4320 Capitolinus
491 4256 554 4317 cat]
572 4255 667 4306 Similis
689 4269 782 4306 narra-
820 4257 892 4306 mine
909 4254 1058 4308 maledico:
1084 4259 1211 4321 nimtuqtn
1228 4259 1348 4322 mnino
