3090 4974
316 415 377 481 704
730 447 733 452 ,
799 417 928 467 boumn

359 577 463 654 Quem
486 593 587 661 penes
610 571 778 638 albitrium
800 582 903 638 estet
925 573 975 638 ius
999 581 1031 638 et
1052 591 1164 637 norma
1188 571 1352 660 loquendi.

360 698 422 762 lies
446 703 557 781 gestae
580 711 759 780 regumque
781 692 967 781 ducumque
990 703 1022 760 et
1043 694 1144 759 tristia
1165 693 1251 760 bella

359 818 432 895 Quo
454 814 551 882 scribi
575 824 707 902 possent
729 835 879 890 numero,
905 816 1091 881 monstravit
1112 816 1283 882 Homerus.

359 935 513 1004 Versibus
538 935 703 1022 impariter
727 935 841 1002 iunctis
865 936 1068 1023 querimonia
1091 937 1246 1022 primum,
1366 939 1402 1000 ii

383 1125 423 1174 ii.
442 1123 497 1188 ius]
525 1126 564 1174 nir
580 1126 608 1184 T,
628 1127 754 1188 quattuor
772 1125 841 1187 liegii
861 1123 966 1188 aliique.
997 1153 1023 1161 -
1051 1125 1091 1175 ii.
1112 1131 1214 1187 poseant
1235 1139 1276 1190 pr.
1297 1127 1325 1175 T.
1348 1153 1372 1160 -

347 1205 447 1262 possent
462 1199 536 1250 scribi
554 1199 638 1250 Codd.
657 1197 718 1262 uliq.

319 1365 472 1418 bominibus
483 1366 626 1430 agendas.»
638 1367 710 1416 llnnu
720 1367 793 1415 Ture.
802 1367 843 1414 iii.
882 1367 1096 1427 camerariorum
1109 1367 1301 1416 intervallorum
1310 1381 1404 1429 pucru-

319 1457 345 1507 p.
359 1441 415 1493 lii.
443 1440 548 1491 Scilicet
569 1443 625 1490 usui
649 1454 697 1504 por
715 1453 845 1504 prosopo-
883 1442 919 1490 sio
930 1453 1062 1490 nunctum
1073 1442 1179 1504 conlidi.
1194 1469 1222 1478 -
1241 1443 1404 1492 l'rrriburim-

273 1571 276 1578 ,
319 1518 415 1582 poeien
427 1517 562 1579 quandam
575 1515 610 1566 ab
623 1517 729 1565 lloratio
741 1515 845 1577 tyranni
881 1517 980 1577 pariter
996 1515 1094 1579 torretis]
1113 1515 1293 1566 ‹memmetris
1306 1520 1333 1566 et
1347 1530 1405 1580 pen·

320 1594 391 1643 vices
404 1591 565 1640 tribuuntur.
580 1617 608 1628 -
623 1591 847 1640 arbitrium-etius
883 1590 1003 1640 tamoiris
1026 1589 1245 1641 alternantibus·
1275 1592 1404 1641 Charisius

319 1674 342 1718 et
358 1668 456 1731 omum]
485 1666 609 1718 Consulto
631 1666 748 1717 cumulat
765 1679 846 1716 voca·
883 1665 907 1712 b
927 1677 953 1728 p.
968 1665 1024 1714 ⁴82.
1039 1665 1081 1713 P.:
1099 1666 1241 1727 imperiur.
1259 1694 1274 1703 ·
1286 1693 1301 1703 -
1317 1668 1345 1728 (i.
1366 1667 1404 1715 l'e·

319 1743 395 1802 bula,
414 1756 468 1807 quo
481 1742 648 1792 demonstret
663 1743 846 1792 necessarium
883 1739 978 1788 rentiru
1002 1739 1115 1788 &curru
1133 1741 1160 1788 in
1183 1742 1368 1790 ccrrrmenluriis
1382 1742 1404 1788 in

320 1831 393 1878 esse,
414 1821 442 1866 ut
459 1814 588 1866 vocabula
607 1815 741 1878 asingulis
753 1813 795 1865 vel
807 1815 847 1866 ia·
883 1819 964 1863 ortem
985 1815 1111 1875 pollicum
1128 1815 1169 1863 lib.
1187 1816 1233 1865 Χ..·
1256 1815 1404 1866 Aduerbi-

319 1897 363 1944 cta
384 1891 427 1942 vel
450 1892 598 1955 composite
616 1905 631 1940 a
652 1890 846 1941 consuetudine
882 1901 944 1949 um,
972 1888 1068 1949 trouu,
1092 1889 1269 1952 sipurcom
1303 1889 1403 1940 idest:

320 1965 513 2030 approbentur,
543 1964 570 2014 id
594 1967 647 2026 est,
675 1966 704 2014 ut
725 1977 738 2013 a
758 1961 846 2014 multis
885 1963 982 2012 Horatii
1001 1961 1199 2025 (saltemnunc,
1219 1967 1361 2029 postquam
1373 1965 1406 2014 tot

320 2041 388 2092 illico
407 2043 543 2104 tamquam
558 2045 630 2090 recta
648 2041 675 2089 et
692 2042 754 2104 epta
771 2051 847 2090 usur-
884 2039 1029 2102 scriptores
1051 2039 1157 2088 Latinos
1175 2038 1350 2103 perdidimus)
1369 2043 1406 2088 est

321 2118 431 2180 pentur:
450 2114 584 2164 arbitrium
595 2116 695 2172 aulem,
711 2113 783 2177 quod
795 2116 847 2162 sta-
884 2104 963 2175 ἅπαξ
980 2107 1151 2178 λεγόμενον,
1171 2115 1335 2164 Graecorum
1348 2105 1406 2162 oiri-

321 2191 420 2240 tuimus
437 2188 506 2239 nulla
525 2203 604 2239 eausa
622 2188 714 2246 allata;
733 2189 786 2248 ius,
806 2187 847 2237 ia·
884 2201 951 2248 σως.
977 2213 1004 2222 -
1032 2188 1111 2249 sequi
1134 2187 1242 2238 videtur
1259 2190 1284 2238 in
1306 2191 1345 2240 bis
1362 2189 1406 2238 do-

321 2263 414 2320 cultas
428 2277 508 2326 quum
519 2265 602 2313 ceteri
611 2261 679 2312 ultro
689 2267 844 2325 agnoscunt;
885 2263 996 2310 ctrtnnn
1009 2260 1174 2324 Neoptolemi
1188 2263 1288 2312 Pariani
1306 2262 1347 2313 uel
1364 2261 1405 2312 eli-

320 2351 425 2398 corum,
447 2336 538 2400 regula
555 2352 569 2388 a
584 2337 660 2388 nobis
672 2339 844 2401 praescripta,
866 2329 867 2338 ’
885 2349 962 2386 orum
974 2338 1214 2392 Grammaticorum
1225 2337 1407 2389 Alexandrino·

321 2415 363 2462 cui
381 2413 464 2462 ceteri
482 2412 677 2477 obtemperent.
706 2413 781 2461 llunc
798 2425 847 2462 au·
884 2423 958 2470 rum,
977 2423 1059 2483 qunm
1074 2413 1227 2463 examinare
1239 2416 1266 2462 et
1277 2413 1406 2476 corrigere

322 2492 377 2538 tem
389 2485 518 2551 triplicem
532 2486 672 2537 voluntatis
685 2490 791 2538 nostrae
803 2499 848 2536 ex·
886 2488 1039 2551 interpretis
1051 2501 1104 2537 non
1116 2489 1172 2547 est,
1191 2489 1239 2538 sed
1251 2491 1405 2554 scriptorum

322 2561 476 2624 sequendae
503 2561 615 2612 modum
637 2563 695 2612 usui
721 2561 847 2625 loquendi
886 2561 1011 2611 historiae
1028 2561 1181 2613 litterariae.
1208 2563 1326 2615 Consule
1338 2565 1407 2628 igitur

323 2635 442 2687 attribuit
459 2639 546 2700 poeta.
575 2637 613 2686 Ci.
629 2637 694 2702 Epp
707 2638 732 2696 b,
745 2638 770 2697 ⁶2,
785 2637 844 2685 tle:
886 2637 1004 2687 Franckii
1015 2637 1143 2688 Callinum
1153 2640 1228 2703 pbl.
1240 2639 1318 2692 Uirici
1328 2639 1404 2691 ceri.

322 2711 445 2761 Adsdscot
459 2724 526 2760 nova
544 2709 707 2774 (vocabula),
726 2724 793 2772 quae
808 2724 849 2774 pe-
886 2713 931 2759 der
946 2711 1031 2761 itellen¹
1050 2713 1148 2762 butri.
1168 2715 1199 2763 ll.
1217 2727 1244 2776 p.
1257 2715 1317 2764 252.
1341 2713 1406 2764 Rode

322 2786 391 2836 nitor
403 2786 555 2847 producenti
571 2799 638 2834 usru.
886 2787 917 2834 ll.
936 2787 1090 2850 p.ll9cet.
1109 2814 1135 2822 -
1161 2787 1333 2853 maronia]
1360 2799 1406 2838 uon

887 2859 921 2909 de
939 2861 1035 2924 spretis
1051 2874 1066 2910 a
1078 2859 1172 2924 puellis
1184 2865 1327 2925 potiturum
1338 2875 1407 2912 umo-

356 2936 444 2986 73·78.
471 2937 527 2985 lum
541 2935 667 3000 expositis
680 2934 849 2998 generalibus
888 2933 970 2994 ribus,
984 2934 1033 2984 sed
1045 2933 1132 2984 luctus
1144 2940 1171 2985 et
1185 2948 1291 2986 maeror
1303 2937 1338 2988 de
1350 2935 1407 2986 nmi-

324 3011 358 3061 de
382 3010 548 3068 inventione,
575 3009 762 3073 dispositione,
789 3007 849 3060 stilo
888 3010 926 3058 cis
943 3007 985 3057 vel
1002 3008 1105 3059 civibus
1122 3011 1235 3073 egreglis
1252 3015 1340 3062 morte
1356 3023 1406 3062 ere

324 3083 850 3150 praeceptievv.73-85.praecipunpoe·
886 3085 948 3148 ptis,
976 3081 1129 3154 Θρηνώδη,
1155 3084 1310 3148 lugubrem,
1336 3087 1406 3150 igitur

325 3161 360 3211 eis
381 3172 479 3223 genera
502 3161 642 3208 enumerat
663 3172 694 3208 ac
712 3159 848 3220 describit,
887 3159 989 3222 putavit
1004 3159 1087 3210 luisse
1101 3159 1134 3208 ab
1147 3159 1220 3210 initio
1232 3159 1354 3224 elegiam.
1366 3173 1406 3210 se-

325 3245 434 3283 carmen
451 3234 572 3296 epicum,
591 3231 716 3295 elegiam,
735 3232 848 3294 iambos,
888 3237 980 3292 cutus,
999 3235 1028 3282 ut
1044 3234 1163 3294 ridetur,
1183 3237 1273 3286 notam
1285 3235 1355 3286 illurn
1367 3245 1406 3284 oo·

326 3307 506 3368 comoediam,
523 3307 702 3369 tragoediam,
716 3321 801 3370 gersus
812 3306 851 3371 ly·
887 3310 1015 3358 tationem
1032 3308 1066 3358 ab
1084 3303 1099 3359 'r'
1114 3301 1130 3358 i
1147 3307 1249 3376 λέγειν,
1269 3323 1350 3374 quam
1362 3321 1407 3359 nu·

325 3385 424 3438 ricum,
440 3381 541 3444 singule
553 3384 712 3445 praesertim
725 3382 759 3432 ab
771 3385 852 3446 aptis·
888 3397 937 3448 per
955 3383 1069 3432 firmavit
1085 3383 1192 3434 Godolr.
1207 3386 1373 3436 Hermenuus
1383 3383 1405 3430 in

325 3456 394 3506 simo
411 3455 518 3518 singulis
534 3469 662 3506 versuum
685 3469 783 3519 genere
801 3458 851 3507 de·
890 3457 1117 3521 Extemporalibus
1142 3459 1290 3524 (Zeitscluifl
1309 3461 1354 3523 sur
1373 3457 1406 3506 dir

326 3529 442 3592 signans.
458 3556 483 3566 -
500 3531 553 3592 Quo
561 3530 637 3580 scribi
645 3533 752 3594 possent]
762 3533 848 3582 Adde:
887 3532 1204 3597 Alterlbwnrun'ssrnscball
1216 3533 1288 3584 tuuc.
1306 3537 1338 3585 N.
1350 3533 1404 3592 lidi:

327 3617 430 3666 «nequo
448 3617 513 3654 vero
530 3604 580 3654 alio
598 3605 678 3655 scribi
694 3606 850 3656 deberent.»
890 3607 1021 3670 abugendi
1040 3606 1151 3658 formula
1170 3609 1211 3658 est
1229 3601 1361 3676 sempe,
1378 3619 1406 3655 er

326 3679 432 3729 Aristot.
451 3681 524 3728 poet.
537 3680 578 3740 il,
592 3681 621 3730 8:
641 3676 681 3730 Tri
698 3678 729 3730 δὲ
745 3682 851 3750 μέτρον
889 3695 976 3745 eaque
994 3684 1022 3731 et
1038 3681 1111 3745 origo
1129 3683 1255 3734 carminis
1266 3682 1372 3747 elegiaci
1380 3705 1406 3716 ·-

326 3747 361 3802 rd
386 3747 512 3824 ἡρωϊκὸν
535 3749 593 3804 ἀπὸ
615 3752 667 3819 τῆς
684 3755 782 3825 πείρας
800 3748 852 3825 ἦρ·
890 3759 916 3806 et
939 3754 1080 3820 appellatio
1098 3755 1223 3820 explicari
1242 3761 1340 3822 potest.
1365 3755 1406 3803 Vix

326 3841 432 3892 μωιεν·
461 3829 487 3876 ei
510 3825 566 3899 γάρ
590 3843 633 3892 τις
656 3829 687 3879 ἐν
702 3823 780 3896 ἄλλῳ
797 3833 852 3881 τινὶ
890 3833 960 3881 enim
974 3829 1150 3880 dubitandum
1162 3829 1281 3894 videtur,
1296 3833 1357 3895 quin
1368 3841 1407 3878 an·

326 3903 421 3972 μέτρῳ
433 3900 644 3970 διηγηματικὴν
654 3906 779 3969 μίμησιν
788 3919 852 3955 ποι·
890 3905 1030 3969 liquiscimi
1057 3902 1124 3954 illins
1149 3902 1269 3968 lugubris
1292 3901 1406 3956 carminis

328 3980 391 4026 oiro
416 3971 486 4042 ἢέν
508 3977 643 4041 πολλοῖς,
670 3973 794 4048 ἀπρεπὲς
815 3974 852 4029 ἄν
890 3993 922 4029 ea
940 3979 1006 4028 rutiu
1025 3977 1115 4038 luerit,
1139 3981 1168 4028 ut
1184 3983 1405 4043 pentametroruru

328 4052 473 4114 φαίνοιτο.
489 4081 515 4090 -
528 4053 641 4118 nmuero]
654 4054 679 4102 b.
694 4053 710 4104 l.
725 4055 853 4104 bexame-
891 4053 1023 4118 posterior
1040 4065 1101 4116 pars
1119 4053 1187 4102 baec
1200 4059 1289 4104 esset:
1308 4049 1325 4104 ἓ
1334 4047 1348 4103 ’ἒ
1358 4049 1406 4114 λέν

330 4126 385 4178 tris.
413 4127 451 4177 De
469 4140 582 4178 numero
600 4128 851 4190 Cic.deOr.3‚l8,
890 4121 1025 4195 ἓῖλέγε.
1058 4126 1095 4178 11Ιί
1119 4129 1197 4192 igitur
1222 4141 1316 4179 versus
1340 4129 1405 4178 recte

330 4200 392 4250 486:
410 4201 536 4252 Numerus
549 4203 577 4252 ln
594 4204 778 4253 continuatione
794 4203 854 4252 nul-
890 4202 953 4252 dicti
965 4205 1027 4253 sunl
1038 4195 1156 4269 ἔλεγοι.»
1179 4202 1234 4266 (Alii
1252 4217 1323 4254 nunc
1334 4211 1406 4264 copu

332 4277 370 4324 lus
394 4282 444 4326 ert.-
469 4277 592 4327 distinctio
616 4284 639 4328 et
665 4278 810 4338 anemium
832 4283 855 4327 ct
891 4275 945 4327 lunt
956 4289 1018 4328 cum
1029 4289 1054 4328 v.
1065 4272 1162 4343 ἄλγος,
1176 4289 1241 4328 sane
1250 4283 1406 4342 perumprtr
