3116 4968
318 417 381 484 230
694 417 1020 476 uonnrnslnnlnuu

707 843 1014 906 umm-

363 1001 416 1066 Sic
438 1018 512 1064 raro
538 995 667 1072 scribis,
692 1005 727 1061 ut
748 1004 814 1061 toto
836 1015 900 1060 non
922 1003 1038 1082 quater
1059 1014 1143 1061 anno

360 1120 578 1188 Membranam
599 1138 730 1206 poscas,
754 1117 948 1204 scriptorum
970 1136 1122 1203 quaeque
1144 1125 1309 1192 retexens,

382 1301 512 1352 SAT.111.
549 1301 572 1352 t.
591 1299 633 1347 Sic
649 1311 713 1348 raro
729 1297 816 1346 scibis
832 1297 884 1359 Scp
901 1297 930 1344 et
946 1307 1015 1344 corr.
1034 1292 1067 1354 b,
1085 1295 1151 1344 itam
1167 1295 1231 1346 LtF:
1258 1294 1286 1345 Si
1303 1307 1363 1344 roro

348 1375 435 1426 seritis
451 1372 535 1426 Codd.
549 1371 668 1423 Blandin.
682 1373 709 1422 et
720 1384 760 1436 pr.
773 1369 806 1432 b,
825 1370 852 1420 Si
863 1383 925 1420 raro
936 1369 1049 1420 scribes-
1058 1396 1072 1405 -
1081 1369 1142 1432 quid
1156 1367 1218 1432 fiet?
1236 1367 1364 1420 aduohus

348 1449 486 1502 Pulmanni
502 1445 636 1498 Bentleius
654 1448 682 1497 et
698 1447 731 1498 ll.

347 1601 389 1650 lll.
416 1599 489 1648 llaec
506 1597 586 1648 satira
604 1594 763 1659 colloquium
776 1607 839 1644 con·
876 1605 909 1643 er
925 1591 969 1643 tali
987 1591 1088 1643 desidia
1101 1592 1230 1642 oriturum
1243 1593 1284 1643 sit.
1318 1593 1395 1642 Prae·

313 1675 379 1725 tinet
395 1676 491 1738 poetae
508 1685 570 1728 cum
580 1671 754 1734 Damasippo,
773 1669 839 1718 ridi·
875 1671 949 1718 terea
971 1669 1071 1732 optime
1095 1666 1146 1718 sibi
1171 1665 1335 1732 respondent
1357 1664 1396 1714 Sto

313 1747 373 1799 culo
389 1747 513 1808 homine,
533 1747 578 1809 qui
596 1759 657 1795 cum
675 1757 725 1808 per
735 1756 839 1794 marca·
874 1747 1013 1803 raro-ot,
1038 1752 1101 1791 cum
1122 1742 1149 1792 in
1171 1741 1261 1792 media
1284 1738 1395 1792 clausula

311 1826 399 1875 turam
417 1835 475 1873 ram
486 1819 643 1872 familiarem
655 1819 839 1882 consumpsis-
874 1829 1006 1883 perquam
1023 1815 1090 1867 dora
1107 1816 1142 1866 sit
1157 1816 1267 1866 omissio
1284 1815 1397 1880 particu-

311 1901 367 1958 sat,
387 1896 450 1948 nihil
468 1897 521 1946 iam
538 1894 609 1945 aliud
626 1893 736 1957 agebat,
756 1905 838 1956 quam
875 1891 915 1942 lae
933 1893 1004 1942 orico.
1041 1891 1160 1955 [Defendi
1176 1894 1270 1956 posset
1281 1905 1314 1942 ex
1325 1891 1398 1940 Bent-

311 1976 342 2024 ut
362 1974 449 2024 Stoica
472 1971 558 2022 barba
582 1971 609 2020 et
630 1969 717 2020 abolla
741 1981 838 2032 super·
873 1964 918 2016 leil
930 1967 1061 2017 sententia
1073 1967 1154 2016 etiam
1171 1967 1240 2016 haec
1250 1964 1340 2015 lectio:
1358 1963 1397 2012 sic

310 2047 388 2098 biens
412 2045 639 2096 circumforaneus
663 2041 838 2107 philosophus
873 2055 936 2092 roro
953 2041 1058 2104 saites,
1071 2040 1261 2091 tet---cunosf
1274 2036 1398 2104 Quidflef?

312 2121 412 2184 ubique
441 2121 531 2170 sectae
564 2131 628 2169 suae
662 2114 789 2167 formulas
822 2127 837 2164 a
874 2117 974 2166 Verum
997 2117 1023 2164 in
1047 2117 1160 2179 utraque
1184 2117 1322 2165 rationes
1344 2113 1398 2164 Bri·

312 2195 449 2255 Stertini0‚
463 2194 615 2257 importuno
627 2188 773 2252 aretalogo‚
787 2187 838 2239 sibi
874 2193 955 2240 tanno
972 2191 1109 2255 proposita
1127 2190 1215 2239 futuro
1232 2189 1309 2239 verbi
1332 2189 1398 2237 tem-

312 2269 422 2320 traditas
448 2267 611 2317 decantaret.
660 2265 736 2315 iiunc
761 2264 838 2326 igitur
874 2278 939 2329 pore
956 2267 1036 2316 nimis
1059 2263 1155 2314 lenitur
1170 2263 1397 2329 reprehensionis,

310 2342 503 2406 Damasippum
531 2341 633 2391 inducit
665 2341 744 2404 potita
772 2339 837 2402 ipsis
875 2353 944 2404 qnae
954 2341 1123 2404 inpraesenti
1136 2340 1218 2401 inest,
1239 2333 1398 2395 acrimonia.)

312 2417 494 2468 Saturnalibus
512 2414 644 2467 favillam
661 2415 787 2465 Sabinam
805 2415 839 2463 ir-
906 2416 963 2468 a-i.
990 2417 1173 2481 lfantronom]
1198 2417 1242 2468 «in
1265 2427 1345 2480 quam
1368 2423 1399 2462 ex

311 2495 436 2544 ruentem
462 2493 489 2542 et
517 2491 691 2542 acerbissima
722 2503 769 2544 sua
794 2489 838 2540 vet
875 2490 978 2542 tabellis
989 2493 1076 2542 cereis
1086 2489 1129 2541 vel
1139 2491 1221 2543 etiam
1230 2489 1400 2556 palimpsesto

311 2568 399 2632 potius
428 2568 543 2617 Stertinil
570 2567 688 2630 magistri
718 2567 837 2616 oratione
875 2565 1052 2618 transscrihas
1069 2567 1167 2631 scripta
1186 2569 1259 2618 tua.»
1281 2591 1312 2624 ,-
1336 2567 1400 2612 reie-

312 2646 397 2694 totum
415 2655 499 2706 genus
512 2643 673 2702 humanum,
692 2642 785 2692 Stoicis
797 2654 838 2692 sa·
873 2642 945 2702 cens]
960 2654 1000 2706 pr.
1016 2639 1113 2692 uniam
1125 2639 1295 2702 resolvens.»
1313 2639 1399 2698 idest,

311 2717 446 2783 pientibus
470 2717 603 2781 exceptis,
630 2715 769 2778 stultitiae,
798 2718 839 2766 at-
876 2729 961 2779 «quae
987 2715 1076 2766 minus
1100 2719 1174 2767 recte
1197 2716 1339 2782 scripsisse
1356 2711 1402 2761 tihi

312 2807 364 2858 que
382 2792 450 2843 adeo
474 2805 506 2842 ex
528 2793 630 2842 Stoicae
654 2790 838 2856 philosophiae
875 2791 987 2852 videris,
1007 2788 1100 2840 delens
1118 2789 1252 2842 acdenuo
1266 2789 1400 2841 elimansn

312 2868 458 2918 rationibus
468 2865 584 2918 insaniae
594 2869 759 2930 arguentem.
773 2867 838 2915 Zem
876 2867 972 2918 llirum
990 2867 1031 2916 est
1048 2863 1127 2928 gloss.
1139 2865 1168 2914 in
1186 2865 1273 2916 Codd.
1288 2864 1349 2928 aliq.
1361 2875 1402 2912 ra-

312 2957 345 2994 ex
362 2943 527 2993 Hermonem.
559 2943 670 3006 (Scripta
688 2953 749 2991 esse
766 2939 840 2990 vide-
875 2951 981 2990 censam.
1003 2967 1031 2978 —-
1053 2940 1137 2989 frctus
1162 2939 1205 2989 fibi
1232 2941 1297 3002 cet]
1323 2937 1402 2988 «uht-

311 3020 355 3068 tur
372 3017 398 3068 in
419 3016 480 3067 vilia
502 3017 601 3066 Horatii
624 3015 720 3067 Sahina
744 3027 838 3066 mense
876 3015 1004 3080 metipsi
1027 3027 1206 3076 succensens,
1235 3015 1310 3079 quod
1327 3011 1403 3064 nimis

312 3091 456 3143 Decembri
473 3103 497 3142 a.
517 3105 543 3142 ιι.
556 3091 624 3152 iit.)
876 3091 953 3154 genio
976 3087 1128 3152 indulgens,
1155 3093 1252 3154 potans
1275 3093 1356 3154 atque
1377 3087 1403 3136 iu

345 3169 369 3216 f.
405 3168 447 3217 Sic
471 3179 535 3217 raro
561 3165 662 3230 mritis]
687 3163 838 3215 Bentleiana
876 3166 948 3216 diem
966 3163 1117 3225 dormiens,
1139 3164 1201 3215 nihil
1219 3165 1274 3215 iam
1292 3173 1403 3228 compo·

313 3239 390 3291 lectio
408 3241 436 3290 Si
451 3240 633 3301 remeantes,
654 3239 763 3300 --qatti
777 3239 840 3302 fiet?
877 3253 925 3291 nas
943 3239 1065 3302 dignum,
1093 3237 1126 3290 de
1144 3251 1198 3302 quo
1216 3239 1343 3290 homines
1366 3237 1404 3288 lo-

312 3315 365 3365 hoc
382 3314 517 3364 commodi
542 3313 637 3374 hahet,
664 3312 738 3376 quod
762 3325 839 3364 amo·
876 3316 992 3378 quantur
1017 3308 1111 3377 (οὐδὲν
1128 3310 1216 3380 λόγου
1234 3307 1356 3378 algam).-
1376 3337 1402 3348 -

313 3391 391 3439 vetur
416 3387 521 3438 licentia
547 3387 605 3450 syll.
625 3388 662 3437 bis
686 3400 736 3452 pro
761 3385 838 3454 longa
874 3389 928 3438 ofni
943 3389 1070 3450 somnique
1086 3387 1213 3452 tentonus]
1232 3391 1273 3439 De
1291 3387 1405 3452 genitivo

313 3463 454 3525 usurpata,
486 3462 534 3512 sed
565 3461 780 3524 languidissimus
810 3459 840 3511 fit
877 3475 1004 3527 compara
1029 3461 1122 3513 similis
1150 3464 1266 3515 notionis
1293 3462 1405 3513 adieeti-

313 3550 415 3598 sermo,
443 3538 470 3586 et
490 3536 622 3587 correctio
643 3537 733 3587 soritas
753 3535 787 3588 ah
806 3551 840 3586 oo
876 3551 941 3587 vum
961 3539 1084 3602 prodique
1105 3539 1188 3602 Epist.
1208 3539 1238 3599 t,
1262 3539 1292 3600 i,
1315 3538 1356 3590 la.
1377 3564 1403 3573 -

312 3611 432 3676 profecta
449 3611 569 3672 videtur,
592 3613 636 3675 qui
655 3615 741 3662 metro
761 3613 840 3662 time·
875 3613 907 3663 At
922 3613 991 3676 ipsis]
1011 3615 1071 3674 nat,
1090 3615 1119 3662 ut
1136 3615 1164 3662 fu
1181 3613 1263 3676 diois,
1283 3615 1406 3664 Saturna·

314 3690 363 3738 ret.
383 3685 841 3751 (aPlerumquequidemhaecpro-
875 3686 946 3738 lihus
974 3687 1038 3752 ipsis
1067 3687 1120 3737 huc
1148 3687 1251 3752 fugisti,
1280 3691 1311 3738 ut
1336 3699 1405 3737 nuno

314 3761 403 3812 ductio
421 3763 446 3812 in
465 3764 560 3826 quarto
582 3761 728 3814 hexametri
753 3761 837 3827 pede,
876 3761 972 3814 saltem
989 3762 1080 3812 nescio
1098 3761 1161 3826 quid
1178 3763 1294 3827 perfecti
1313 3761 1406 3813 elabo-

313 3835 447 3886 interdum
469 3837 559 3886 tamen
583 3837 664 3885 etiam
686 3837 712 3886 in
730 3836 839 3900 reliquis
876 3851 929 3888 res.
965 3838 1074 3901 Utique,
1101 3835 1150 3888 sad
1175 3835 1238 3886 nihil
1257 3837 1332 3901 quod
1349 3835 1406 3886 lau-

315 3911 456 3960 occurrit.»
470 3912 539 3960 lanu.
559 3911 617 3960 Vid.
631 3913 684 3960 Sat.
699 3912 727 3972 2,
740 3912 770 3972 2,
789 3911 839 3973 li.)
877 3913 940 3963 dem
952 3913 1103 3972 mereatur,
1123 3911 1211 3962 adhuc
1222 3911 1405 3975 praestitisti.-

315 3985 413 4035 Contra
430 3985 456 4033 in
474 3987 563 4036 nostra
581 3985 681 4035 ratione
700 3986 841 4050 Damasip·
878 3988 951 4038 lianc
962 3999 1033 4037 nunc
1044 3985 1188 4038 lectionem
1199 3984 1330 4050 praetuli,
1349 3997 1408 4049 par

314 4071 364 4123 pus
382 4059 498 4122 primum
516 4059 661 4125 exprobrat
677 4061 785 4110 lloratio
803 4062 840 4111 in·
877 4062 924 4112 tim
941 4063 1022 4113 etiam
1034 4063 1145 4125 propter
1156 4059 1408 4110 auctoritatemco·

315 4131 479 4184 tolerabilem
508 4133 712 4198 negligentiam
742 4134 839 4185 deinde
877 4133 1268 4198 dicislllandinantiquissimi,
1283 4134 1407 4198 quisane

316 4207 405 4269 brevi,
425 4208 473 4258 sed
496 4210 550 4259 acri
568 4210 773 4273 interrogatione
791 4211 839 4275 ipsi
877 4212 982 4262 videtur
997 4211 1066 4261 inter
1083 4207 1331 4274 praestantissimos
1343 4205 1408 4258 iuis·

316 4282 521 4346 expendendum
538 4285 677 4348 proponit.
697 4285 761 4350 quid
778 4283 840 4336 mali
876 4299 915 4336 se.
950 4284 1039 4336 Altera
1056 4287 1147 4337 autem
1162 4285 1255 4346 lectio,
1284 4283 1320 4334 ab
1339 4281 1408 4348 opti-
