3156 4972
316 393 378 458 330
696 363 1022 446 uomnrsrrrnnnuu

358 552 425 616 lara
446 548 602 616 moechus
623 550 758 624 Romae,
783 549 846 616 iam
868 547 977 616 mallet
997 547 1113 616 doctus
1134 548 1265 616 Athenis

359 672 486 750 Vivere,
510 671 704 748 Vertumnis,
728 680 889 758 quotquot
909 681 998 748 sunt,
1022 679 1116 736 natus
1137 670 1265 758 iniquis.

358 793 477 860 Scurra
499 791 701 869 Volanerius
726 800 897 880 postquam
920 790 963 857 illi
986 791 1069 857 insta
1091 789 1248 881 cheragra
1357 792 1394 856 45

359 913 510 980 Contudit
531 912 698 988 articulos,
723 913 779 1001 qui
801 934 861 1001 pro
883 933 919 980 se
941 911 1068 979 tolleret
1090 922 1187 1000 atque

381 1129 419 1180 43.
438 1131 524 1180 decim
540 1129 575 1180 bc
593 1132 620 1180 et
636 1142 676 1195 pr.
696 1130 727 1192 Ε,
747 1129 813 1182 cod.
826 1131 938 1194 Franeq.
955 1133 982 1180 et
994 1131 1053 1181 Fea.
1074 1131 1113 1193 (Ut
1129 1141 1191 1192 nos,
1211 1130 1246 1194 Sp
1258 1132 1285 1180 ct
1297 1141 1363 1180 corr.

346 1205 385 1267 Ε.)
406 1233 433 1241 -
453 1205 494 1254 itt.
512 1205 634 1269 clirupra
651 1206 712 1256 LCt.
734 1229 761 1240 -
781 1206 822 1256 46,
842 1206 975 1255 contundit
992 1205 1135 1269 (superscr.
1146 1208 1366 1266 propternwtrum

346 1280 479 1343 corripuit)
496 1279 524 1330 E.
556 1305 582 1318 -
611 1279 651 1329 47.
667 1280 780 1342 plimrtm
798 1280 939 1344 (superscr.
955 1278 1068 1342 pirpum)
1085 1277 1131 1340 hs,
1148 1279 1250 1342 pirorum
1267 1291 1291 1340 c,
1307 1291 1367 1340 pyr·

345 1367 406 1417 qma
422 1355 491 1418 p‚Lt.
512 1355 548 1417 (ln
565 1354 594 1414 E,
613 1355 658 1417 qul
675 1353 758 1405 hahet
771 1354 893 1416 planura,
912 1352 999 1418 glossa
1016 1353 1198 1418 superscripta
1220 1356 1275 1403 est:
1302 1353 1367 1414 quod

345 1441 391 1478 uos
406 1429 551 1490 fritillum
567 1430 672 1479 damete
682 1429 721 1480 uel
734 1430 884 1493 pyrgum.)
897 1455 926 1466 -
940 1428 979 1479 48.
989 1429 1074 1491 putuit
1085 1429 1114 1478 E.
1129 1453 1157 1464 -
1170 1427 1236 1478 idem
1246 1429 1328 1492 p‚LCt
1339 1429 1365 1476 et

314 1631 387 1684 Ovld.
412 1633 489 1683 Trist.
512 1635 539 1694 4,
565 1633 593 1696 9,
622 1634 661 1684 te.
692 1661 719 1673 -
743 1634 836 1696 metm]
875 1643 964 1684 morea
993 1634 1020 1684 et
1051 1631 1174 1684 habitum
1202 1629 1343 1682 ridlculum
1373 1631 1397 1678 in

314 1706 529 1773 «philosophus»
547 1709 593 1772 qui
610 1708 712 1759 comice
725 1708 838 1772 opponi·
875 1706 986 1758 modum
1003 1706 1132 1758 mutandi.

314 1784 357 1832 tur
376 1782 484 1832 moecho.
526 1782 603 1842 Quod
625 1780 712 1833 schol.
729 1781 838 1836 tradunt
908 1781 995 1832 iti-20.
1028 1781 1126 1832 Scurra
1152 1781 1307 1844 l'olouerr'us]
1333 1777 1398 1830 Nihil

313 1857 432 1907 Priscum
465 1858 576 1908 Athenis
610 1858 755 1908 oratoriam
786 1857 837 1907 do·
874 1855 909 1906 de
926 1856 977 1906 hoc
988 1855 1095 1906 homine
1107 1854 1215 1906 tradunt
1226 1853 1396 1913 scholiastae,

313 1931 410 1993 cuisse,
428 1935 516 1984 ortum
534 1935 575 1983 est
591 1947 624 1984 ex
642 1931 706 1983 lalsa
723 1931 836 1982 lectione
875 1929 973 1994 quibus
984 1943 1076 1980 scurra
1086 1931 1128 1982 cst
1144 1927 1306 1979 «urbanus»
1332 1929 1398 1978 Eum

312 2005 410 2068 doctor,
429 2009 458 2056 ut
468 2008 542 2070 patet
553 2019 586 2057 ex
598 2004 682 2057 Gloss.
697 2007 762 2058 Cod.
776 2007 837 2056 Fra·
875 2003 988 2054 talorum
1003 2003 1066 2054 ludo
1081 2003 1184 2068 perdite
1198 2001 1321 2053 deditum
1336 2001 1399 2052 luis·

312 2093 386 2144 uoq:
416 2081 533 2130 «Dicitur
558 2082 630 2131 enim
655 2081 704 2132 iste
731 2082 837 2132 Priscus
875 2091 904 2130 se
927 2092 961 2128 ex
983 2078 1014 2130 iis
1036 2079 1125 2143 patet,
1146 2089 1215 2142 quae
1233 2075 1267 2126 de
1285 2089 1321 2126 eo
1338 2088 1398 2127 nar·

312 2153 535 2214 fuissesortitum
558 2167 725 2219 quamquam
741 2167 836 2206 verum
875 2156 916 2204 rat
936 2155 1024 2218 poeta.
1045 2153 1160 2203 -iustu
1182 2152 1317 2215 cheragra]
1336 2163 1399 2202 «no-

312 2241 365 2278 nan
383 2230 424 2278 est
440 2228 513 2293 quod
531 2228 622 2280 dicunt
638 2231 774 2280 neminem
788 2228 838 2279 lto-
874 2227 985 2293 quitiam
997 2227 1054 2278 eius
1066 2227 1162 2277 merito
1173 2226 1320 2290 punienspr
1338 2238 1397 2284 noa,

311 2312 453 2353 manorum
473 2315 592 2366 unquam
617 2303 731 2354 docendi
756 2316 837 2356 causa
873 2305 903 2352 ut
920 2300 962 2351 alii
979 2299 1084 2353 voluat:
1112 2313 1224 2363 «magua
1241 2301 1269 2349 et
1284 2300 1397 2363 gravis.»

310 2377 430 2428 Athenas
447 2389 478 2427 se
500 2376 653 2428 contulisse.
688 2380 722 2431 Μ.
743 2379 836 2429 Cicero
874 2377 947 2426 Pers.
961 2376 991 2438 a,
1009 2375 1056 2426 58:
1075 2388 1133 2425 cum
1149 2373 1400 2438 lupidosccltercpru

311 2450 381 2502 iilius
398 2450 432 2500 ad
449 2453 521 2502 Fam.
536 2453 579 2514 46,
598 2453 644 2514 24,
663 2454 690 2502 u:
711 2453 836 2519 (Athenis)
874 2448 1042 2514 (cttraprac.
1054 2448 1396 2512 anniuersarium.

311 2526 475 2576 declamitare
490 2525 585 2576 Graece
596 2527 664 2589 apud
675 2527 789 2578 Caesium
799 2529 838 2578 in-
875 2524 1018 2589 Utrobique
1036 2525 1115 2575 metri
1132 2536 1213 2574 causa
1225 2521 1397 2574 scribendum

310 2601 392 2658 stitui;
415 2601 503 2650 Latiae
520 2606 604 2652 auten
620 2601 689 2664 apud
710 2601 837 2653 Bruttium
875 2603 917 2651 est
941 2600 1081 2664 chacers,
1111 2613 1165 2650 non
1190 2599 1321 2662 chiragra.
1360 2595 1396 2648 cl.

311 2675 424 2726 eaercert'
446 2675 511 2725 colo.
537 2703 564 2713 -
595 2676 742 2741 Vertumnis]
768 2679 837 2729 Ver·
874 2675 939 2739 Epp.
956 2676 985 2736 4,
1005 2676 1034 2736 4,
1053 2673 1093 2724 34.
1114 2699 1142 2710 -
1162 2673 1286 2738 Custodit]
1307 2671 1399 2724 edebi-

311 2751 420 2800 tumnus
441 2749 556 2800 maxime
577 2747 639 2800 olim
662 2749 696 2802 ab
719 2753 836 2804 Etruscis
873 2747 956 2799 litavit
976 2748 1053 2800 nodis
1076 2747 1263 2812 indigiturum
1281 2745 1398 2798 articulis

311 2822 410 2886 cultus,
440 2824 502 2874 inde
535 2826 647 2876 Romam
675 2825 834 2891 translatas,
874 2823 1042 2874 contractis.»
1062 2847 1090 2858 -
1109 2824 1219 2873 Mitteret
1235 2823 1262 2872 iu
1275 2819 1397 2887 pleimmu]

311 2898 379 2950 daus
396 2899 457 2949 anai
474 2897 667 2964 fertilitatisquc
680 2902 770 2951 variae
787 2915 837 2967 per
872 2897 1025 2950 Admodum
1042 2897 1150 2948 diverse
1167 2897 1291 2948 statuitur
1309 2897 1343 2948 de
1359 2896 1399 2946 liis

310 2975 463 3038 temporum
474 2974 561 3035 vices,
579 2973 677 3026 deinde
688 2977 835 3038 generatim
872 2973 1055 3024 instrumentis
1072 2973 1206 3036 usurpatis
1223 2970 1257 3022 ab
1275 2969 1399 3022 aleatori-

311 3045 378 3097 deus
404 3049 525 3098 omnium
549 3048 767 3100 invertendarum
790 3064 835 3101 re·
871 3048 935 3098 bus:
964 3047 987 3109 i}
1006 3045 1150 3098 Salmasius
1167 3047 1324 3098 doctissima
1345 3043 1398 3097 dis-

310 3133 384 3182 rum,
408 3123 528 3174 omnium
550 3125 727 3175 mutationum
745 3137 776 3176 ac
793 3126 835 3174 vi·
871 3121 1007 3187 putatione
1039 3120 1074 3171 ad
1095 3121 1193 3171 Histor.
1219 3122 1286 3184 Aug.
1310 3122 1342 3171 ll.
1371 3131 1397 3183 p.

310 3195 504 3248 cissitudinum.
525 3197 578 3250 Cir.
592 3197 685 3249 Tibull.
698 3198 728 3261 i,
742 3199 772 3262 2,
787 3199 832 3249 ⁴3:
871 3196 920 3247 755
945 3208 1022 3259 seqq.
1047 3194 1259 3246 demonstratum
1282 3195 1329 3245 ivit
1344 3193 1399 3258 plil-

311 3269 376 3320 Talir
402 3272 429 3321 iu
456 3276 558 3322 aemma
590 3272 653 3336 felis
688 3274 835 3324 Vertumnus
870 3284 940 3322 mum
960 3283 1021 3321 esse
1044 3269 1255 3332 infundibulum,
1284 3265 1396 3336 κημόν,

309 3345 505 3408 ominaliter
529 3345 601 3396 lubet
625 3351 743 3410 mutiet,
768 3349 835 3398 mile
872 3359 905 3396 sn
921 3358 975 3408 quo
993 3347 1020 3395 et
1046 3347 1165 3396 tesserae
1186 3346 1212 3395 et
1238 3341 1281 3394 tali
1308 3345 1399 3396 mitte-

309 3419 422 3469 deceuter
437 3417 517 3470 tata.
549 3419 623 3470 Coni.
638 3421 711 3471 Ouid.
725 3422 832 3474 Metam.
872 3420 964 3470 rentur
988 3419 1014 3470 in
1040 3431 1156 3483 pyrgum
1182 3421 1238 3470 sive
1264 3417 1397 3476 fritillums

310 3492 351 3554 44,
364 3491 412 3544 cta
424 3503 484 3554 sqq.
498 3518 524 3527 -
535 3499 655 3556 quotquot
665 3495 730 3558 ruet]
745 3499 837 3559 «quot-
871 3493 970 3560 duplex
987 3495 1059 3546 enim
1080 3507 1180 3546 nomen
1201 3493 1274 3546 idem
1297 3491 1398 3557 signifi-

309 3568 375 3630 quot
382 3565 621 3629 habetsimulacra,
629 3581 834 3633 quorumunum
872 3581 943 3620 care.
970 3571 995 3633 2)
1013 3567 1075 3631 atii,
1094 3571 1124 3619 ut
1139 3569 1243 3620 Becker
1254 3567 1395 3619 Godrclll.

309 3642 435 3707 quodque
453 3641 608 3705 symbolum
625 3647 666 3696 est
687 3648 834 3710 perpetuae
871 3656 898 3708 p.
917 3643 965 3694 253
983 3656 1036 3707 sq..
1059 3642 1176 3694 lritillum
1197 3642 1269 3694 idem
1288 3655 1350 3694 esse
1367 3653 1398 3690 ac

309 3717 529 3768 inconstantiae.»
564 3719 624 3768 Sine
637 3719 764 3783 imagine:
784 3721 834 3771 «ad
868 3718 995 3780 pumma,
1014 3731 1096 3770 sensu
1108 3715 1286 3778 salmariano,
1298 3717 1338 3767 uti
1349 3716 1399 3767 do·

308 3790 336 3841 id
353 3804 464 3855 prorsus
482 3789 630 3844 destinatus
647 3807 708 3845 esse
722 3795 834 3846 videba-
872 3795 916 3844 cet
937 3791 1024 3844 Schol.
1044 3794 1135 3844 iuven.
1158 3793 1191 3842 ad
1217 3793 1270 3844 Sat.
1293 3790 1339 3852 ll.
1366 3791 1396 3841 o:

309 3867 352 3916 tur
368 3867 452 3918 miser
467 3865 524 3930 ille,
543 3871 573 3918 ut
589 3871 721 3934 quotquot
731 3869 765 3920 ad
777 3883 835 3922 mu·
872 3867 1010 3930 «Fritillua
1030 3867 1107 3931 pyxis
1124 3880 1236 3928 cornea,
1264 3867 1309 3932 qui
1323 3869 1399 3931 fimus

308 3939 421 3991 tationes
442 3941 579 3992 homiaem
602 3943 729 3994 inducere
746 3947 835 4008 potest
871 3942 968 3994 dicitur
979 3944 1115 4004 Graecam
1133 3942 1160 3993 id
1171 3943 1244 4007 quod
1257 3943 1320 3994 mihi
1337 3953 1399 4007 pro·

205 4033 213 4046 ,
308 4025 415 4063 summa
432 4015 621 4077 inconstantia,
641 4029 687 4068 aas
704 4017 832 4070 subiret.»
872 4019 960 4071 babile
975 4019 1089 4070 videtur.
1116 4017 1140 4082 3)
1152 4019 1265 4070 Plinium
1276 4018 1349 4069 idem
1361 4017 1399 4067 in·

312 4115 338 4124 -
356 4087 457 4152 iniquis]
480 4091 541 4142 lrati
562 4093 638 4143 orant
659 4092 750 4143 Prisco
767 4094 834 4143 Ver·
871 4095 1050 4146 strumentum
1068 4105 1128 4144 esse
1146 4106 1179 4144 ac
1200 4105 1314 4158 pyrgum
1332 4103 1398 4142 coa-

309 4161 405 4225 temni,
427 4167 560 4228 quatenus
577 4179 692 4232 poenam
709 4169 733 4218 ei
751 4167 835 4232 impo-
872 4168 985 4220 tendunt
1001 4166 1163 4220 scholiastae
1181 4167 1280 4218 Horatii
1292 4165 1325 4216 ad
1338 4166 1366 4216 4ι.
1379 4162 1396 4214 l.

309 4241 420 4288 suerunt
436 4239 462 4290 in
480 4239 596 4305 singulas
613 4249 697 4308 prope
715 4242 795 4294 horas
808 4244 834 4294 et
871 4244 910 4294 Da
945 4253 1030 4306 pyrgo
1064 4240 1174 4306 quidem
1202 4242 1266 4294 satie
1294 4239 1398 4292 constat
