3090 4974
609 463 668 514 tiis
689 461 832 512 roatici.
1206 457 1267 522 685

184 620 265 672 modo
286 622 364 684 poeta
387 619 514 670 evaderet
530 618 806 682 existimationemquc
823 627 899 668 suam
916 617 987 682 apud
1004 617 1146 682 populares
1164 620 1266 670 temere

182 703 315 762 laederet,
337 716 370 753 en
393 702 474 766 (quod
496 701 692 766 propemodum
709 697 873 765 probabilius
890 701 1002 764 videtur)
1019 700 1209 754 adolescentuli
1226 704 1268 755 in-

182 786 243 838 dole
260 789 340 850 atque
357 786 461 849 ingenio
479 783 638 846 delectatus,
656 783 727 836 nullo
744 783 885 839 illiusmodi
901 783 1011 836 coneilio
1023 785 1152 850 impulsus
1163 789 1197 840 de
1208 793 1266 844 arte

182 871 286 934 poetica
312 882 374 920 cum
399 882 432 920 eo
457 870 542 920 amice
567 866 681 932 colloqui
703 869 732 919 et
751 867 884 919 disserere
901 869 928 918 in
944 870 1033 920 animo
1050 871 1186 935 babuerit,
1213 889 1267 938 qua

182 949 385 1017 scriptiunculae
403 951 580 1014 formantque
593 952 822 1012 innocentissima,
841 954 871 1001 ut
881 952 964 1002 videri
975 952 1106 1016 debebat,
1124 960 1266 1010 occasione

183 1049 247 1088 usus
264 1034 342 1086 utiles
364 1033 537 1100 popularibus
556 1034 751 1086 admonitiones
767 1033 899 1099 praebere
916 1037 1040 1100 tectaque
1057 1037 1198 1103 obiurgare
1214 1044 1266 1094 ini-

182 1131 251 1183 quos
274 1131 338 1170 suos
364 1118 558 1170 obtrectatores
579 1117 649 1167 baud
674 1117 787 1181 neglexit
803 1117 936 1182 simulque
952 1119 1158 1184 demonstravit,
1185 1137 1265 1188 mam

181 1203 287 1268 pentius
309 1203 373 1254 artis
395 1203 514 1253 omnium
537 1199 705 1253 ddflcillimae
723 1204 828 1252 secreta
844 1205 1033 1268 perspexisset.
1067 1207 1204 1270 Utcunque
1222 1221 1266 1262 ree

182 1299 212 1338 se
238 1285 331 1347 babet,
358 1286 431 1336 certe
457 1284 556 1336 multus
581 1287 623 1336 est
642 1286 669 1335 in
689 1285 867 1348 significandis
883 1289 1040 1350 praesertim
1057 1289 1264 1356 difficultatibus,
1296 1345 1299 1352 ,

182 1383 251 1433 quae
276 1371 371 1434 poetae
397 1369 550 1420 necessario
571 1368 624 1420 sint
644 1368 827 1432 superandae,
854 1370 1014 1422 siomnium
1031 1371 1153 1435 plausum
1170 1377 1266 1428 merito

181 1453 251 1504 terre
276 1452 346 1504 velit.
382 1454 481 1504 Verum
507 1454 656 1512 enimvero,
683 1465 717 1502 ne
742 1453 820 1504 nimis
840 1453 945 1504 aridum
966 1455 1121 1520 siccumque
1139 1459 1267 1512 evaderet

182 1537 292 1588 btuusce
312 1537 461 1600 argumenti
482 1541 579 1600 menna
600 1533 801 1597 didascalicum,
824 1535 903 1600 quale
925 1537 1035 1600 quidam
1051 1540 1124 1604 apud
1140 1543 1263 1604 Graecos,

182 1621 254 1684 quod
276 1621 370 1682 sciam,
394 1618 495 1672 nullum
516 1618 650 1681 exstabat,
675 1617 838 1670 exhilarandi
863 1625 939 1672 erant
956 1620 1086 1674 lectorum
1101 1626 1183 1676 animi
1200 1628 1266 1680 iocis

181 1691 316 1756 interdurn
332 1705 396 1756 satis
413 1703 519 1756 acerbis
536 1705 562 1753 in
579 1705 719 1768 poetarum
736 1703 812 1764 vitia,
832 1703 858 1752 iu
874 1717 955 1768 prava
973 1709 1207 1769 grammaticorum
1224 1713 1267 1762 iu-

181 1788 262 1850 dicia,
280 1789 307 1838 in
324 1799 480 1852 perversam
496 1789 676 1838 Romanorum
693 1784 894 1848 educationem
913 1801 964 1841 nec
981 1802 1046 1840 vero
1062 1791 1160 1843 oblitus
1177 1796 1219 1844 est
1234 1808 1265 1846 ae

181 1873 275 1935 suique
301 1869 401 1922 similes
426 1871 520 1935 poetas
544 1869 691 1920 defendere
716 1869 846 1922 adversus
870 1872 1031 1935 antiquarios
1052 1877 1132 1938 atque
1156 1877 1265 1930 omnino

181 1967 313 2020 persaepe
329 1954 434 2006 ridmdo
449 1955 531 2004 dicen
545 1967 642 2004 mmm.
677 1954 872 2005 Sententiarum
889 1955 956 2006 ordo
967 1956 1047 2020 atque
1061 1961 1169 2010 mutuus
1182 1973 1266 2012 neum

181 2051 196 2089 a
213 2037 303 2090 multis
319 2038 513 2102 reprehensus,
532 2049 547 2086 a
564 2035 685 2101 pluribus
697 2038 777 2087 etiam
790 2049 885 2101 perum
895 2042 1062 2102 perspectus,
1081 2041 1144 2090 mibi
1155 2043 1265 2105 quidem

181 2120 478 2186 semper,admirabilis
503 2121 576 2172 usus
601 2123 643 2172 est
668 2118 774 2170 attalia
798 2113 932 2185 protecto,
958 2120 1043 2185 qrsalis
1060 2122 1143 2175 debet
1159 2139 1220 2178 esse
1237 2128 1264 2179 in

180 2204 307 2270 epistola,
332 2219 397 2256 vera
413 2205 546 2256 sermonis
563 2202 697 2254 tamiliarts
713 2205 842 2267 imagine,
868 2205 896 2255 id
916 2207 970 2266 est,
997 2207 1125 2258 occultior
1141 2211 1169 2258 et
1184 2208 1266 2261 laxior

180 2301 262 2352 quam
280 2290 324 2353 qui
341 2289 485 2353 requiritur
501 2287 527 2337 in
545 2290 668 2351 poemate
687 2300 761 2338 mere
779 2286 949 2338 didascalico.
976 2290 1127 2342 Dicentem
1140 2292 1266 2344 multum-

180 2385 234 2435 que
258 2372 398 2432 haesitavi,
425 2374 514 2422 utrum
540 2371 584 2421 hic
604 2385 637 2422 ex
658 2382 734 2421 more
752 2385 767 2421 a
784 2370 874 2422 multis
895 2372 958 2422 inde
975 2385 990 2422 a
1007 2373 1136 2438 liuppolto
1158 2379 1264 2428 servato

180 2455 370 2519 subiungerem
388 2457 575 2518 argumentum
590 2455 667 2506 livit.
687 2453 814 2520 (Reppulit
831 2454 874 2506 vel
885 2455 972 2506 lell.
992 2455 1107 2520 (troald)
1122 2457 1165 2510 vel
1175 2460 1263 2511 lililll.

181 2538 299 2603 (Wetzell
317 2537 359 2588 vel
375 2539 451 2590 XXV.
467 2538 598 2602 (Doeriug)
616 2537 747 2602 capitibus
766 2539 933 2589 distinctum:
952 2539 1000 2589 scd
1021 2551 1083 2590 cum
1102 2541 1265 2605 experientia

180 2623 249 2674 duce
262 2620 509 2674 didicerim-talibus
517 2617 652 2686 σχήμασι
664 2635 714 2672 nac
725 2619 872 2685 philologos
885 2635 934 2672 nec
946 2622 1090 2686 discipulos
1101 2637 1264 2690 magnopere

180 2707 263 2758 iuvari
280 2707 326 2756 eut
342 2704 470 2756 delectari
487 2717 572 2767 eaque
590 2705 692 2766 statim,
718 2703 764 2754 ubi
781 2702 899 2768 perlecta
916 2706 992 2764 sunt,
1013 2717 1046 2754 ex
1063 2709 1154 2756 mente
1171 2721 1264 2762 rursus

180 2790 305 2842 excidere
322 2788 425 2848 solere,
444 2787 569 2851 equidem
585 2789 611 2838 in
622 2787 814 2838 commentario
825 2788 899 2851 ipso,
917 2786 1070 2850 ubicunque
1082 2793 1264 2844 necessarium

181 2876 252 2935 erat,
271 2874 368 2926 seriem
385 2873 590 2936 praeceptorum
607 2883 639 2920 ac
657 2870 796 2922 transitum
813 2869 847 2920 ab
865 2882 918 2920 uno
929 2870 962 2920 ad
973 2868 1088 2922 alienum
1098 2871 1175 2924 brevi
1186 2873 1264 2938 signi-

179 2959 261 3010 ticare
278 2954 399 3022 praetuli.

617 3109 827 3116 ——m-m-

245 3215 310 3264 Miro
326 3225 391 3263 sane
409 3223 473 3261 casu
490 3209 590 3259 tactum
607 3211 660 3268 est,
679 3210 709 3257 ut
725 3221 757 3258 eo
770 3191 827 3271 ipsc
840 3207 895 3264 die,
915 3221 969 3270 quo
980 3221 1004 3258 a.
1018 3207 1091 3259 1838.
1102 3211 1182 3262 etiam
1193 3211 1263 3264 bunc

180 3297 372 3349 Praetutianum
389 3292 558 3344 absolveram
574 3292 717 3355 operisque
736 3289 909 3352 tradideram,
937 3292 1062 3342 Turicum
1079 3293 1130 3344 boc
1146 3307 1264 3358 opuscu-

28 3366 34 3393 ³
129 3371 133 3378 '
180 3381 235 3432 rum
250 3379 417 3445 perveniret:
436 3375 910 3437 nouacammrcmrpoun.
938 3375 1044 3437 muru
1058 3377 1104 3426 pr.
1118 3375 1262 3430 cunetmns

179 3464 252 3517 Lilie.
291 3461 468 3523 Vrctistccice,
487 3461 514 3510 F.
533 3459 598 3510 Hirt.
617 3458 864 3510 dccccxxxviii.
883 3457 908 3509 8.
926 3471 986 3522 pag.
999 3457 1040 3512 et.
1069 3461 1161 3524 Neque
1173 3463 1263 3512 umen

179 3551 322 3614 propterea
338 3545 381 3596 vel
398 3544 511 3596 verbum
521 3555 606 3594 unum
618 3553 696 3592 meae
710 3554 791 3592 curae
804 3543 907 3592 mutare
920 3555 1031 3594 necesse
1044 3542 1138 3603 habut;
1157 3557 1262 3607 verum,

180 3634 306 3697 quoniam
331 3629 484 3680 huiusmodi
508 3625 589 3678 libelli
614 3627 675 3690 post
696 3623 795 3688 aliquot
817 3637 901 3676 annos
918 3637 933 3674 a
950 3625 1075 3676 studiosis
1092 3627 1135 3675 vix
1152 3629 1263 3691 reperiri

180 3718 302 3780 possruu,
329 3712 502 3765 commodum
527 3711 614 3761 usum
632 3711 686 3771 est,
713 3709 849 3772 scriptoris
872 3709 962 3771 utique
980 3709 1086 3760 sincero
1102 3711 1159 3760 veri
1175 3711 1262 3762 studio

180 3800 252 3851 ducti
277 3795 439 3860 singularem
463 3795 615 3859 opinionem
640 3794 684 3843 hic
705 3803 932 3852 commemorare,
960 3804 1011 3842 non
1035 3803 1089 3856 qno
1111 3805 1171 3845 eom
1188 3807 1263 3846 com-

179 3883 309 4028 pmhle’u-g:
325 3965 365 4014 ilt.
397 3961 469 4012 «Sed
494 3961 621 4024 quoniam
644 3959 669 4007 in
689 3957 772 4008 rebus
791 3961 884 4008 natura
902 3971 950 4008 sua
967 3957 1054 4010 dubiis
1072 3958 1133 4010 licet
1149 3963 1260 4024 opinari,

179 4049 260 4100 talem
277 4047 413 4114 quandam
430 4043 464 4094 de
476 4044 546 4094 Artis
562 4042 682 4107 poeticae
700 4043 772 4090 sorte
785 4043 812 4090 et
822 4042 921 4104 origine
938 4043 1123 4104 cogitationem
1142 4045 1204 4094 mihi
1222 4046 1262 4095 in-

178 4132 274 4182 tormo.
305 4129 439 4188 Horatius,
462 4140 524 4178 cum
545 4139 594 4190 per
616 4127 697 4174 vitam
720 4123 812 4188 poesin
829 4122 968 4189 diligenter
984 4127 1092 4176 curaret
1107 4126 1261 4192 singulaque

180 4214 214 4265 ad
239 4227 301 4264 eam
328 4212 484 4278 pertinentia
510 4209 640 4274 poematis
662 4208 716 4258 suis
736 4207 904 4266 inseruisset,
931 4207 965 4258 de
987 4208 1082 4260 eodem
1104 4214 1261 4274 argumento

181 4297 263 4350 multa
280 4298 354 4362 prius
370 4294 493 4356 tortasse,
515 4305 596 4356 quam
615 4289 649 4340 ad
666 4291 775 4342 Pisones
791 4287 925 4341 scribendi
940 4289 1078 4342 consilium
1095 4298 1217 4358 caperet,
1235 4296 1262 4346 iu
