3178 4972
283 425 345 490 508
651 427 780 477 4404444444
797 426 1017 508 444440444444

327 583 385 650 Coi
407 581 513 671 placet
534 580 681 658 alterius,
706 603 766 648 sua
788 582 938 648 nimirum
960 590 1011 649 est
1032 579 1109 646 odio
1132 599 1213 647 sors.

326 703 447 771 Stultus
469 714 607 792 uterque
628 703 736 771 locum
758 702 951 770 immeritum
973 711 1126 769 causatur
1148 701 1273 789 iniquc3

325 827 361 890 ln
384 825 478 913 culpa
500 825 709 904 enauimus,
733 825 789 912 qui
811 844 848 891 se
869 845 934 890 non
957 822 1067 911 effingit
1089 843 1242 911 unquam.

325 948 371 1012 Tu
394 946 603 1013 mediastinus
626 945 721 1013 tacita
743 965 842 1032 prece
864 965 940 1013 rura
962 945 1114 1032 petebas,
1289 1023 1292 1035 Ι

326 1069 417 1134 Nunc
438 1066 554 1134 urbem
576 1076 609 1134 et
630 1065 725 1134 ludos
748 1076 780 1133 et
799 1065 916 1134 balnea
937 1066 1053 1133 vilicus
1075 1075 1183 1155 optas;
1332 1066 1373 1131 lli

325 1189 375 1256 lde
397 1199 545 1257 constare
566 1188 644 1255 mihi
666 1189 731 1255 scis
754 1199 786 1255 et
807 1187 978 1256 discedere
1001 1187 1139 1264 tristem,

349 1370 391 1419 tt.
409 1369 473 1434 sors]
489 1382 530 1418 res
547 1367 631 1419 Codd.
650 1365 711 1431 aliq.
730 1365 852 1416 Lambini
869 1367 895 1416 et
912 1365 1030 1429 cruquii.
1050 1365 1090 1429 (iit
1102 1377 1162 1426 nos,
1182 1378 1276 1416 omnes
1290 1380 1339 1416 no-

315 1443 362 1494 stri
379 1444 405 1494 et
422 1441 557 1505 Pottierii.)
578 1470 603 1478 -
626 1441 665 1491 te.
680 1441 824 1490 iuuuritum
836 1439 899 1490 Ecd.
921 1468 947 1476 -
968 1439 1007 1490 43.
1026 1451 1133 1500 usquam
1146 1439 1278 1503 Doeringii
1292 1453 1340 1491 su-

316 1519 407 1582 spicio.
428 1545 455 1554 -
477 1518 516 1568 45.
533 1517 622 1567 etiem
639 1517 676 1566 SE
696 1517 757 1578 (non
774 1515 827 1577 bct.

282 1683 356 1736 boris
374 1688 400 1736 te
413 1687 563 1736 exercent·
577 1711 605 1722 —
619 1683 747 1748 4444444444]
762 1698 809 1736 nu·
845 1685 927 1736 tundo
952 1683 1035 1734 labori
1058 1684 1090 1732 sit
1114 1683 1224 1734 idoneus.
1256 1684 1372 1746 tamnus

282 1759 381 1810 44444444.
395 1787 423 1797 -
436 1760 548 1824 umque]
561 1761 629 1810 Cum
640 1772 721 1810 versu
731 1772 808 1824 prae·
845 1761 977 1809 memorat
1003 1758 1187 1822 pavimentum
1212 1757 1372 1810 vermicula-

282 1835 342 1886 ced.
357 1848 409 1885 una
420 1834 559 1886 dumtaxat
574 1847 690 1898 persona
707 1834 808 1897 signiti-
845 1835 903 1882 tum
931 1834 1094 1894 Romanum,
1123 1831 1170 1882 ubi
1197 1831 1372 1886 mediastinus

282 1910 369 1970 cetur,
389 1909 432 1958 vir
449 1907 525 1959 aliter
537 1908 594 1958 lieri
606 1909 707 1972 potest,
726 1919 807 1971 quam
845 1919 939 1958 servus
962 1907 1056 1958 dextra
1079 1907 1238 1967 canistrum,
1265 1907 1372 1958 sinistm

282 1985 312 2034 ut
334 1995 397 2033 cum
418 1981 554 2047 plerisque
578 1981 640 2032 inde
657 1995 672 2031 4
690 1981 808 2032 Laudine
845 1993 957 2046 scopam
982 1985 1077 2032 44444444
1105 1981 1258 2045 descriptus
1286 1983 1373 2034 exstat

280 2069 367 2120 usque
402 2057 436 2106 ad
469 2058 593 2108 vossium
623 2055 806 2120 explicemus:
846 2069 908 2106 cum
925 2056 1033 2106 nomine
1051 2055 1231 2106 CORNELIUS
1246 2055 1372 2108 SERVUS

282 2145 348 2195 sego
365 2144 397 2180 ac
415 2134 473 2194 tu‚»
497 2133 532 2182 ita
549 2134 579 2181 nt
596 2131 722 2182 dominus
738 2144 807 2195 quc-
844 2131 1087 2195 ascissimus.)
1117 2128 1241 2194 Ulpianus
1257 2131 1314 2194 nin.
1328 2130 1370 2193 47,

281 2205 427 2256 dammodo
438 2217 517 2255 servo
529 2219 558 2256 se
570 2207 739 2270 aequiparet,
758 2205 807 2256 sed
846 2205 889 2266 ts,
908 2204 955 2256 li:
973 2206 1081 2256 mulum
1096 2205 1211 2267 interest,
1230 2205 1372 2267 4444444444-

281 2279 344 2329 κατ’
371 2279 526 2348 εἰρωνείαν.
564 2281 631 2330 Nam
656 2281 732 2343 ipse,
762 2281 807 2344 qui
843 2292 889 2328 uus
918 2280 963 2341 sit,
993 2279 1071 2330 bonae
1097 2279 1181 2342 saepi,
1210 2280 1370 2342 ordinarius,

281 2351 399 2402 rusideo
412 2351 596 2416 praelerebat,
614 2351 808 2418 utibisimpli·
846 2355 1014 2416 dispunctor,
1044 2367 1080 2404 uu
1107 2367 1167 2403 uero
1194 2354 1307 2418 odam
1332 2353 1372 2404 usi

282 2429 339 2478 cius
360 2427 464 2476 viveret
486 2428 566 2490 atque
589 2429 616 2478 in
637 2427 807 2479 emendando
844 2429 1007 2478 mdiostiuus
1028 2428 1067 2478 oei
1086 2427 1259 2490 adunatus.
1294 2429 1369 2480 Conl.

282 2515 312 2554 se
329 2500 578 2566 tranquillandoque
596 2501 735 2566 diligenter
755 2501 808 2552 ela·
845 2503 947 2552 Becker
964 2502 1051 2552 Galus
1074 2501 1127 2564 (ed.
1146 2499 1201 2564 444.)
1218 2503 1249 2552 44.
1265 2516 1293 2567 p.
1311 2501 1369 2554 444.

282 2575 404 2636 boraret,
431 2572 541 2626 stultum
565 2577 635 2626 serio
658 2589 806 2628 sevocare
844 2575 900 2627 Alia
918 2579 960 2627 est
981 2575 1120 2642 explicatio
1142 2577 1268 2628 Prisciani
1288 2589 1371 2641 snper

282 2663 454 2714 nequaquam
477 2653 590 2714 poterat.
625 2652 707 2714 Ergo,
734 2651 807 2715 quod
845 2651 900 2701 xtl.
920 2653 986 2702 Aen.
1009 2665 1051 2702 vv.
1073 2649 1101 2702 T.
1125 2652 1156 2702 ll.
1179 2665 1207 2715 p.
1227 2651 1284 2702 343.
1309 2652 1368 2702 lin:

282 2724 317 2776 ad
328 2737 422 2776 verum
432 2737 542 2776 sensum
552 2727 658 2788 attinet,
677 2729 719 2778 est
731 2727 806 2790 quasi
846 2724 1025 2777 «Mediastinus
1041 2724 1102 2776 inde
1115 2725 1220 2776 videtur
1230 2726 1368 2789 componi,

282 2797 413 2864 generalis
425 2801 572 2850 sentemia:
592 2799 806 2864 «sequestrans
844 2800 906 2863 quia
924 2799 1028 2852 medias
1049 2802 1141 2863 partes
1162 2797 1253 2850 balnei
1279 2801 1368 2860 tenet.

282 2877 324 2924 est
340 2877 453 2936 uterque
471 2877 499 2925 et
520 2876 564 2937 qui
583 2873 652 2925 nulla
671 2877 745 2926 certa
763 2888 807 2925 ra·
845 2873 896 2924 hoc
911 2876 965 2935 ast,
985 2875 1010 2923 in
1028 2873 1117 2924 medio
1135 2873 1279 2924 lavantium
1291 2875 1368 2932 stac»

282 2950 352 3000 tione
370 2948 467 3000 duetus
484 2947 581 2999 urbem
600 2949 637 3012 [ut
653 2950 681 2998 tu
693 2947 766 3010 iscis)
780 2951 807 2998 et
844 2960 961 3010 quocum
985 2948 1076 2998 confer
1100 2947 1311 3012 porphyrionem
1334 2945 1369 2998 ad

281 3023 327 3085 qui
344 3035 390 3073 ros
407 3021 548 3087 praefert.»
569 3049 596 3058 -
615 3023 696 3074 locum
718 3023 807 3074 imnu-
844 3024 898 3074 Sat.
912 3025 939 3084 4,
955 3024 984 3084 s,
1003 3022 1048 3073 ao:
1068 3024 1118 3073 «de
1135 3020 1238 3073 balneis
1255 3020 1369 3086 publicis

280 3099 498 3160 manusuetus]
511 3097 628 3159 «locum,
647 3099 723 3149 cuius
735 3097 805 3148 nulla
843 3111 943 3162 prunas
965 3097 1016 3150 sibi
1038 3098 1151 3149 domum
1167 3111 1182 3148 a
1203 3097 1369 3150 mediastinis

281 3174 324 3224 est
340 3171 431 3237 culpa,
450 3171 590 3232 αἰτιᾶται,
608 3175 744 3224 accusat.»
763 3173 805 3223 sio
843 3171 962 3232 offerru-
984 3171 1063 3222 etad
1081 3173 1107 3222 44.
1124 3170 1155 3221 l.:
1185 3169 1290 3224 «incola
1308 3185 1369 3222 ms-

281 3246 330 3298 Od.
344 3249 374 3308 4,
388 3247 434 3308 tr,
452 3248 499 3300 28:
518 3249 669 3298 summum
680 3273 694 3284 -
704 3252 803 3296 cutem.
842 3246 902 3298 diae
912 3247 1023 3300 civitatis
1031 3260 1065 3297 an
1074 3248 1100 3298 in
1109 3247 1196 3297 cilicio
1204 3245 1367 3297 balneatoris

280 3321 334 3372 Sat.
351 3322 382 3382 4,
407 3321 435 3382 3,
454 3321 483 3370 7:
510 3322 803 3382 tummim-partes.
843 3321 1051 3379 mediastinum»
1080 3324 1235 3385 comparato
1264 3323 1369 3370 Aes-ona

283 3394 805 3460 -ss-ettispitJOd.2‚ld‚l9:Potrias
842 3395 968 3448 adh.l.:
997 3397 1146 3456 «noscet,
1173 3396 1369 3446 incivitateet

281 3471 336 3533 quis
352 3471 423 3520 444444
439 3471 472 3520 Se
489 3483 586 3532 44444444
600 3469 685 3532 sopit?
704 3496 732 3505 -
749 3483 805 3520 ma-
843 3471 869 3520 in
887 3470 975 3521 media
993 3470 1060 3522 urbe
1082 3471 1184 3520 vivens.
1213 3469 1275 3520 44444
1296 3468 1368 3519 enim

280 3543 410 3609 diustiuru]
429 3558 443 3594 4
462 3558 486 3594 v.
504 3545 611 3604 medius,
631 3545 661 3592 ut
676 3543 806 3594 4444444444-
843 3544 939 3594 dicitur
955 3545 1061 3606 civitam
1088 3544 1160 3596 unde
1183 3546 1212 3595 et
1231 3544 1368 3594 Terentia-

279 3633 327 3670 uus
344 3633 360 3670 a
377 3633 402 3670 v.
420 3619 501 3678 clam,
520 3630 614 3668 servus
632 3617 715 3668 infimi
731 3616 805 3666 ordi·
843 3631 921 3670 num:
939 3617 1193 3670 Autnmmvetur·
1212 3617 1367 3683 quintinus.

280 3689 333 3756 nis,
357 3695 383 3744 in
400 3692 489 3743 medio
505 3693 627 3756 paratus,
651 3690 713 3742 nulli
731 3695 805 3742 certo
843 3691 916 3742 addit
927 3693 1031 3742 Comm.
1043 3694 1135 3755 Cruq.:
1155 3693 1213 3743 «Sic
1224 3688 1369 3753 intelligen-

280 3769 427 3820 ministeric
461 3767 597 3828 addictus,
631 3765 682 3817 sed
714 3763 805 3817 viliora
842 3766 920 3826 dum;
950 3780 1002 3817 non
1029 3770 1059 3817 ut
1082 3767 1192 3830 quidam
1220 3764 1368 3828 intelligunt

280 3856 404 3907 quaeque
414 3855 525 3894 munera
534 3841 609 3892 obire
619 3839 720 3903 solitus,
731 3841 804 3892 iussu
841 3842 1017 3892 mediastinum
1034 3842 1112 3904 quasi
1123 3841 1274 3892 ministrum
1285 3839 1368 3890 obse-

280 3918 361 3968 etiam
387 3929 578 3968 conservorum
603 3917 735 3966 artificum
763 3915 804 3966 vel
843 3917 896 3980 quii
914 3919 941 3967 et
958 3915 1036 3966 oflicii
1048 3913 1214 3965 balnearum.
1241 3915 1367 3966 Prisciani

280 3992 388 4058 proprio
404 3990 492 4055 aliquo
504 4003 616 4042 munere
628 3989 802 4054 tangentium,
842 3991 1087 4054 interpretationem
1114 3989 1237 4052 sequitur
1268 3987 1368 4040 44444444-

280 4067 311 4115 ut
326 4067 388 4116 sunt
404 4064 616 4130 dispensatores,
637 4065 805 4115 ratiocinato-
840 4065 941 4128 borgar
968 4065 995 4114 in
1026 4063 1116 4126 Progr.
1140 4062 1261 4126 Aquisgr.
1291 4061 1365 4114 tata.

279 4151 338 4200 res,
358 4137 521 4190 cubicularii.
551 4136 697 4200 columi,
718 4139 748 4198 9,
768 4138 802 4188 3;
840 4152 867 4203 p.
882 4139 926 4189 ts:
954 4135 1133 4188 «Verisimile
1151 4139 1205 4198 est,
1229 4137 1366 4188 Horatium

280 4213 443 4264 Mediastinus
459 4214 638 4276 44444444444
647 4218 726 4264 susm
738 4213 802 4277 (sta-
840 4212 913 4262 hunc
929 4223 1040 4262 serrum
1051 4224 1067 4260 4
1078 4209 1234 4262 bdneatore
1246 4210 1366 4274 quodam

281 4287 365 4348 turae)
379 4291 459 4350 potest
476 4299 540 4350 esse,
564 4287 696 4338 duunudo
709 4300 803 4350 perpa-
841 4289 961 4351 emptum
990 4287 1083 4350 postea
1108 4285 1222 4336 misticae
1251 4283 1366 4338 4444444444
