3156 4972
303 443 366 511 355
684 444 1013 498 nonanrslnannuu

346 603 383 670 Et
404 601 523 670 calices
545 600 649 689 poscit
670 600 820 667 maiores.
868 602 999 667 Vertere
1020 597 1127 687 pallor
1350 601 1392 698 35

345 726 424 790 Tum
446 723 578 812 parochi
600 722 715 790 taciem
737 721 780 786 nil
805 721 852 788 sic
874 722 1046 788 metuentis
1068 731 1104 786 ut
1129 741 1222 788 acres

344 849 494 922 Potores,
517 843 569 911 vel
595 843 687 932 quod
708 842 792 910 male
815 842 926 910 dicunt
947 842 1082 911 liberius
1103 843 1154 910 vel

345 966 483 1034 Fervida
504 965 594 1054 quod
616 963 734 1032 subtile
756 964 933 1031 exsurdant
953 965 1029 1032 vina
1049 964 1200 1053 palatum.

261 1131 263 1136 -
348 1089 513 1155 Invertunt
533 1086 675 1154 Allifanis
698 1085 822 1153 vinaria
843 1093 910 1152 tota

343 1209 489 1278 Vibidius
511 1208 719 1296 Balatroque,
744 1207 865 1275 secutis
887 1207 1053 1289 omnibus;
1077 1210 1131 1275 imi
1349 1211 1391 1275 to

344 1331 505 1400 Convivae
527 1330 601 1398 lecti
623 1329 757 1395 nibilum
779 1349 922 1397 nocuere
943 1330 1076 1418 lagenis.

365 1491 406 1544 tt.
422 1495 529 1554 posaeo
544 1489 627 1542 Aldus
645 1490 717 1541 ⁴509.
737 1493 765 1541 et
782 1491 855 1541 4549.
878 1518 905 1527 -
924 1490 965 1540 36.
985 1492 1053 1540 cais
1072 1504 1095 1541 c.
1126 1491 1202 1554 (ilinc
1218 1503 1304 1555 usqm
1322 1491 1357 1542 ad

332 1581 358 1618 v.
377 1567 418 1620 8l.
437 1579 549 1620 mancus
566 1569 608 1618 est
625 1567 692 1618 Cod.
711 1567 750 1630 Ε.)
771 1593 798 1605 -
817 1565 858 1618 io.
877 1566 935 1616 imis
950 1565 1047 1630 bcp,Lt
1065 1566 1127 1631 (non
1144 1565 1179 1630 S).

299 1709 437 1759 memor
446 1708 528 1759 institi.
548 1707 587 1759 ct.
601 1707 626 1768 i,
639 1707 717 1770 titt).
730 1709 759 1757 ut
771 1708 826 1772 opi·
862 1706 1049 1772 praebendum
1066 1704 1206 1768 attinebat,
1225 1708 1295 1758 tecte
1307 1707 1389 1770 signi·

300 1787 378 1835 netur
399 1784 529 1844 Dtlntzer,
552 1797 586 1834 ex
608 1783 691 1833 Ennio
712 1781 824 1832 tortasse
862 1782 957 1832 fleatur
974 1795 999 1830 v.
1017 1781 1069 1841 t6.;
1088 1781 1140 1830 hoc
1162 1781 1220 1846 ipso
1242 1779 1302 1831 loco
1326 1782 1388 1846 (quo

298 1859 389 1923 petita,
400 1857 510 1908 ridicula
520 1857 554 1907 ad
563 1857 729 1921 potationem
740 1858 826 1906 trans·
858 1857 945 1919 pallor
970 1867 1055 1919 prope
1081 1855 1193 1905 nimium
1219 1853 1330 1906 allectus
1351 1857 1390 1906 si·

298 1933 391 1984 terim.
426 1934 469 1983 Sic
492 1935 583 1983 autern
606 1930 669 1981 ultio
693 1929 824 1982 sumenda
862 1944 943 1994 gnum
967 1932 1051 1992 esset,
1079 1929 1101 1980 si
1126 1942 1175 1994 pro
1196 1929 1268 1981 veris
1285 1929 1388 1981 habeas

298 2011 356 2059 erat
372 2008 406 2059 de
427 2020 511 2059 coena
530 2005 622 2071 putida
633 2007 714 2070 atque
726 2003 825 2068 alioqui
862 2005 1003 2055 rationesa
1014 2003 1149 2054 Fundanio
1164 2001 1274 2068 allatas);
1293 2017 1319 2054 v.
1332 2004 1385 2066 lit,

299 2081 380 2134 taedii
397 2080 485 2147 plene.
862 2079 935 2144 quod
959 2080 1005 2130 imi
1030 2080 1156 2129 condraa
1179 2077 1253 2138 lacti,
1283 2081 1388 2143 patroni

330 2155 420 2207 tta-tt.
449 2154 669 2218 adicer-anatome]
689 2154 727 2204 Ex
748 2165 823 2204 mora
861 2155 1057 2220 parcimoniae,
1084 2154 1110 2204 in
1127 2154 1189 2204 vino
1206 2151 1302 2204 saltem
1323 2167 1388 2220 pro-

297 2232 399 2282 acrium
408 2232 542 2294 potorum.
563 2228 637 2279 Coni.
648 2227 731 2292 Epod.
745 2226 770 2288 9,
781 2226 821 2276 33.
861 2228 973 2289 mendo,
999 2227 1085 2293 probe
1110 2229 1202 2291 gnari,
1229 2241 1245 2276 a
1269 2227 1387 2292 potando

297 2306 386 2369 Eurip.
395 2306 450 2355 lon.
460 2303 532 2356 atta:
543 2304 633 2372 γέρων
641 2295 721 2366 ἔλεξ’
731 2295 824 2372 ἄφαρ·
860 2303 1007 2364 abstinent;
1020 2317 1046 2354 v.
1056 2305 1108 2365 δὲ,
1119 2302 1192 2367 quod
1203 2301 1307 2353 Vibidio
1316 2303 1387 2354 servi

297 2376 395 2444 παίζειν
412 2373 505 2450 χρεὼν
522 2375 630 2448 Οἰνηρὰ
647 2373 736 2443 τεύχη
755 2390 823 2440 ape·
860 2381 970 2445 propter
992 2391 1088 2430 arcana
1107 2379 1166 2428 heri
1186 2377 1311 2428 mandata
1333 2390 1385 2428 non

296 2453 369 2526 apd,
395 2448 509 2520 μεγάλα
533 2451 557 2502 d'
583 2451 725 2524 ἐσφέρειν.
766 2452 820 2501 Cic.
861 2453 924 2505 dant
941 2453 1044 2519 pocula.
1062 2453 1239 2518 -taoertma
1253 2447 1326 2502 κατὰ
1337 2467 1386 2503 κε-

296 2531 374 2580 Varr.
387 2531 483 2580 Aecus.
502 2530 532 2590 t,
550 2529 595 2589 26,
614 2527 658 2578 66:
688 2527 823 2577 αἰεοιαιιὸί-
860 2528 958 2595 φαλῆς
983 2529 1142 2602 τρέπονται.
1187 2529 1272 2580 Coun.
1294 2527 1385 2590 Cano„

297 2610 353 2656 tur:
374 2605 501 2668 meamne
518 2603 584 2652 lotar
600 2615 640 2652 00⁸
656 2607 679 2652 rt
696 2602 820 2664 invitatio,
860 2607 889 2656 ut
916 2617 965 2656 nos
993 2607 1188 2654 amatttrzaa.
1237 2601 1387 2654 alnclinant

294 2684 323 2729 ut
340 2679 437 2729 Graeco
457 2691 527 2728 more
547 2677 679 2728 abacta.
706 2677 823 2728 lortatw
856 2681 961 2730 vinaria
984 2678 1122 2744 (lagenas,
1153 2677 1278 2728 Glossae:
1311 2679 1387 2728 vina-

294 2753 397 2816 hapa:
422 2757 529 2814 pererrat
555 2751 693 2802 maioribtta
714 2752 819 2814 poatttr.
858 2755 945 2818 nmo,
983 2752 1194 2825 otvoeopatov.)
1226 2752 1263 2803 ad
1296 2752 1385 2803 miun-

298 2825 748 2892 -porocti1Cir.Sat.t,tt,l6.
773 2827 821 2877 llic
860 2829 980 2880 dandum
998 2841 1104 2880 merum
1122 2829 1148 2878 ia
1169 2827 1293 2879 calices.»
1335 2825 1384 2878 Od.

294 2902 388 2954 lestive
411 2903 446 2951 ita
462 2903 542 2951 vocat
558 2913 659 2952 coenae
683 2899 821 2965 praebito·
858 2903 889 2965 3,
908 2903 955 2966 att,
973 2904 998 2954 2.
1029 2901 1158 2954 Lucilius:
1185 2903 1294 2952 Vertitur
1310 2914 1386 2952 ωπο-

294 2989 362 3028 ram.
384 3005 411 3013 -
430 2976 539 3026 Fervida
561 2975 624 3039 cet]
648 2975 741 3026 «neda
760 2975 821 3025 vina
856 2979 945 3041 phorio
953 2977 1060 3042 mue,
1078 2978 1201 3028 amtaotia
1211 2975 1288 3027 nobie.
1311 2977 1381 3040 Virg.

294 3051 424 3102 hebetant
435 3047 602 3101 subtiliorem
613 3047 693 3114 palati
703 3051 819 3113 gustum,
858 3056 924 3104 Aen.
953 3053 985 3112 a,
1004 3053 1067 3103 tet:
1092 3057 1193 3102 vertam
1209 3057 1324 3102 aetem
1338 3053 1386 3100 ort·

295 3125 384 3189 itaque
402 3125 530 3176 convivae
553 3123 612 3175 talis
630 3137 730 3174 coenae
754 3123 822 3174 deli·
858 3141 912 3178 noe.
934 3153 961 3164 -
979 3126 1102 3192 Adisaoir]
1122 3125 1240 3176 dativus:
1260 3125 1385 3176 «maiori-

295 3201 350 3252 cias
372 3201 461 3251 minus
484 3199 706 3264 persentiscent.»
727 3225 754 3236 -
774 3212 822 3249 ac-
858 3202 910 3254 bus
933 3202 1074 3266 scyphtsp
1104 3200 1138 3250 eb
1160 3199 1258 3260 attttts,
1286 3199 1385 3250 samnii

293 3275 408 3339 wacta]
431 3273 532 3324 tralatio
554 3273 589 3323 ab
606 3273 698 3324 auditu
715 3273 750 3323 ed
772 3285 822 3336 gu·
859 3275 970 3340 oppido,
991 3273 1052 3325 «ubi
1069 3273 1163 3325 fictiles
1175 3276 1202 3325 at
1218 3272 1326 3325 latiores
1338 3287 1386 3324 ca·

294 3352 402 3402 statum.
437 3350 566 3399 Neutram
583 3350 673 3399 autern
690 3349 822 3398 rationem
858 3351 923 3401 lices
945 3348 1070 3399 liabent.»
1099 3350 1183 3401 Cotta.
1201 3349 1281 3407 Cano.
1308 3347 1385 3400 Silius

294 3423 415 3490 prolerre
437 3425 542 3487 poterat
567 3423 624 3488 ipse
647 3423 805 3474 Nasidienus
815 3461 820 3484 ,
860 3426 904 3486 ta,
923 3425 986 3474 tat:
1003 3423 1129 3487 Allifanus
1145 3422 1232 3472 laoclro
1243 3423 1319 3473 Haud
1329 3423 1385 3474 iaa-

295 3497 346 3549 sed
370 3497 542 3548 manifestum
567 3499 609 3548 est
637 3499 780 3560 utramque
806 3510 821 3547 a
858 3505 942 3550 matut
958 3512 1028 3562 aper.
1050 3525 1077 3536 —
1102 3499 1148 3548 imi
1170 3497 1294 3548 aarum
1319 3497 1384 3564 teeti]

296 3572 432 3626 Fundanio
449 3569 579 3622 malitiose
597 3573 703 3635 suggeri
721 3571 822 3622 homini
859 3576 1042 3626 Nomentanus
1059 3573 1087 3622 et
1102 3573 1229 3633 Porcius,
1251 3571 1385 3625 Nasidieni

296 3645 384 3699 subito
408 3644 597 3712 expallescenti
619 3648 700 3710 atque
724 3643 820 3696 silenti.
860 3648 981 3714 parasiti,
1008 3647 1156 3712 prudenter
1177 3646 1323 3709 cavebant,
1350 3659 1385 3698 nc

295 3723 365 3772 Vara
382 3720 507 3772 videlicet
526 3721 593 3771 ratio
614 3721 641 3772 ia
659 3722 717 3773 eius
737 3721 824 3772 inerat
860 3736 923 3774 eum
940 3721 1108 3773 otlenderent
1127 3720 1225 3786 largius
1246 3720 1384 3782 bibendo;

296 3797 473 3862 parcimonia:
498 3796 599 3847 etenim
616 3793 682 3848 tales
699 3796 823 3846 homines
859 3801 988 3863 patronus
1016 3797 1073 3862 ipse
1102 3795 1138 3847 ob
1165 3797 1303 3848 avaritiam
1334 3795 1385 3848 sibl

296 3873 369 3924 tenui
386 3871 446 3922 loco
464 3872 527 3932 orti,
554 3870 603 3922 sed
624 3883 689 3922 casu
711 3873 823 3935 repente
861 3871 1060 3936 temperabata
1083 3873 1157 3936 potu.
1194 3870 1246 3922 Cir.
1268 3871 1334 3936 Epp.
1356 3871 1384 3930 l,

298 3946 393 3998 divites
410 3945 470 3996 tacti
487 3945 643 4010 (pervetus),
661 3945 729 3997 mira
752 3947 823 3996 tem
862 3947 906 4007 ts,
927 3946 972 3997 ⁴0:
1000 3945 1046 3996 imi
1067 3945 1173 3996 Derisor
1196 3945 1260 3996 lecti.
1297 3944 1386 3996 Lectio

298 4021 435 4085 paratione
457 4018 617 4086 plerumque
640 4031 737 4083 magau
760 4034 824 4072 curn
860 4023 918 4072 iaris
934 4035 967 4072 ex
984 4034 1067 4086 prava
1085 4019 1333 4073 accommodatione
1351 4017 1386 4068 ad

298 4093 824 4159 prolusionesordesconiunguat.l’rava
861 4095 1051 4160 praecedentia
1069 4097 1127 4146 orta
1144 4095 1193 4146 est.

300 4170 391 4220 autam
408 4172 436 4220 et
451 4169 574 4232 ridicula,
602 4182 684 4234 quam
706 4167 824 4221 nonnulli
894 4169 982 4220 ta-eo.
1001 4169 1117 4234 ιᾳιάἱὶω]
1134 4167 1284 4220 Kratbea.
1310 4166 1385 4219 conl.

301 4256 447 4307 agnoscere
466 4243 621 4306 nolueram,
644 4245 823 4309 parcimonia,
862 4244 915 4294 Sat.
928 4245 959 4306 2,
978 4243 1008 4307 l,
1027 4243 1069 4294 58.
1091 4271 1117 4281 -
1136 4241 1269 4306 muraena]
1292 4243 1387 4294 Haer-

300 4319 416 4372 maxime
444 4317 516 4382 quod
544 4317 579 4368 ad
606 4319 699 4369 vinum
726 4316 824 4382 largius
862 4319 920 4368 act.
944 4319 1122 4370 Romanorum
1139 4316 1259 4369 deliciae.
1284 4317 1387 4370 Macro-
