3090 4974
596 451 655 502 tiu.
674 452 705 502 ii.
741 451 839 504 Epist.
858 452 889 502 li.

243 611 277 674 ln
299 628 402 675 vacuo
424 607 527 674 laetus
549 627 660 675 sessor
680 607 877 695 plausorque
898 607 1038 684 theatr03

243 731 357 798 Cetera
379 730 434 816 qui
458 730 542 796 vitae
564 739 710 796 servaret
731 729 840 796 munia
863 737 951 796 racto

242 853 344 926 More,
369 851 475 918 bonus
497 839 582 918 sane
597 851 737 928 vicinus,
761 849 907 918 amabilis
929 841 1065 937 hospes‘,

244 973 351 1040 Cernis
374 973 405 1038 in
428 992 578 1048 uxorem,
601 983 713 1060 posset
734 972 789 1059 qui
813 971 982 1059 ignoscere
1003 971 1107 1038 servis

245 1095 281 1159 Et
302 1095 394 1181 signo
417 1092 506 1162 laeso
529 1115 592 1160 non
618 1093 758 1162 insanire
781 1093 931 1181 lagenae,

270 1337 325 1390 iti.
344 1339 411 1402 lipsio
427 1354 453 1404 γ,
473 1339 540 1390 teste
558 1335 675 1388 Banheio
693 1337 727 1387 ad
744 1338 797 1388 Sat.
816 1338 841 1398 i,
859 1339 884 1396 t.
902 1337 943 1388 82.

202 1565 307 1622 rentur,
335 1573 387 1612 non
409 1573 478 1626 quae
500 1561 659 1625 decipiant.»
688 1562 728 1612 De
765 1559 861 1610 acidia
897 1561 968 1610 «liic
994 1562 1078 1624 Lycas
1104 1561 1191 1612 dietus
1215 1563 1289 1614 est.-

202 1638 288 1688 semet
305 1637 363 1700 ipso
380 1635 447 1686 haec
465 1635 528 1686 dicit
547 1647 609 1686 cum
627 1635 728 1700 perspi·
766 1635 851 1684 cona.
871 1635 951 1692 Caua.
972 1662 998 1670 —
1025 1635 1107 1699 Arpis]
1133 1635 1179 1686 Est
1204 1649 1237 1686 ex
1259 1636 1290 1688 iis

202 1723 252 1760 cua
269 1711 368 1770 ironia,
386 1709 471 1774 probe
489 1710 614 1760 conscius
630 1722 660 1760 se
677 1723 728 1760 noc
765 1709 895 1771 historiis,
922 1723 991 1775 quae
1014 1711 1040 1760 in
1058 1709 1157 1762 scholis
1173 1707 1291 1775 philoso-

202 1784 316 1836 delirum
350 1797 439 1847 neque
468 1786 588 1848 ineptum
619 1786 727 1847 poetam
765 1785 881 1848 phorum
904 1787 1005 1836 narrari
1028 1784 1159 1836 solebant.
1193 1784 1290 1836 Similia

203 1871 272 1910 esse.
302 1857 369 1910 Male
387 1858 429 1908 alil
446 1859 513 1908 haec
529 1859 628 1910 Horatii
644 1857 728 1908 verba
765 1858 847 1910 relert
867 1859 900 1910 de
918 1858 1056 1924 Thrasyllo
1071 1859 1225 1910 Atheniensi
1241 1861 1292 1910 Ae·

202 1931 329 1984 iocularia
352 1933 423 1984 serio
440 1931 562 1984 tribuunt
578 1933 668 1984 nescio
685 1934 728 1984 eui
766 1932 851 1986 lianus
869 1935 943 1986 Veli.
957 1934 982 1995 l,
995 1935 1052 1994 it..
1076 1934 1149 1984 idem
1166 1934 1200 1985 da
1217 1934 1292 1997 ,iby-

202 2011 298 2072 po'etae
316 2006 400 2068 malo,
419 2009 464 2072 qui
478 2009 513 2057 ita
525 2021 586 2059 sesa
599 2007 729 2058 delendo-
765 2006 837 2058 deno
855 2008 972 2071 quodam
989 2007 1179 2060 Pseudaristot.
1197 2009 1231 2059 de
1244 2009 1292 2060 mi·

203 2083 245 2132 rit.
260 2109 287 2117 -
305 2081 386 2145 rinpi]
405 2083 513 2145 Proprie
525 2083 593 2145 riapi
605 2081 730 2132 dicuntur
766 2081 824 2131 rah.
842 2085 922 2133 Auso.
936 2082 977 2132 at.
994 2095 1020 2146 p.
1034 2083 1075 2132 70.
1094 2083 1216 2132 Reclam:
1235 2081 1291 2133 Λέ-

203 2169 292 2216 canes,
305 2155 648 2216 eumrictumdlducando‚
664 2155 729 2206 den-
765 2171 846 2222 yma
862 2154 893 2208 ds
909 2171 973 2207 τινα
989 2157 1021 2208 ἐν
1036 2150 1143 2224 Ἀβύδῳ
1161 2170 1181 2206 κ
1256 2153 1291 2207 ὀ-

203 2235 244 2282 tes
260 2230 428 2284 ostendendo
446 2232 474 2280 et
489 2230 625 2282 hinniendo
643 2231 729 2281 viato-
766 2239 868 2295 ψαπα
883 2229 919 2303 τῇ
936 2229 1051 2300 διανοίᾳ
1067 2233 1117 2282 καὶ
1128 2233 1169 2295 εἰς
1180 2247 1215 2282 το
1226 2232 1292 2283 θέω

203 2305 276 2356 ribus
300 2317 405 2356 morsus
423 2305 593 2365 minitantur;
620 2307 726 2356 ierant.
765 2320 834 2376 spos
850 2303 1010 2378 ἐρχόμενον
1027 2305 1074 2358 ἐπὶ
1094 2303 1203 2369 πολλὰς
1219 2301 1292 2373 ἡμέ-

203 2380 308 2430 l’harm.
322 2380 353 2438 i,
370 2379 399 2439 2,
418 2380 464 2430 at:
491 2380 534 2430 itia
548 2381 674 2444 rtapitttr,
701 2385 729 2430 tu
767 2396 820 2452 ρας
844 2380 964 2452 θεωρεῖν
991 2376 1033 2445 ὥς.
1059 2377 1293 2452 ὑποκρινομένων
1314 2439 1320 2448 ‚

202 2455 299 2512 rideam
326 2452 372 2504 uhi
393 2455 525 2504 Donatus:
553 2455 666 2519 «ittapi
687 2456 730 2516 est
766 2449 1178 2522 τινῶνκαὶέπισημαὶνεσθαι·
1192 2450 1293 2518 ναὶῶς

203 2528 365 2580 stomachari
382 2529 506 2588 tacitum
525 2533 567 2580 est
583 2531 655 2580 euim
673 2532 729 2580 tra·
766 2531 893 2596 κατέστη
910 2527 963 2596 τῆς
979 2529 1164 2602 παρακοπῆς,
1182 2521 1293 2597 ἔφησεν

202 2602 264 2654 latio
281 2617 295 2653 a
314 2603 427 2654 canibus
444 2603 602 2654 intraturis.»
622 2605 677 2654 cic.
694 2605 728 2655 ad
767 2603 879 2655 ἐκεῖνον
895 2599 974 2672 αὐτῷ
990 2602 1042 2655 τὸν
1063 2603 1172 2676 χρόνον
1190 2599 1294 2670 ἥδιστα

202 2679 255 2728 stt.
272 2677 304 2738 i,
323 2679 352 2737 ti,
371 2680 400 2728 2:
431 2679 452 2727 a·
471 2679 658 2742 martianam,
687 2679 730 2740 eat
766 2677 937 2740 dediderint.
973 2681 1012 2730 ac
1031 2678 1192 2730 simillimam
1208 2681 1293 2731 histo-

202 2753 290 2806 ct'llota
304 2765 344 2804 aaa
359 2753 459 2803 molesta
468 2753 553 2814 sarmit
563 2752 660 2802 holm.
684 2753 731 2802 Est
767 2755 834 2804 riam
853 2752 887 2802 de
900 2751 980 2802 nobili
992 2751 1163 2804 adolescente
1175 2755 1293 2817 lllspaao

203 2839 280 2890 ergo:
301 2826 478 2878 istomachari
489 2827 517 2875 et
528 2826 648 2886 cruciari,
667 2838 729 2877 cum
767 2825 903 2890 eleganter
920 2829 1010 2876 narrat
1025 2827 1125 2876 Huarte
1136 2828 1253 2878 linantur
1264 2827 1295 2877 dc

202 2902 302 2963 captain
318 2901 443 2965 quidem,
462 2899 488 2950 id
507 2902 549 2952 est
565 2901 650 2950 annm
665 2899 730 2950 artis
766 2902 879 2964 ἡρωίσι
898 2913 970 2962 pora
994 2901 1032 2950 tas
1055 2901 1171 2950 cinctus
1205 2901 1246 2950 lia
1267 2900 1293 2950 ta

203 2974 323 3038 regulas,
346 2989 397 3028 nec
419 2977 509 3026 umen
527 2975 559 3024 iis
575 2975 730 3025 satisfacere
767 2977 809 3037 off.
828 2975 935 3026 Plautia.
956 2973 1029 3024 tasi.
1054 2973 1163 3026 iot-38.
1198 2975 1292 3026 Forma

204 3061 316 3112 queam,
334 3061 366 3098 ae
383 3052 526 3113 propterea
543 3049 665 3100 mihimet
679 3048 730 3112 ipsi
766 3049 851 3112 Aspia
867 3062 916 3113 pro
928 3049 1037 3113 Arpioae
1047 3051 1090 3100 est
1101 3047 1209 3112 quidem
1221 3049 1292 3114 apud

204 3126 286 3176 iratus
302 3125 462 3190 perspiciam
478 3137 539 3175 maa
550 3125 613 3174 vitia
626 3126 653 3174 et
664 3137 730 3188 pec·
768 3121 850 3172 Plaut.
873 3123 1005 3186 Amphitr.
1029 3122 1098 3173 Prol.
1117 3123 1172 3184 98„
1198 3136 1293 3174 verum

204 3203 300 3258 catam
327 3199 424 3262 quihus
449 3211 543 3250 rursus
569 3198 730 3248 adversariis
769 3197 876 3248 llorstio
892 3196 1145 3261 tribuinonpotest.
1161 3225 1188 3234 -
1205 3198 1294 3248 Cetera

204 3275 260 3325 suis
277 3274 418 3336 significat,
446 3276 475 3323 ut
497 3275 523 3324 in
544 3272 668 3324 omnihus
687 3285 731 3322 re·
768 3272 812 3333 qui
829 3271 891 3334 cet]
909 3272 1051 3331 «Quamvis
1065 3271 1293 3343 percandemiu·

204 3347 269 3406 bns,
294 3349 329 3397 ita
346 3349 475 3412 imprimis
491 3349 517 3398 in
535 3350 610 3412 poesi
627 3345 731 3396 diflicil-
769 3346 871 3396 santam
890 3344 991 3409 reliqua
1009 3347 1078 3396 vitae
1099 3346 1202 3409 negotia
1219 3347 1294 3398 recto

204 3423 295 3474 limam
326 3435 388 3472 esse
418 3423 510 3486 optimi
538 3421 731 3486 perlectionem
769 3431 800 3469 ac
817 3419 965 3483 prudenter
975 3421 1196 3483 exsequeretur.»
1210 3433 1294 3470 -re·

204 3499 285 3560 atque
296 3495 500 3548 ahsolutionem.
521 3496 731 3558 interrogatione
769 3498 808 3544 cto
818 3494 897 3557 liora]
918 3507 1048 3557 «prorsus
1064 3496 1094 3544 ut
1110 3494 1193 3544 celeri
1210 3493 1294 3543 homi-

205 3573 295 3620 autem
314 3583 376 3620 eum
393 3569 525 3622 Glareano
542 3567 654 3634 aliisque
671 3571 732 3634 post
770 3579 818 3618 nes
835 3568 892 3618 saul
909 3581 943 3618 ex
959 3572 1067 3632 recepta
1085 3567 1170 3619 semel
1182 3580 1295 3618 consue-

204 3657 230 3694 v.
253 3646 322 3709 νέοισι·
347 3646 432 3709 posita
457 3647 540 3697 ironia
557 3647 640 3710 perit,
668 3657 731 3695 sea·
768 3643 861 3692 tudine
872 3644 898 3692 in
908 3644 1033 3695 omnihus
1042 3644 1125 3695 relius
1133 3657 1163 3694 se
1172 3645 1293 3706 gerunt.»

205 3721 288 3770 tentia
306 3721 363 3783 ipsa
380 3719 548 3771 obscuratur.
771 3745 799 3754 -
818 3717 896 3768 honae
911 3731 971 3768 eoae
991 3719 1096 3782 Maus]
1124 3717 1293 3768 «Commoda

238 3793 359 3846 tae-tit.
373 3794 439 3857 Fuit]
452 3795 535 3855 asion
548 3795 641 3857 inquit,
653 3807 730 3844 «cum
769 3793 912 3844 occasione
930 3795 1061 3857 percurrit
1078 3794 1163 3844 oifleia
1175 3791 1238 3841 honi
1250 3805 1295 3855 pa-

206 3869 283 3918 notus
301 3865 343 3918 ille
360 3867 468 3931 sapam
484 3869 577 3918 deliria
588 3871 678 3918 mento
691 3881 732 3917 re-
770 3867 817 3918 tris
828 3866 967 3918 familias.»
985 3868 1078 3916 Poura.
1094 3895 1120 3904 -
1136 3864 1227 3930 posset}
1243 3865 1295 3916 «la-

206 3945 281 4005 cepta
309 3953 402 3994 nunus
428 3942 553 4004 swimot,
585 3941 733 4005 rinpetotor
770 3941 819 3992 cile
846 3953 912 3992 ase
935 3941 1118 4004 impetraret.»
1147 3941 1192 3990 Vis
1216 3939 1295 3990 huius
1342 3953 1349 3968 ·

207 4019 277 4078 (sese
289 4016 469 4078 excruciabat)
482 4019 592 4080 propter
603 4014 732 4066 violenter
768 4013 844 4065 verbi
863 4015 1009 4066 admodum
1027 4018 1139 4078 augetur
1155 4028 1201 4076 so¹
1221 4013 1294 4077 quod

205 4089 256 4139 sibi
282 4093 412 4142 extortum
443 4091 568 4142 continuo
593 4089 732 4153 spectandi
769 4089 812 4140 bis
823 4088 951 4153 deinceps
964 4091 997 4152 (v.
1009 4089 1065 4140 433.
1081 4091 1142 4140 etv.
1154 4089 1222 4153 aaa.)
1235 4101 1295 4153 pro-

205 4165 355 4227 tragoedias
382 4164 575 4228 voluptatem.»
607 4191 634 4200 -
664 4166 733 4216 laad
769 4165 869 4216 nomini
887 4162 996 4214 relatiro
1009 4165 1251 4228 praepositumost.
1265 4191 1292 4200 -

205 4239 328 4301 tpriohills]
355 4241 385 4292 Ut
410 4239 504 4290 Cicero
531 4237 670 4302 aliquoties
696 4239 731 4290 de
769 4239 840 4302 dpno
862 4238 944 4300 losio]
971 4238 1200 4301 quemadmodum
1222 4239 1294 4288 servi

206 4313 411 4378 municipiorum
423 4311 529 4364 incolis:
542 4315 732 4365 ammoniam
769 4314 853 4364 vinosi
881 4313 1016 4364 interdum
1044 4312 1152 4377 lagenas
1174 4314 1294 4364 exsicca-
