3090 4974
621 475 844 526 naseonrici.
1220 471 1282 534 699

239 629 422 714 Continget,
448 628 643 715 dabiturque
665 629 791 696 licentia
814 640 941 718 sumpta
964 629 1143 718 pudenter,

238 751 275 816 Et
297 769 380 816 nova
405 748 545 837 liciaque
568 771 674 837 nuper
694 751 859 818 habebunt
880 751 979 818 verba
1001 751 1113 828 fidem,
1138 755 1164 818 si

238 873 363 938 Graeco
385 871 472 938 sonte
494 861 625 949 cadent',
649 893 747 960 parce
769 873 903 940 detorta.
949 873 1034 953 Quid
1056 885 1162 941 aulem

237 967 377 1060 Caecilio
399 992 578 1080 Plautoque
602 992 691 1060 dabit
717 996 879 1062 Romanus
901 993 1088 1084 ademptum

228 1221 255 1270 at
270 1219 400 1284 Porphyr.
419 1220 531 1278 lionae,
551 1221 570 1270 L
588 1222 615 1269 et
631 1217 778 1270 Bentleius:
798 1221 892 1270 cadant
907 1220 958 1281 bS,
981 1221 1047 1283 ethi,
1070 1222 1164 1271 rodunt
1180 1235 1249 1273 unus

227 1294 441 1432 ξὲἲξεζέιὲἓσέ]
458 1299 515 1345 orte
532 1296 559 1345 B.
581 1322 603 1330 -
622 1294 664 1346 ti.
683 1295 749 1346 dedit
764 1307 833 1345 uuus
851 1295 979 1355 Lambini,
998 1294 1075 1344 dohet
1092 1293 1250 1360 Regelsber-

196 1575 275 1626 aiude
300 1577 330 1638 (e
349 1575 433 1626 Codri.
451 1578 480 1625 G.
499 1574 617 1636 Fabricii)
636 1572 720 1625 Bentl.
760 1574 989 1637 quemadmodum
1011 1574 1128 1626 nonnulli
1150 1577 1284 1640 interpra-

195 1653 223 1700 et
244 1650 315 1713 quod
340 1665 365 1700 v.
385 1651 425 1700 au.
450 1649 594 1714 praecedat
614 1651 721 1713 finam,
758 1651 805 1699 tati
817 1653 888 1700 sunt.
901 1677 928 1686 -
942 1649 1039 1713 codnrd
1053 1651 1283 1714 «Comparatrer-

195 1737 264 1787 quae
280 1724 371 1788 putida
389 1725 461 1774 esset
477 1725 608 1788 repetitio.
634 1726 721 1774 immo
758 1723 792 1773 ba
811 1723 889 1774 latina
907 1737 922 1774 a
940 1737 1037 1787 graeca
1052 1721 1141 1787 lingua
1158 1723 1282 1775 translata

195 1800 236 1849 est
252 1797 360 1861 elegans
378 1800 405 1848 et
421 1799 573 1850 necessaria
586 1798 719 1863 repetitio,
759 1799 836 1859 rivis,
855 1799 901 1862 qui
918 1798 1046 1864 paulatim
1063 1811 1078 1849 a
1097 1799 1168 1849 fonte
1186 1798 1283 1850 deflexi

195 1875 255 1935 quia
284 1873 406 1936 sequitur
433 1873 556 1924 eiusdem
585 1874 720 1937 praecepti
757 1887 807 1936 per
823 1876 929 1924 montes
946 1873 1075 1924 cadunt.»
1093 1874 1208 1924 Fucens.
1231 1875 1284 1924 Fu·

195 1947 372 2011 amplificatio,
382 1961 479 2011 nempe
488 1947 666 1998 sodemverba
677 1961 721 1998 no-
758 1951 847 2000 turum
862 1952 935 2000 recte
948 1949 1095 2014 respondet
1111 1949 1283 2014 praecedenti

193 2035 228 2072 oo
238 2024 266 2072 et
280 2024 367 2086 fleto.»
378 2047 407 2058 -
420 2023 543 2072 beheimi
553 2023 656 2086 fidem]
669 2023 720 2072 «ita
756 2022 887 2073 hebebant.
903 2051 929 2060 κ
937 2023 1130 2088 porcsdoiorte]
1139 2025 1283 2085 uvarum»

194 2095 381 2162 probabuntur
391 2099 502 2161 propter
513 2096 722 2146 evidentiamat-
758 2097 856 2162 inquit,
875 2098 916 2148 «iu
933 2099 985 2148 hoc
999 2111 1107 2161 quoque
1121 2099 1283 2160 parcinmnio

195 2183 247 2234 que
260 2169 429 2234 elegantiam,
443 2173 472 2220 ut
482 2169 570 2220 oblata
579 2172 720 2222 occasione
757 2184 825 2235 opus
838 2175 887 2230 est,
901 2185 935 2223 ue
948 2174 1025 2223 nimis
1037 2173 1182 2236 graecisset
1197 2174 1283 2223 oratio

194 2244 235 2295 alii
253 2258 361 2309 quoque
379 2245 410 2295 iis
427 2244 543 2304 libenter
554 2245 626 2296 usuri
640 2245 719 2296 sint.»
757 2246 1225 2312 peregrinumquecoiorcmdueat.»
1238 2248 1284 2299 hli-

226 2319 315 2370 53·59.
334 2321 464 2370 siGrceco
473 2321 540 2384 [mie
550 2319 651 2383 cadant]
664 2332 720 2369 ma·
757 2333 816 2371 ram
824 2321 938 2372 Dacierii
949 2322 1193 2384 interpretationem
1206 2335 1285 2372 secu·

193 2395 263 2444 xime
281 2395 307 2443 iu
324 2393 562 2458 compositionibus
578 2394 612 2443 ud
625 2395 718 2444 Graeci
756 2397 800 2446 tus
817 2399 859 2446 est
876 2395 985 2446 Gonod:
1011 2397 1054 2446 usi
1070 2409 1132 2446 eous
1147 2397 1233 2458 petar
1249 2397 1285 2446 ier

193 2470 326 2520 sermonis
351 2468 499 2533 analogiam
525 2469 617 2528 iactis,
645 2471 720 2521 cuius
756 2474 820 2518 ntots
837 2470 854 2520 d
870 2483 919 2520 une
934 2483 1023 2520 source
1038 2485 1159 2534 praeque,
1178 2485 1237 2520 sans
1250 2471 1285 2520 ies

196 2543 301 2605 generis
319 2544 390 2607 apud
407 2545 545 2594 Horatium
564 2546 625 2595 sunt
641 2545 720 2594 cedi·
757 2545 892 2594 ddiorrrner
908 2547 939 2595 de
955 2546 1011 2594 leur
1021 2559 1089 2606 scns3
1108 2547 1283 2610 praeceptum

193 2631 296 2679 manus,
315 2619 486 2681 towifonnts,
502 2619 613 2668 mironis
624 2618 721 2686 (μεγα-
757 2619 877 2668 omnium
900 2631 965 2670 sano
988 2621 1104 2670 maxime
1121 2633 1285 2684 supervaca-

193 2688 316 2757 κήτης),
342 2694 471 2754 innodas,
498 2707 592 2742 aarum
614 2693 721 2743 vestibus
758 2705 847 2742 neunt.
875 2694 939 2753 Quis
951 2695 1021 2744 enim
1037 2707 1129 2744 avaro
1142 2705 1223 2743 sensu
1237 2706 1285 2742 un-

193 2768 284 2817 iliiiam
301 2766 546 2839 (χρυσόπαστος),
573 2769 719 2830 impariter,
758 2779 838 2829 quam
850 2765 1038 2830 detorqueret,
1057 2767 1117 2828 quis
1131 2779 1213 2830 porro
1224 2779 1284 2830 pra-

194 2837 303 2905 ἀνίσως
328 2857 352 2892 ν.
366 2843 420 2902 74.;
448 2843 513 2893 item
538 2844 564 2892 in
587 2840 720 2894 rebusad
757 2853 790 2890 ra
816 2840 950 2890 detortum
972 2843 1130 2903 agnosceret
1152 2839 1204 2889 tals
1221 2851 1285 2890 vei·-

195 2916 388 2982 philosophiam
401 2919 428 2967 et
442 2918 644 2980 grammaticam
657 2929 721 2980 per-
758 2913 824 2964 bum
845 2916 986 2966 Latinum?
1010 2917 1078 2965 Sane
1104 2916 1202 2965 detorto
1218 2915 1246 2965 h.
1265 2913 1281 2964 l.

195 2991 352 3052 liuentibus,
371 2996 401 3042 ut
416 2993 597 3053 intermundiis,
620 2991 721 3053 indiffe-
758 2991 819 3041 sunt
837 2989 989 3052 «deducto,
1008 2991 1043 3041 ita
1061 2991 1091 3040 ui
1104 2992 1205 3040 Graeca
1222 3001 1283 3040 asse

194 3081 266 3126 rens,
285 3068 405 3129 punitos,
423 3067 597 3130 aequilibritas
610 3067 721 3130 (inevo-
758 3063 894 3124 desinant,
918 3077 983 3114 vero
1007 3065 1095 3115 Latina
1120 3065 1213 3114 liant.»
1241 3065 1285 3114 Sic

193 3144 260 3206 pic,
279 3143 333 3192 Cic.
347 3142 382 3192 de
394 3147 448 3193 nat.
462 3141 537 3192 deor.
553 3143 576 3202 4,
587 3141 627 3202 39,
642 3141 719 3203 ioh),
758 3139 810 3188 iam
820 3139 885 3189 Cute
897 3139 924 3188 iu
936 3139 1056 3191 secundo
1066 3140 1201 3202 originum
1213 3140 1284 3203 apud

193 3218 368 3279 ueiioqaium.
406 3219 449 3266 Sic
474 3218 568 3267 Cicero
587 3217 721 3267 eamdam
759 3213 884 3263 Priscian.
898 3213 922 3274 9,
935 3212 961 3274 9,
973 3214 1014 3263 itt.
1035 3213 1070 3278 (p.
1082 3215 1138 3264 ari.
1157 3213 1209 3276 Ρ.);
1228 3213 1285 3264 lio·

194 3286 316 3356 (neema)
336 3305 386 3342 nec
404 3305 455 3342 uon
471 3293 622 3342 indoloriam
639 3285 722 3355 (ἀπά-
757 3288 841 3338 metiri
856 3293 994 3349 vocemur,
1012 3289 1042 3338 de
1054 3289 1141 3339 liurso
1158 3290 1284 3338 mersen

194 3367 721 3432 deice)nominavit,addens:licetenim
759 3363 823 3424 (sic)
849 3375 946 3412 nomm.
971 3391 998 3400 -
1029 3363 1094 3424 Ouid
1115 3367 1199 3414 ouum
1221 3363 1284 3428 cet]

193 3443 266 3492 noeis
282 3443 355 3492 rebus
370 3455 438 3492 nouo
456 3443 560 3492 nomine
575 3443 718 3504 imporcr03
759 3436 842 3496 «Quid
852 3438 977 3500 negatum
987 3437 1038 3488 erit
1049 3437 1284 3502 praestantissimis

195 3519 263 3567 testo
273 3515 469 3580 Sidonioiipoll.
481 3515 619 3580 EpPreei.
630 3519 717 3567 Canu.
758 3513 866 3561 nostrae
883 3513 977 3562 aetatis
993 3514 1092 3576 poetis,
1112 3512 1185 3576 quod
1202 3511 1286 3562 liben-

195 3590 254 3650 ii.;
273 3591 346 3641 idem
360 3604 443 3655 porro
461 3591 530 3642 valet
546 3591 580 3641 ds
597 3593 722 3642 constru-
758 3589 799 3637 ter
820 3599 891 3636 nuno
908 3587 1059 3638 concedunt
1076 3589 1185 3638 cornicis
1202 3585 1284 3637 seculi

194 3665 464 3716 ctionibuseGraeco
476 3679 601 3717 sermone
614 3666 722 3716 desum·
757 3662 825 3712 sexti
842 3663 922 3734 nique
941 3664 967 3712 iu
985 3663 1025 3712 his
1044 3662 1201 3726 probanti»
1229 3661 1282 3710 Cir.

194 3741 254 3804 ptis.
275 3739 315 3790 Cl.
329 3739 433 3800 Quintil.
448 3742 495 3800 ta,
515 3742 561 3796 49.
575 3741 623 3790 33:
645 3741 721 3790 Tanto
758 3737 812 3788 Cic.
826 3733 927 3786 de'l'in.
941 3737 969 3796 3,
988 3737 1019 3794 i,
1038 3739 1081 3786 is:
1100 3737 1129 3786 Si
1144 3736 1236 3786 Zenoni
1252 3734 1285 3784 li-

194 3820 229 3865 est
245 3827 326 3864 semro
344 3815 455 3864 Graecas
473 3817 561 3864 bolino
577 3817 719 3876 iucundior,
757 3813 823 3872 cuit,
849 3825 906 3860 cum
938 3825 991 3861 rem
1018 3811 1132 3872 aliquant
1156 3811 1286 3862 invenisset

193 3896 221 3940 ut
236 3891 316 3940 nostri
330 3891 433 3951 poetes,
462 3891 556 3950 quoties
572 3891 644 3939 duim
660 3903 721 3939 eor·
758 3887 921 3947 inusitatum,
938 3887 1081 3936 inauditum
1098 3899 1195 3947 mleque
1211 3887 1233 3935 ei
1248 3887 1285 3936 rei

193 3977 250 4014 men
266 3977 316 4014 csse
332 3964 470 4024 noluerint,
488 3965 589 4013 4440444444
605 3965 721 4014 idnomi·
757 3973 846 4010 nomen
862 3961 1006 4022 imponere,
1025 3974 1072 4010 cur
1088 3974 1138 4010 nort
1154 3961 1227 4010 &eol
1239 3963 1286 4011 Co·

193 4039 265 4089 nibus
280 4044 409 4089 moment.
436 4039 499 4100 (Cio.
518 4037 552 4087 de
570 4039 613 4087 Or.
631 4039 658 4098 4,
677 4037 719 4095 34,
737 4039 740 4083 i
757 4033 872 4082 404444-
893 4035 1156 4098 Caecilioi’toaioque]
1173 4035 1284 4086 vidend

194 4115 277 4176 iham
296 4113 451 4176 neutiquam
470 4125 534 4162 vero
552 4111 668 4175 loquitur
685 4112 719 4161 dc
758 4109 822 4171 Epp.
835 4109 860 4166 9,
875 4111 898 4166 4,
912 4110 944 4160 58
957 4121 997 4171 sq.
1019 4137 1044 4144 —
1065 4109 1209 4171 ademptum
1229 4111 1285 4161 Vir-

194 4189 302 4252 integris
318 4185 472 4245 vocabulis,
502 4189 530 4236 ut
547 4191 607 4238 sunt
625 4188 718 4248 oribe,
756 4183 816 4246 pilio
843 4183 974 4246 tortoque]
1004 4181 1158 4234 ahlaniiesia
1184 4185 1236 4235 hoo
1259 4187 1285 4236 in

194 4265 255 4324 oei,
273 4262 426 4322 triclinium,
452 4261 632 4324 oenophorum,
647 4263 719 4324 pei-
756 4260 815 4312 loeo
833 4261 901 4310 inest
918 4261 1155 4324 grammaticorum
1173 4265 1200 4312 et
1211 4263 1285 4313 criti-

191 4342 316 4400 petosmo,
338 4336 507 4399 pbilosophis,
531 4336 636 4388 historio
653 4339 716 4395 ool..
757 4347 850 4386 cotum
868 4335 1057 4400 reprehensio,
1077 4349 1159 4400 quos,
1179 4349 1240 4388 cum
1259 4339 1285 4388 in
