3178 4972
290 419 352 487 522
649 421 1014 476 uomrrrnrreromauu

333 576 499 664 Quidquid
522 586 591 644 erat
612 586 725 644 nactus
746 577 889 666 praedae
911 579 1058 656 maioris,
1081 577 1137 646 uhi
1160 598 1256 648 omne

333 701 479 766 Verterat
500 699 532 764 in
553 699 675 766 fumum
697 708 730 766 et
751 699 910 778 cinerem,
933 702 1003 768 Non
1024 699 1158 768 hercule
1179 701 1293 778 miror,

332 821 460 900 Aiebat,
484 821 513 887 si
534 821 590 908 qui
612 820 787 888 comedunt
808 819 911 899 bona,
934 841 1009 888 curn
1031 821 1073 888 sit
1094 821 1196 890 obeso
1337 821 1379 887 40

332 942 381 1008 Nil
403 941 518 1010 melius
539 941 651 1020 turdo,
675 941 718 1008 nil
740 941 835 1008 volva
856 941 1024 1030 pulchrius
1045 941 1162 1031 ampla.

354 1101 396 1156 38.
415 1103 554 1170 Quidquid]
579 1103 608 1154 st
624 1103 685 1166 queo
701 1115 716 1155 e
734 1101 818 1155 Codd.
838 1100 900 1166 aliq.
918 1103 1049 1153 Torrentil
1065 1101 1208 1153 Bentleius.
1231 1103 1271 1166 (Ut
1286 1116 1344 1166 nos,

323 1189 417 1228 omnes
434 1178 515 1229 nostrl
532 1181 560 1228 et
576 1178 711 1240 Pottieril.)
736 1205 763 1215 —
785 1177 941 1228 onocheli.
966 1203 993 1212 -
1013 1175 1055 1226 39.
1077 1177 1186 1241 Verterat
1202 1175 1231 1227 E.
1258 1203 1285 1214 -
1304 1174 1344 1228 44.

320 1253 395 1302 volvo
412 1252 471 1316 (hae
488 1254 628 1318 scriptura)
646 1254 676 1305 E.

290 1382 387 1433 acriter
403 1382 492 1432 invehi
509 1381 628 1433 solitus.»
651 1383 739 1434 Animl
756 1385 816 1433 tan-
853 1381 898 1444 44,
918 1380 964 1432 94;
990 1381 1058 1432 lotar
1078 1393 1138 1431 coer
1154 1381 1255 1444 moses,
1280 1383 1380 1445 444444

290 1459 346 1506 tum
358 1467 438 1506 cansa
450 1455 640 1506 memorandae
653 1457 714 1507 suot
726 1455 817 1508 lectio-
851 1468 891 1506 ms
906 1455 988 1505 iudice
1003 1459 1094 1517 certat,
1119 1456 1188 1506 later
1206 1457 1381 1520 eumden

289 1543 339 1581 nes
351 1529 500 1581 lloohedeu'
517 1528 697 1594 aliorumque:
715 1531 816 1582 Diceret
850 1529 1129 1592 numoprtoiotepns.
1145 1557 1172 1566 -
1190 1530 1274 1594 νο4υα]
1292 1529 1377 1594 suilla¹

289 1606 397 1656 woodo:
406 1607 540 1654 correctns.
560 1604 813 1666 Besmmoncet.;
852 1617 906 1668 quo
933 1601 1034 1654 lerculo
1059 1603 1140 1654 verite
1165 1601 1248 1654 rebus
1272 1603 1380 1656 condito

289 1677 518 1744 quodexplioant:
535 1679 816 1730 «emendetusvitam
852 1679 951 1728 mirum
981 1678 1008 1728 in
1036 1677 1148 1728 modum
1175 1675 1380 1730 delectabantur

289 1765 342 1817 qne
363 1751 435 1803 illum
452 1752 570 1818 priorem
590 1754 648 1818 ipse
674 1753 813 1805 damnans.
851 1753 960 1815 antiqui.
979 1751 1167 1802 Archestretus
1185 1745 1380 1817 ὁὸψοόαίόα-

289 1827 364 1880 Idem
383 1827 464 1878 homo
481 1827 562 1878 Bestii
578 1826 670 1878 similis
688 1829 768 1888 eetp
787 1831 815 1879 et
851 1824 902 1890 λος
919 1826 990 1891 apud
1002 1827 1169 1878 Athenaeum
1182 1827 1207 1888 3,
1220 1828 1267 1878 te:
1282 1821 1380 1892 'Epaet

289 1901 371 1952 Fene:
384 1902 484 1952 Diceret
493 1903 601 1952 4444444
608 1908 746 1964 comptus.
765 1903 814 1954 Be·
851 1913 931 1950 vom
945 1898 978 1951 44
995 1913 1044 1950 σοι
1057 1901 1168 1970 φερέτω
1185 1897 1299 1952 τοιόνδε
1315 1898 1381 1974 τρά-

288 1977 350 2026 stiass
368 1977 447 2038 idem,
469 1976 496 2026 id
514 1978 570 2038 est,
590 1977 814 2043 inreprehensus.»
851 1991 941 2043 γημα,
954 1976 1086 2048 Γαστέρα
1096 1977 1146 2026 καὶ
1158 1975 1273 2048 μήτραν
1283 1973 1379 2044 ἑφθὴν

289 2052 385 2102 Cetera
402 2053 433 2102 ut
449 2050 632 2102 llocherlerus.
852 2045 917 2114 ὑός,
934 2043 967 2101 ἔν
983 2065 1014 2102 sa
1030 2046 1197 2118 κυμίνῳἚν
1213 2046 1236 2102 s'
1250 2046 1310 2116 ὄξει
1322 2050 1380 2124 δρι-

321 2126 419 2178 38-44.
442 2127 569 2190 Quidquid
585 2127 647 2192 cet]
666 2127 814 2179 consone:
850 2125 1080 2193 μεῖναὶσιλφίῳ
1091 2123 1293 2191 ἐμβεβαῶσαν.
1312 2127 1376 2178 Plio.

290 2202 357 2254 «Ubi
380 2201 552 2266 abligurierat
576 2215 664 2263 onoc,
694 2202 816 2266 44444444
852 2203 883 2253 ll.
895 2205 926 2254 N.
941 2201 1036 2264 thel,
1048 2201 1094 2253 8l:
1117 2202 1193 2251 Volua
1209 2203 1285 2252 eiecto
1298 2205 1378 2263 portu

289 2281 345 2326 erat
359 2281 468 2327 noctes·
486 2279 538 2327 cet.
568 2277 632 2340 (Cio.
648 2276 683 2327 de
699 2275 773 2326 Ollio.
788 2275 812 2336 3,
851 2277 940 2326 4444444
956 2289 1034 2339 quom
1051 2276 1134 2335 edita·
1151 2276 1262 2326 eiecticia
1271 2281 1380 2326 cocotw

290 2349 337 2410 43,
354 2351 402 2399 57:
428 2363 507 2412 nequo
531 2350 597 2400 44444
620 2351 648 2400 id
671 2349 813 2414 cecoton,
850 2351 910 2413 4444,
928 2352 1380 2414 Μωροτσανία;ρν4ιιιίρανωιιιι’4

289 2424 410 2486 qouque
430 2425 549 2486 reticeas,
575 2423 677 2486 idest,
704 2423 814 2476 «celare
852 2426 960 2488 optimo,
973 2427 1174 2489 controeffoetis.
1194 2426 1247 2478 Clr.
1262 2428 1379 2490 Bottiger

289 2511 342 2549 non
355 2500 409 2560 est,
426 2499 448 2549 si
460 2499 523 2562 quid
535 2500 658 2560 reticeas,
671 2497 815 2564 qualecun-
851 2499 885 2550 44.
899 2500 1023 2563 Schriften
1035 2502 1077 2550 111.
1090 2512 1117 2564 p.
1130 2500 1188 2552 444.

289 2583 342 2636 que
353 2573 420 2623 est.»
434 2573 536 2637 zum}
549 2575 693 2637 Propterea
703 2572 814 2625 Bentleii
885 2572 973 2625 44-44.
991 2575 1119 2626 Neaition
1130 2576 1194 2637 oet]
1212 2573 1295 2626 «Talis
1306 2575 1381 2627 virle·

288 2647 317 2697 Si
339 2648 400 2709 puio
416 2646 451 2696 eh
469 2647 500 2698 iis
520 2647 670 2712 protectum
687 2651 741 2710 est,
768 2649 815 2712 qui
851 2647 915 2700 licet
924 2661 974 2712 ego
986 2661 1094 2714 quoque
1106 2662 1176 2710 sum,
1189 2652 1217 2699 et
1228 2650 1287 2712 quis
1296 2651 1378 2701 nont·

288 2721 516 2772 constructionem
532 2721 662 2773 rariorem
679 2721 814 2787 explicere
841 2721 920 2774 'Satis
944 2723 1038 2774 festive
1065 2724 1122 2786 ipso
1153 2723 1180 2773 ln
1205 2735 1236 2774 se
1263 2723 1376 2784 iocatur.

211 2857 215 2866 Ι
288 2795 332 2846 vel
344 2797 426 2847 etiam
437 2797 573 2860 corrigere
585 2799 754 2848 conarentur.
773 2799 815 2848 ln·
852 2797 928 2860 quasi
946 2797 1138 2848 inconstantiae
1155 2809 1185 2847 se
1198 2797 1332 2849 incusans.
1348 2821 1375 2834 -

289 2871 355 2920 iuria
373 2873 464 2922 tamen
475 2873 605 2922 Torrentii
617 2871 731 2922 Codices
748 2885 815 2938 eop-
851 2871 899 2936 hio]
912 2871 951 2922 Cl.
964 2872 1029 2936 Epp.
1044 2872 1068 2931 4,
1082 2871 1107 2933 4,
1119 2871 1160 2923 lt).
1179 2897 1206 2910 -
1218 2872 1339 2936 ponem]
1352 2873 1377 2922 in

288 2946 389 3009 positos
401 2947 549 2997 vocatFea.
563 2947 696 3012 —anotusl
710 2949 815 2998 «seien-
852 2944 977 2997 omnihus
1002 2945 1080 2998 honis
1103 2947 1228 2996 externis.
1254 2948 1294 2998 De
1312 2945 1379 2998 oihis

289 3017 354 3068 dum
367 3019 408 3069 est
419 3025 552 3070 --ooctus
563 3020 814 3084 etporseclitternm
852 3018 917 3070 falso
939 3019 1079 3072 nonnullos
1101 3022 1289 3085 interpretatos
1306 3034 1377 3082 esse.

288 3106 306 3141 ιι
322 3093 429 3157 penitus
445 3107 578 3159 nusquam
591 3097 737 3160 recipere.»
755 3097 816 3145 sm·
852 3095 916 3146 satis
928 3094 1302 3160 demonstratpraeoedensv.
1313 3101 1376 3146 tuto.

289 3179 344 3217 vius
360 3167 395 3218 ad
412 3170 478 3219 heu.
493 3171 523 3230 4,
539 3169 597 3221 tei.
625 3170 678 3220 Cir.
698 3171 816 3233 Wagner
854 3192 882 3205 -
900 3169 981 3234 sorno]
1004 3171 1113 3220 somnia
1132 3168 1208 3221 lacile
1226 3170 1377 3230 tolerans.»

289 3242 411 3306 Orthogr.
429 3242 526 3306 Vergil.
539 3257 566 3306 p.
580 3243 677 3294 4444-
694 3243 814 3308 Verterat]
852 3247 882 3295 nt
898 3245 986 3295 Stoici.
1007 3267 1035 3280 ··
1054 3243 1162 3308 44444444]
1181 3243 1323 3304 «lautiusp
1350 3248 1379 3296 ιι4

290 3319 433 3380 :tanquam
450 3317 574 3368 immanis
592 3316 686 3381 aliquis
698 3316 815 3389 rohop-
851 3319 918 3383 Epp.
932 3319 943 3368 4
956 3355 962 3379 ,
977 3317 1022 3378 44,
1035 3318 1076 3368 44.
1096 3318 1121 3380 4,
1134 3319 1175 3378 47,
1189 3320 1229 3369 44.
1248 3344 1273 3355 -
1293 3319 1379 3370 attidis

288 3387 394 3456 κητής,
417 3391 462 3454 qui
479 3391 562 3442 urbes
578 3391 701 3444 incendio
717 3395 812 3454 vastat,
852 3393 914 3457 eet]
934 3405 1070 3456 «quornm
1087 3406 1120 3442 ex
1137 3392 1204 3444 villis
1220 3391 1376 3457 splendinio.

288 3465 331 3515 ml
348 3465 469 3527 imagini,
488 3467 611 3528 quemvis
627 3469 760 3518 carmin
775 3469 816 3532 444-
852 3479 988 3518 marmore
1005 3465 1196 3529 candentibus,
1220 3471 1301 3531 atque
1319 3481 1378 3518 ma-

287 3553 358 3590 nuam
379 3543 403 3589 et
419 3540 527 3590 cinereo
544 3541 624 3591 etiam
641 3543 668 3592 in
687 3542 815 3594 decocto-
851 3541 953 3606 gallicis
966 3544 1038 3604 (non.
1051 3541 1289 3606 utaliiexplioant=
1303 3544 1378 3608 «opl-

288 3626 347 3664 rem
363 3615 473 3679 proprie
490 3614 583 3674 cadat,
602 3616 708 3667 videtur
723 3617 813 3667 favere
851 3616 916 3676 mis,
933 3615 1100 3680 fructuosis»)
1119 3617 1208 3667 statim
1220 3615 1377 3680 colligimus,

288 3702 314 3738 v.
323 3689 462 3752 moedus.»
474 3691 632 3740 Raucurssr.
645 3719 673 3730 -
685 3693 815 3742 4444444444
851 3701 902 3740 vos
918 3689 1014 3740 divites
1031 3703 1092 3742 esse
1110 3693 1137 3741 et
1154 3693 1263 3756 insuper
1274 3694 1378 3743 vestras

288 3762 362 3826 hono]
380 3763 510 3816 comm
526 3763 592 3814 hono
603 3765 684 3816 etiam
696 3767 750 3816 Cic.
761 3779 814 3830 pro
852 3763 971 3816 inmunes
995 3765 1023 3814 in
1048 3763 1145 3816 lisdem
1165 3763 1233 3816 villis
1254 3765 1324 3816 hene
1345 3777 1378 3816 so

288 3837 375 3889 Sestio
385 3839 414 3888 444
425 3877 431 3900 ,
449 3839 506 3889 tto.
524 3837 559 3888 ad
570 3841 642 3890 Fam.
657 3840 684 3890 44
697 3875 703 3899 ,
721 3840 750 3889 44
763 3877 769 3900 ,
787 3840 812 3889 4.
851 3840 909 3890 tuto
920 3838 1063 3891 collocatas
1074 3853 1149 3899 esse.
1167 3840 1263 3892 melius
1275 3841 1377 3904 noque.

289 3909 383 3962 catull.
396 3913 442 3974 49,
460 3913 507 3962 44;
534 3913 596 3975 qnid
610 3913 650 3962 hic
663 3917 745 3975 potest
760 3913 815 3964 Nisi
851 3926 934 3978 quam
951 3915 973 3965 si
990 3915 1018 3964 in
1035 3913 1127 3964 tenore
1144 3915 1246 3978 positae
1259 3915 1377 3966 essent.-

287 3993 365 4037 enctn
380 3988 503 4038 decom
515 3987 680 4050 potimoaio.
705 3988 815 4040 Menan-
850 3987 894 4038 Sic
906 3989 961 4039 Cio.
976 4001 1025 4052 pro
1037 3989 1066 4040 C.
1079 3987 1145 4040 hah.
1160 3991 1230 4039 Post
1244 3990 1268 4049 4,
1284 3989 1308 4038 4.
1326 3988 1379 4052 [44-

288 4059 339 4110 der
349 4073 376 4124 p.
390 4061 446 4111 443.
457 4062 506 4112 hl:
525 4059 555 4111 εἴ
562 4075 605 4124 τις
616 4058 751 4134 πατρῴαν
763 4077 815 4114 πω·
851 4067 928 4114 444444
950 4063 1101 4125 fundatos
1123 4064 1275 4126 pracsertim
1301 4068 1378 4126 444444

288 4129 423 4204 panaces
448 4133 508 4202 Γῆν
523 4133 698 4204 καταφάγοι.
727 4137 815 4189 04444-
851 4137 942 4200 optime
957 4137 1253 4200 emutitstotopcsdixlt.
1273 4137 1378 4190 Schmi-

289 4208 348 4258 rlom
372 4209 437 4260 hono
456 4225 504 4262 nso
519 4217 701 4264 ommonem
717 4213 816 4276 4444444
852 4211 913 4263 illue
930 4211 1075 4264 arbitratur
1090 4211 1267 4263 ohidmvillas
1278 4213 1378 4277 opponi

288 4281 416 4337 44444444.
435 4286 537 4338 Fasros.
556 4315 583 4326 -
602 4285 829 4353 macularent,
851 4287 959 4349 44444444,
969 4287 1046 4338 onius
1054 4287 1160 4351 generis
1169 4287 1311 4340 Horatiana
1320 4285 1376 4344 tuit,
