3192 4974
255 416 317 484 tlt
614 419 743 472 nomm
760 419 980 474 nrrsronnnun

298 576 383 657 Quid
395 575 470 642 mihi
484 577 598 644 Celsus
609 575 697 663 agit?
719 577 858 644 monitus
870 577 1070 667 multumque
1081 580 1276 656 monendus,
1302 582 1342 647 lt>

297 699 442 765 Privatos
463 707 499 764 ut
520 707 656 786 quaerat
677 719 758 787 opes
780 710 814 768 et
834 711 965 787 tangere
991 701 1068 770 vitot

299 821 440 908 Scripta,
463 819 626 888 Palatinus
649 841 865 910 quaecunque
888 825 1013 911 recepit
1032 823 1162 912 Apollo,

298 943 358 1020 Ne,
383 942 410 1010 si
433 941 513 1009 iorte
536 964 612 1009 suas
635 943 808 1030 repetitum
830 945 954 1011 venerit
975 945 1052 1012 olim

298 1066 384 1132 Grex
405 1065 511 1131 avium
535 1063 674 1152 plumas,
698 1076 827 1132 moveat
848 1067 1012 1134 cornicula
1034 1069 1135 1135 risum

298 1187 435 1254 Furtivis
458 1185 578 1253 nudata
599 1185 774 1254 coloribus,
819 1187 891 1276 lpse
914 1189 992 1276 quid
1015 1189 1142 1258 audes?
1301 1193 1343 1258 20

256 1381 333 1440 risio,
360 1381 391 1430 ut
415 1379 458 1430 alil
479 1380 632 1444 opinantur,
656 1380 732 1430 areni
754 1380 782 1430 et
819 1391 883 1430 num
900 1379 982 1430 luisse
998 1378 1106 1430 volebat
1124 1381 1292 1432 Biuuooniue.
1314 1407 1341 1418 -

256 1453 379 1505 audaculi
396 1455 475 1506 eunici
491 1453 527 1504 ob
539 1453 644 1504 Pindari
660 1453 783 1504 imilatio-
817 1453 933 1518 monitos]
961 1467 991 1503 uo
1017 1467 1061 1505 me
1088 1455 1141 1505 iam
1161 1459 1253 1511 antea.
1280 1471 1344 1509 cum

257 1542 320 1580 nem
337 1533 364 1580 et
380 1531 490 1594 propter
507 1529 564 1580 eius
581 1528 729 1593 superbum
741 1528 782 1579 la·
819 1531 918 1580 Romae
942 1541 996 1579 una
1022 1541 1171 1581 essemus.»
1206 1531 1291 1581 Etiam
1316 1533 1343 1582 ln

255 1603 378 1664 etidium‚
397 1616 451 1668 quo
468 1601 533 1655 alios
549 1606 708 1668 aspernetur
719 1609 782 1668 poe·
818 1615 895 1667 eeqq.
906 1601 975 1652 adeo
987 1602 1162 1653 inhumanum
1173 1602 1294 1668 plerique
1303 1607 1344 1656 ln·

256 1680 329 1740 taen·
355 1678 405 1731 sed
425 1679 477 1730 hoo
499 1678 575 1741 dicit,
602 1678 648 1729 ubi
672 1691 781 1730 omnem
818 1679 952 1741 terpretee
961 1677 1060 1728 iaciunt
1071 1677 1223 1740 Horatium,
1236 1682 1266 1729 ut
1277 1681 1344 1730 tam·

214 1808 218 1816 ,
256 1754 401 1825 εἰρωνείας
426 1754 561 1818 epactam,
591 1767 661 1817 quae
689 1755 781 1818 utique
819 1763 900 1816 mam
920 1753 1042 1816 upoetam
1055 1751 1226 1815 plantation,
1246 1765 1344 1817 quem

256 1828 434 1880 conveniebat
455 1828 512 1878 viro
534 1829 632 1879 seniori
655 1841 717 1892 erga
740 1829 782 1878 iu·
819 1825 965 1877 admodum
987 1827 1055 1877 mire
1076 1827 1163 1890 alunt,
1189 1827 1344 1882 iraudulen-

256 1905 345 1955 nlores
361 1903 519 1965 familiares,
545 1905 640 1968 poetae
661 1903 781 1968 perlecto
819 1904 931 1966 tumque
947 1902 1097 1962 hominem,
1125 1903 1170 1966 qni
1195 1901 1271 1954 lurtie
1288 1905 1343 1955 eule

256 1991 318 2043 erga
337 1991 397 2041 eoa,
415 1980 460 2042 qui
478 1980 504 2029 ln
520 1979 596 2043 poesi
612 1979 655 2029 vix
670 1979 781 2028 tirocinii
818 1976 951 2028 litterariis
968 1975 1066 2026 Tiberii
1085 1976 1204 2028 levorem
1222 1979 1342 2043 captarit.

256 2053 406 2106 mdimenta
435 2053 604 2118 posuissent,
632 2052 782 2103 detraxeri-
820 2051 948 2103 miserum
972 2051 1042 2102 huno
1063 2049 1171 2102 Celsum
1193 2051 1342 2106 describat.

256 2141 331 2179 mue:
354 2127 477 2178 «Memini
494 2130 521 2177 te
539 2127 619 2177 modo
637 2127 781 2177 Pindarum
819 2128 956 2179 hominem
967 2125 1091 2189 dignum,
1110 2128 1156 2191 qui
1167 2125 1202 2177 ab
1214 2129 1286 2178 omni
1298 2141 1345 2193 po-

255 2203 352 2253 imitari
362 2201 488 2262 uoluisse,
501 2200 582 2252 modo
591 2201 626 2251 dc
635 2199 780 2252 excolenda
818 2203 937 2253 etantole
963 2203 1175 2252 contemnatur·
1205 2202 1257 2252 Sed
1283 2205 1341 2268 qui,

256 2277 385 2328 hodierna
403 2275 539 2340 tragoedia
557 2277 647 2326 latina
666 2276 782 2339 cogitas-
819 2289 933 2340 quaeso.
953 2275 1080 2327 credibile
1093 2279 1208 2328 eetoum
1225 2276 1269 2328 tali
1283 2291 1345 2342 pro-

256 2365 301 2403 se:
320 2352 354 2402 od
370 2353 515 2414 utrumque
528 2351 662 2414 inceptum
675 2350 780 2413 ingenio
817 2351 898 2416 pudio
911 2351 1054 2401 amicitiam
1065 2352 1181 2403 iunxieee
1192 2353 1344 2404 Horatium?

256 2429 366 2478 minime
375 2437 462 2486 cerem
476 2424 524 2476 sed
533 2427 623 2476 tamen
633 2427 778 2486 memento,
818 2427 957 2491 Sapienter
983 2427 1103 2490 prolecto
1131 2426 1210 2478 huius
1235 2441 1343 2492 quoque

256 2503 400 2566 utrumque
412 2513 497 2565 genus
512 2513 624 2564 prorsus
644 2499 780 2551 diversum
818 2501 910 2566 optimi
932 2501 1034 2550 iuuenis
1055 2501 1231 2564 patrocinium
1248 2515 1343 2554 euoce-

256 2579 337 2640 atque
354 2587 412 2626 rem
430 2573 610 2626 dilfloillimam
627 2573 781 2626 eseevclin
818 2577 856 2640 pit
884 2573 978 2625 iacobs
1005 2576 1088 2625 Lectt.
1112 2575 1211 2626 venne.
1235 2591 1261 2641 p.
1285 2577 1342 2628 338.

256 2651 384 2702 altemtro
417 2649 556 2700 hominum
589 2650 782 2714 exspectationi
819 2651 876 2700 Fuit
893 2649 972 2713 igitur
987 2661 1057 2701 unue
1073 2663 1107 2701 ex
1124 2653 1258 2702 sexcentis
1278 2651 1342 2712 illie,

256 2725 436 2778 munimem.»
819 2725 864 2790 qui
881 2725 907 2774 in
925 2722 1041 2786 benigno
1058 2722 1125 2775 illiue
1142 2725 1237 2776 aetatis
1254 2729 1345 2790 poeta-

290 2804 330 2853 lt.
344 2803 384 2852 to.
407 2800 472 2864 Quid
482 2798 655 2864 miti-cpti]
669 2799 715 2850 Est
725 2811 782 2850 sen
818 2813 878 2851 rum
903 2801 1049 2863 proventu,
1078 2799 1167 2850 etudio
1193 2803 1220 2851 et
1246 2801 1343 2853 ardore

222 2881 228 2886 '
256 2879 343 2928 monis
354 2874 499 2939 quotidiani
517 2874 568 2925 hoc
581 2887 677 2926 sensu:
697 2872 780 2935 aQuid
818 2875 900 2925 animi
917 2875 951 2925 ad
970 2875 1088 2926 carmina
1099 2875 1286 2940 componenda
1297 2876 1344 2927 dc·

257 2953 327 3016 flgiti
348 2951 391 3001 dic
408 2949 484 3008 mihl3
508 2951 577 3000 scire
596 2949 667 2999 enim
685 2949 779 3012 cupio,
818 2949 900 3008 latus,
924 2949 1015 3000 minua
1037 2951 1129 3013 utique
1151 2950 1239 3001 audax
1261 2952 1341 3012 Titio,

257 3040 310 3092 qno
333 3039 378 3077 res
400 3027 457 3076 elue
480 3025 533 3076 sint
553 3023 644 3082 loco;·
671 3025 781 3091 utquid
818 3022 981 3088 exemplaria
1013 3028 1040 3075 et
1069 3025 1170 3075 Graeca
1202 3030 1229 3077 et
1252 3028 1344 3078 Latine

256 3102 326 3166 opis,
344 3099 483 3150 deuotione
498 3097 602 3150 renen?
621 3099 683 3162 (Set.
703 3099 729 3160 l,
748 3099 779 3158 9,
818 3099 896 3150 nimis
918 3101 995 3149 anxia
1017 3099 1144 3150 imitando
1165 3101 1341 3165 exprimeret:

256 3175 291 3239 tt
309 3187 378 3225 non:
406 3174 494 3237 «quod
515 3187 584 3238 opne
607 3186 678 3224 nunc
699 3173 781 3224 habet
819 3175 942 3224 Horatius
959 3177 1064 3236 autem,
1092 3176 1137 3238 qui
1154 3175 1189 3226 de
1206 3177 1285 3227 amici
1301 3177 1344 3226 in-

257 3252 284 3302 in
300 3247 458 3300 manibusi»
476 3250 515 3299 lie
533 3248 622 3298 dativo
639 3248 727 3298 ethico
745 3247 778 3298 cl.
818 3250 895 3312 genio
912 3247 1021 3299 meliora
1035 3251 1115 3300 etiam
1126 3251 1265 3316 sperabat,
1284 3251 1311 3301 li.
1323 3248 1341 3302 l.

257 3327 312 3378 Clo.
325 3325 360 3376 ad
377 3327 428 3376 Att.
442 3327 471 3386 8,
490 3325 519 3386 8,
538 3327 569 3376 2:
596 3325 627 3376 At
643 3325 781 3376 moloo—
818 3337 880 3374 cum
899 3325 1025 3375 exanimi
1041 3326 1172 3376 eenwntlu
1185 3325 1275 3377 denuo
1287 3338 1343 3377 mo·

254 3401 338 3466 perptt
360 3400 531 3451 andtsiom.
562 3399 655 3451 Catuli.
676 3399 722 3462 et,
748 3399 778 3451 i:
818 3402 876 3462 net,
895 3401 1054 3450 utavitiose
1064 3402 1185 3464 priorum
1196 3402 1343 3453 imitatione

256 3475 359 3528 llottem
374 3474 475 3523 divim
490 3474 526 3523 mi
542 3475 648 3524 dedisset
657 3475 709 3524 lati.
732 3476 781 3525 Lu·
818 3475 930 3526 desistat
950 3477 1032 3538 atque
1050 3476 1182 3526 eiusmodi
1202 3478 1229 3528 io
1250 3479 1344 3542 poete-

257 3551 325 3601 cian.
338 3550 437 3612 lmagg.
453 3550 481 3599 t:
501 3549 563 3599 εἰπέ
572 3563 639 3614 μοι,
657 3551 700 3612 τίς
711 3543 730 3614 ἡ
743 3548 782 3600 λι-
818 3563 879 3600 rum
905 3549 1003 3601 condat
1028 3551 1161 3612 carmina,
1191 3565 1260 3616 quac
1285 3553 1342 3602 iure

256 3621 380 3687 θοποιὸς
397 3616 472 3690 αὕτη
489 3621 625 3676 Μέδουσα
637 3619 708 3690 ἡμῖν
719 3623 781 3675 ἐστὶ
817 3625 868 3690 ipei
885 3624 966 3675 tribui
984 3627 1095 3690 possint.
1126 3625 1201 3678 idem
1218 3628 1297 3690 igitur
1317 3629 1343 3677 ei

257 3701 307 3752 aral
324 3696 422 3750 πόθεν.
444 3729 472 3737 -
486 3699 576 3764 Cetae]
594 3699 704 3749 Videtur
715 3711 780 3750 eane
819 3699 949 3751 acclamat
966 3700 1038 3764 quod
1056 3699 1210 3753 Pisonihus:
1227 3704 1345 3753 Nouem

257 3777 329 3828 idem
346 3789 408 3827 cum
428 3775 507 3828 celso
527 3773 705 3836 Albinovano,
733 3787 781 3826 co-
818 3775 877 3826 bum
892 3775 967 3826 certo
983 3775 1084 3827 meruit
1099 3777 1203 3827 reddere
1216 3779 1282 3843 iidoc
1299 3779 1343 3828 ln-

257 3853 322 3902 mite
339 3850 481 3915 scribaquc
499 3850 623 3909 Neronia.
647 3848 681 3900 ad
699 3861 780 3912 quem
817 3855 927 3914 tereret,
945 3863 990 3902 occ
1006 3851 1101 3902 dedice
1116 3851 1231 3902 totttctor
1248 3853 1276 3902 tn
1296 3865 1344 3903 de·-

256 3927 329 3977 misit
353 3925 498 3991 Epistolam
523 3925 601 3975 huius
624 3923 683 3975 libri
707 3927 783 3974 octa-
818 3928 885 3975 taen!
903 3924 942 3987 (Α.
960 3927 988 3976 Ρ.
1006 3925 1053 3976 ⁴³³
1070 3926 1121 3990 eq.)
1145 3927 1202 3987 Quo
1220 3927 1285 3991 quid
1301 3929 1343 3977 in-

257 4013 333 4060 uam,
360 4013 447 4064 neque
466 3999 508 4060 td.
535 3998 606 4050 nullu
623 3999 726 4050 ratione
743 3998 782 4051 al·
819 4001 958 4052 nocentiae
983 4001 1042 4050 lieri
1067 4002 1193 4065 potarat?
1227 4003 1345 4052 Ρήυαιω

258 4074 326 4137 lata,
349 4074 504 4140 simpliciter
524 4087 623 4138 negare
640 4073 702 4125 licat
718 4087 781 4125 cum
818 4077 909 4126 eutem
931 4087 990 4138 oper
1011 4073 1063 4125 noli
1088 4075 1256 4140 interpretari
1281 4089 1343 4127 cum

257 4150 411 4202 Weiclierto
428 4152 455 4200 P.
473 4152 501 4201 t.
520 4163 547 4215 p.
567 4150 625 4201 382.
656 4150 781 4202 Diversue
818 4148 875 4200 aliis
897 4151 1034 4215 «propriae
1056 4149 1195 4202 doctrinae
1219 4153 1342 4217 copinam

258 4225 350 4289 utique
359 4225 401 4275 est
411 4221 445 4274 ab
455 4227 485 4276 Α.
496 4223 618 4276 cornelio
626 4223 713 4288 Celso,
725 4237 782 4276 me·
818 4225 895 4276 unice
918 4226 991 4276 enim
1008 4225 1043 4278 de
1064 4227 1197 4289 poematis
1216 4224 1342 4292 loquitur.

258 4299 378 4351 dicomm
396 4297 537 4361 Cicerone,
560 4313 642 4364 quem
660 4301 781 4352 Horatia·
819 4297 952 4364 (occisum
964 4299 998 4351 ab
1010 4301 1086 4352 eurio
1098 4303 1344 4366 autquorumecri-
