3082 4968
305 413 365 483 4444
682 413 1010 467 uoaarusanuaauu

347 575 466 641 Tristes
489 594 529 640 ex
551 569 615 638 alto
637 568 718 638 caeli
740 570 911 638 demittere
932 579 1027 637 teoto.

345 695 552 762 Brundisium
574 693 688 781 longae
710 691 783 759 finis
804 691 1002 780 chartaeque
1023 691 1162 780 viaeque
1184 699 1242 758 cst.

370 875 427 926 403.
449 874 533 925 Tristis
550 887 574 924 c.
595 901 622 911 -
641 875 764 924 Barium
780 873 806 923 d.
827 901 854 909 -
874 872 964 934 teotolo
974 868 1192 922 Wakefieldsine
1204 869 1255 922 ulla
1268 885 1359 924 causa.

338 975 366 986 -
385 948 443 1001 tol.
460 954 496 1000 est
511 961 566 1000 om.
584 949 638 999 LCt
655 950 682 998 et
697 946 840 998 Bentleius.
877 947 990 1010 illabent
1006 945 1116 1012 bScdp.)

303 1100 452 1150 orellanum
477 1096 541 1149 illud
565 1099 594 1158 li,
617 1095 659 1148 83.
685 1099 712 1147 et
732 1097 762 1158 6,
780 1097 827 1148 58:
865 1095 973 1160 Egnatia
985 1093 1101 1146 dismbat
1114 1097 1200 1147 llLlV.
1214 1097 1248 1148 al.
1262 1098 1301 1158 P.,
1319 1095 1394 1160 quod

302 1176 370 1226 Nam
386 1174 445 1224 bene
461 1175 505 1236 qul
522 1173 630 1223 didicm
646 1173 703 1222 deor
713 1185 828 1221 secunao
865 1173 892 1222 ln
909 1171 1039 1236 oppidum
1050 1172 1144 1237 quinto
1159 1171 1266 1222 decimo
1281 1170 1395 1221 demum

302 1263 378 1314 oqcrs
394 1261 492 1298 aarum
513 1273 541 1284 -
562 1247 659 1312 Tristes]
678 1248 774 1297 «iratos
786 1249 829 1296 at-
865 1246 908 1297 die
929 1248 1120 1311 pervenerunt.
1144 1273 1172 1282 -
1193 1246 1305 1309 wrace-
1317 1246 1396 1294 clor-

302 1335 372 1387 quae
397 1323 543 1373 minaces.»
580 1321 709 1372 Tristitiac
735 1322 827 1371 autem
865 1320 913 1385 tue]
926 1319 995 1370 Κατ’
1010 1319 1168 1391 εἰρωνείαν,
1188 1319 1394 1384 quasitimeret,

302 1398 417 1448 deorum
444 1393 571 1448 miracula
605 1395 685 1446 tribui
718 1396 827 1446 minime
865 1408 900 1446 ue
924 1393 1070 1445 lectoribus
1087 1393 1238 1446 molestiam
1261 1395 1393 1454 creasset,

302 1472 427 1537 possunt,
451 1472 579 1535 quoniam
600 1483 634 1521 ex
653 1471 759 1536 Epicuri
783 1469 829 1520 do·
866 1469 930 1534 quid
946 1468 1077 1520 Brundisii
1095 1467 1145 1520 sibi
1162 1469 1311 1532 amicisque
1325 1468 1396 1532 grati

304 1547 388 1596 ctrina
411 1542 481 1596 nulla
502 1557 593 1596 rerum
611 1543 763 1595 mortalium
781 1557 828 1595 eos
866 1544 994 1608 iugrative
1023 1543 1167 1606 acciderit,
1201 1546 1229 1593 et
1256 1541 1394 1607 quomodo

303 1633 368 1672 cura
387 1621 476 1683 tangil.
508 1621 613 1670 Lucrei.
633 1619 661 1681 6,
688 1621 733 1669 il:
760 1633 827 1681 noo,
866 1619 979 1668 llomam
996 1617 1167 1680 reverteriut,
1191 1615 1296 1676 silentio
1312 1629 1396 1681 prae-

303 1707 352 1760 qoo
368 1695 461 1745 moturi
477 1707 575 1745 ammo
592 1695 664 1745 ἀουηι
679 1695 718 1744 uis
737 1695 827 1757 Possit,
866 1693 996 1745 termitiit.
1035 1695 1128 1758 ltaque
1154 1694 1245 1742 utrum
1269 1691 1395 1742 Horatius

303 1769 736 1832 mmcopoouaspetereenottut
746 1781 826 1820 ceres.
867 1781 899 1818 ac
924 1767 1045 1832 Virgilius
1071 1767 1202 1819 Brundisii
1230 1765 1394 1828 manserint,

306 1872 333 1880 —
359 1844 531 1908 coeli-tecto]
557 1845 588 1893 ut
611 1841 667 1895 Val.
691 1842 775 1894 Blacc.
798 1845 827 1905 5,
867 1857 901 1894 an
913 1845 1007 1908 postca
1019 1841 1119 1907 legatos
1130 1841 1166 1894 ad
1176 1842 1319 1893 Antonium
1331 1853 1397 1892 con-

304 1917 365 1968 623:
384 1919 448 1968 curu
459 1919 493 1969 od
503 1919 593 1969 nummi
608 1919 734 1969 audentio
746 1919 831 1981 putris
867 1919 1031 1970 veniendum
1042 1930 1129 1982 usque
1141 1917 1176 1968 ad
1193 1919 1338 1968 Tarentum
1351 1927 1397 1965 co-

306 1991 379 2041 Tecto
402 1994 463 2042 mit.
494 2019 518 2030 -
547 1993 723 2057 Brundisium]
749 1992 829 2043 laodic
868 1993 952 2044 mitati
979 1993 1044 2053 siut,
1071 2005 1121 2042 uos
1146 1993 1309 2055 ignoramus.
1338 1988 1394 2041 Cir.

304 2066 423 2127 Brindisi,
436 2065 565 2130 oppidum
577 2065 782 2129 Salentinorum,
795 2065 830 2117 ab
868 2067 1000 2118 Kirchuer
1016 2067 1137 2126 Quaestt.
1157 2067 1246 2117 Horat.
1259 2078 1286 2131 p.
1299 2064 1340 2115 ts.

666 2355 1034 2415 EXGUBSUS

786 2527 825 2576 Aa
842 2539 868 2576 v.
889 2527 912 2577 l.

370 2619 402 2668 v.
421 2621 445 2669 4.
477 2618 620 2672 «Lucilium
636 2621 688 2671 hac
705 2621 786 2672 satira
803 2618 954 2671 aemulatur
970 2621 1093 2671 lloratius
1116 2620 1166 2670 iter
1182 2632 1261 2671 suum
1278 2633 1293 2671 a
1313 2621 1396 2672 lloma

306 2714 391 2766 usque
404 2702 438 2753 ad
455 2701 625 2755 Brundisium
643 2703 813 2766 describens,
831 2704 905 2768 quod
923 2707 951 2754 et
966 2702 1009 2754 ille
1027 2704 1053 2754 ia
1070 2705 1148 2754 tertio
1165 2703 1233 2756 libm
1250 2703 1324 2766 iecit,
1343 2705 1397 2769 pri-

306 2797 381 2836 mum
397 2800 413 2837 a
430 2787 512 2840 Roma
530 2789 649 2851 Capuam
665 2801 752 2852 usque
769 2791 797 2838 et
813 2787 875 2839 iude
892 2789 990 2839 iratum
1007 2786 1169 2839 Siciliense.»
1197 2791 1321 2838 Ponam.
1349 2789 1397 2838 Su·

304 2873 417 2935 persuut
434 2883 467 2922 ex
491 2870 580 2922 Lucilii
606 2873 700 2922 itinere
718 2872 761 2936 (de
782 2885 836 2937 quo
854 2872 934 2924 docte
954 2871 1090 2936 disputant
1105 2871 1207 2936 Vargas
1230 2872 1259 2921 iri
1275 2873 1394 2931 Quaestt.

306 2951 471 3006 lucillius.
490 2956 574 3006 liban.
593 2956 666 3007 4835.
685 2957 727 3006 lll.
745 2969 772 3022 p.
791 2958 823 3007 iB
843 2969 921 3021 seqq.
940 2957 968 3006 et
987 2956 1044 3007 Vau
1072 2952 1395 3020 neocaesariense)

304 3048 399 3087 versus
421 3036 522 3102 aliquot
539 3037 616 3104 (Gari.
634 3053 661 3105 p.
680 3039 725 3104 ill,
744 3053 778 3092 ex
793 3041 891 3104 quibus
913 3041 1068 3105 apparatio
1085 3053 1118 3090 eo
1142 3037 1224 3089 multa
1246 3037 1394 3089 admodum

306 3117 472 3185 negligenter
497 3125 618 3189 exposita
643 3124 738 3176 luisse:
769 3125 854 3190 (ilitio
876 3124 966 3190 porro)
992 3124 1029 3174 bis
1052 3124 1131 3187 quina
1156 3127 1275 3186 octonem
1303 3121 1397 3172 oiddia

306 3205 455 3268 Commoda·
480 3209 539 3259 tum
561 3209 650 3272 Capeto
672 3209 858 3274 quinquaqinta
879 3213 955 3271 alque
975 3209 1090 3258 dicacula.
1108 3232 1124 3245 ·
1140 3231 1155 3242 -
1171 3207 1304 3256 Pruewrec
1323 3217 1396 3256 mnus

305 3289 354 3340 tur
370 3293 405 3340 est
423 3289 469 3340 loc
485 3291 599 3342 tolosam
615 3295 691 3355 utque
705 3293 822 3342 toronen.
839 3319 855 3328 -
870 3318 886 3329 -
902 3292 965 3342 Hinc
980 3291 1065 3340 nudis
1079 3291 1156 3340 remis
1171 3289 1319 3340 potinam
1334 3301 1397 3352 pcr-

304 3373 377 3423 oeaio
392 3386 446 3422 coc
457 3373 563 3436 (nocte).
581 3373 688 3426 lleliora
701 3377 764 3425 suut
779 3375 861 3424 haec:
883 3375 974 3426 Veram
990 3374 1050 3423 loeo
1060 3373 1134 3423 ludos
1145 3373 1192 3436 ibi,
1210 3386 1300 3435 aesque
1311 3373 1397 3423 mic

305 3455 384 3516 deque
398 3455 515 3518 lituum
532 3457 628 3518 Susque
644 3461 668 3506 et
683 3459 761 3518 deque
776 3458 860 3522 ittera,
879 3459 997 3520 loquum,
1015 3457 1101 3508 muto
1116 3457 1185 3508 ludu*
1203 3458 1333 3519 cemma:
1360 3457 1397 3507 ll-

305 3539 349 3589 lud
365 3551 427 3602 opas
442 3541 550 3602 domm,
571 3545 599 3590 ut
615 3541 728 3590 Setinum
744 3542 887 3591 neomutus*
903 3543 994 3607 finem
1017 3537 1160 3607 Alythaeot
1176 3547 1283 3604 montes,
1301 3541 1398 3592 aanor

306 3637 401 3686 moues,
420 3623 633 3687 emendatone.
669 3623 794 3676 Similiter
810 3625 910 3677 Caesar
927 3625 1011 3678 tribus
1029 3624 1102 3676 libris
1119 3626 1270 3690 composuit
1286 3613 1394 3690 poema,

306 3707 380 3772 quod
395 3707 592 3759 inscribebatur
606 3709 665 3758 lter.
683 3709 791 3760 sueton.
805 3710 882 3760 Caes.
902 3710 944 3762 to.
958 3737 984 3746 -
999 3711 1038 3761 De
1056 3710 1155 3760 itineris
1172 3709 1255 3774 ipsius
1273 3711 1396 3773 tempore

305 3790 415 3844 consule
433 3791 571 3842 llirclaueri
588 3793 706 3852 Quaestt.
725 3793 787 3843 llor.
806 3807 832 3858 p.
856 3792 888 3845 tt
905 3805 982 3858 seqq.
1001 3793 1123 3844 Beierlur
1135 3792 1170 3843 ad
1186 3792 1281 3844 ioedus
1298 3794 1397 3843 Taren-

305 3877 390 3927 tinum
407 3889 430 3925 a.
449 3889 477 3926 u.
496 3891 520 3927 c.
539 3876 596 3925 747.
616 3877 685 3926 luter
701 3877 874 3928 Octavianum
892 3879 1074 3930 etAntouium
1091 3879 1189 3939 ictum,
1207 3875 1254 3926 uhi
1272 3875 1395 3927 Octadm

305 3958 399 4009 sedula
422 3959 615 4011 intercessione
637 3960 764 4011 ellectum
782 3960 892 4012 tandem
909 3965 963 4026 est,
988 3963 1019 4012 ut
1041 3974 1108 4027 paca
1126 3959 1297 4012 reconciliata
1313 3961 1396 4011 Anio-

304 4043 364 4094 nlus
382 4043 491 4094 Caesari
514 4056 597 4095 navos
617 4044 748 4095 adversus
770 4047 830 4096 Sex.
848 4047 1025 4111 Pompeium,
1052 4047 1152 4097 Caesar
1168 4045 1282 4096 Antonio
1299 4041 1396 4094 milites

304 4125 339 4176 ad
361 4127 514 4178 Parthicum
536 4126 638 4179 bellum
656 4129 855 4192 commodaret,
881 4129 988 4193 sibique
1005 4129 1120 4180 invicem
1139 4129 1166 4180 ln
1183 4128 1396 4193 quinquennium

305 4210 503 4262 triumuiratum
519 4214 703 4276 prorogarunt.
739 4214 851 4278 appion.
863 4215 893 4266 B.
907 4214 936 4264 C.
950 4215 980 4274 5,
999 4213 1040 4266 93.
1075 4215 1124 4266 Dio
1135 4212 1183 4274 48,
1201 4211 1243 4264 tt.
1261 4210 1395 4264 Plutarch.

305 4297 401 4346 anton
420 4293 462 4346 35.
481 4295 528 4346 llil
545 4297 633 4348 miuus
650 4297 724 4348 recte
741 4296 861 4348 referunt
878 4296 911 4348 ad
930 4309 1026 4362 pacem
1042 4298 1112 4350 luter
1129 4296 1394 4348 montumano.
