3116 4968
611 425 671 476 ula.
690 425 720 476 11.
757 425 824 476 SAT.
843 425 885 476 lli.

254 584 366 660 Error,
390 581 450 648 sed
472 580 569 648 variis
592 580 696 648 illudit
716 580 880 669 partibus;
903 580 966 648 hoe
988 591 1019 648 te

256 704 360 772 Crede
382 703 480 770 modo
502 704 666 780 insanum,
691 701 789 770 nihilo
811 713 847 770 nt
869 703 1047 792 sapientior
1069 703 1137 781 ille,

256 827 318 907 Qui
339 837 370 894 te
393 825 535 904 deridet,
558 824 697 892 caudam
718 823 832 892 trahat.
876 825 932 892 Est
953 847 1056 914 genus
1078 847 1177 894 unum

257 947 414 1015 stultitiae
438 946 573 1014 nihilum
594 946 769 1016 metuenda
792 947 947 1026 timentiS,
972 957 1007 1014 ut
1028 947 1134 1035 ignes,

256 1071 295 1137 Ut
315 1091 415 1158 rupes
437 1068 621 1158 fluviosque
643 1070 675 1135 iu
697 1089 812 1156 campo
835 1068 964 1136 obstare
987 1079 1159 1156 queratur;
1256 1071 1296 1136 55

254 1191 397 1258 Alterum
419 1203 451 1258 et
472 1190 548 1257 huie
569 1211 683 1256 varum
705 1199 738 1258 et
758 1189 857 1257 nihilo
879 1192 1055 1279 sapientius
1080 1192 1171 1280 ignes

256 1315 317 1380 Per
338 1312 465 1380 medios
488 1309 678 1400 fluviosque
693 1311 831 1380 ruentis:
856 1311 972 1380 elamet
994 1313 1097 1380 amica

255 1437 369 1512 Mater,
393 1434 529 1502 honesta
551 1455 645 1500 soror
666 1455 740 1500 oum
762 1436 922 1523 cognatis,
946 1445 1053 1523 pater,
1075 1455 1178 1502 uxor:

258 1557 334 1624 «Hie
356 1555 443 1622 lossa
465 1567 515 1623 est
541 1556 667 1644 ingens,
691 1555 743 1622 hie
764 1576 864 1643 rupes
887 1557 1040 1624 maxima!
1064 1557 1198 1624 servale

255 1680 324 1744 Non
346 1678 449 1765 magis
471 1676 609 1744 audierit
629 1697 727 1766 quarn
749 1677 858 1744 Fufius
880 1677 990 1744 ebrius
1011 1677 1103 1756 olim,
1257 1683 1299 1746 60

276 1913 318 1965 52.
336 1913 399 1963 nihil
415 1927 440 1964 c.
469 1939 497 1950 -
523 1912 564 1964 54.
582 1913 649 1977 apso
665 1925 800 1977 superser.
818 1925 832 1964 e
852 1927 876 1964 e.
906 1941 933 1952 -
961 1915 1002 1964 56.
1027 1916 1130 1966 omma
1148 1915 1265 1966 Pottlerii

243 1985 379 2052 plerique,
407 2001 476 2040 corr.
495 1987 545 2049 bc,
573 1989 627 2039 act
643 1989 671 2038 et
686 1987 830 2039 Bentleius.
868 1989 908 2052 (ot
928 2003 992 2050 nos,
1018 2003 1059 2054 pr.
1076 1989 1126 2052 bc,
1150 1990 1266 2041 Pettierii

244 2063 382 2128 quinque.)
402 2089 429 2102 -
450 2069 477 2113 ot
492 2064 569 2114 4445440
585 2065 677 2114 Axtius
694 2063 728 2114 ad
745 2065 832 2114 vostr.
851 2065 928 2129 spur.
946 2078 973 2129 p.
991 2065 1033 2116 88.
1048 2093 1076 2103 -
1089 2067 1130 2116 57.
1144 2067 1184 2117 58.
1199 2067 1265 2116 arni·

242 2151 287 2200 ea,
306 2139 391 2189 almer
407 2137 571 2202 distinguunt
587 2135 711 2199 Aldinae,
729 2139 796 2190 sus.
817 2163 845 2175 -
866 2139 906 2189 60.
925 2141 1014 2190 Fratue
1029 2139 1098 2205 bp,t.

210 2345 297 2393 Acron
315 2344 343 2392 et
359 2343 425 2404 Fen,
443 2343 503 2394 sed:
532 2341 638 2392 «Solent
659 2344 736 2406 pueri
773 2357 822 2394 uas
837 2345 960 2396 uarias.»
985 2347 1047 2397 Aua.
1066 2347 1121 2398 Cur
1136 2345 1243 2412 volgare
1260 2349 1298 2398 si·

210 2415 360 2482 petulantes
392 2417 573 2469 nescientibus
606 2419 735 2481 (manme
773 2417 882 2482 mulque
910 2420 998 2470 minus
1028 2425 1120 2486 aptum
1145 2435 1171 2472 v.
1196 2423 1298 2474 ouriwn

209 2491 363 2543 hominihus
383 2491 503 2554 latuisla
525 2495 600 2556 tergo
622 2493 736 2544 caudam
773 2495 890 2544 servavit
904 2491 1061 2546 Bentleiusi

209 2567 391 2632 suspendere,
403 2569 434 2618 ut
443 2566 517 2617 velut
527 2581 610 2631 pecus
620 2567 735 2618 caudam
794 2568 893 2618 57-59.
912 2570 996 2620 mnino
1007 2570 1098 2636 Maur]
1118 2568 1298 2637 anseliuspot-

209 2643 340 2692 traham.»
368 2644 461 2693 Pons.
481 2643 556 2692 Coul.
570 2656 596 2693 v.
610 2643 668 2693 299.
687 2643 736 2694 Alii
773 2645 814 2692 est
831 2643 869 2694 sic
880 2645 977 2708 accipi,
996 2647 1026 2694 ut
1042 2645 1076 2694 sit
1087 2657 1120 2695 ex
1133 2647 1234 2698 Graeco
1247 2650 1299 2698 tra·

209 2715 351 2779 significari
373 2718 468 2780 putant
488 2715 602 2768 Platonis
619 2716 683 2768 illud
700 2717 735 2768 de
772 2719 846 2768 ctum
862 2715 934 2783 φίλη
945 2713 1043 2789 μήτηρ
1056 2720 1141 2782 (Hom.
1153 2719 1183 2770 ll.
1196 2736 1225 2783 α,
1238 2722 1296 2772 354.

208 2793 273 2854 liep.
286 2792 312 2840 2.
325 2803 352 2855 p.
365 2790 422 2842 365.
436 2792 469 2846 C:
493 2786 547 2856 τὴν
562 2786 614 2842 τοῦ
633 2806 735 2855 σοφω-
771 2793 829 2842 575.
848 2793 915 2855 585.)
933 2806 1015 2856 quam
1030 2807 1080 2858 per
1091 2807 1120 2844 se
1133 2796 1230 2855 amon,
1249 2809 1299 2860 per

208 2861 297 2916 zdzov
323 2859 491 2936 Ἀρχιλόχου
516 2861 652 2918 ἀλώπεκα
671 2865 735 2918 llx-
772 2879 802 2916 se
825 2866 922 2917 deiude
939 2873 1036 2928 motor,
1055 2868 1116 2930 qula
1134 2870 1298 2920 mentionem

207 2943 275 2992 esov
308 2936 462 3004 ἐξόπισθεν
496 2939 651 3012 κερδαλέαν
685 2942 736 2992 καὶ
772 2941 1187 3005 uxorisraeitrnsequsutibus.»
1203 2945 1296 2994 Purra.

208 3014 352 3080 ποικίλην.
371 3015 424 3066 Sed
435 3017 462 3066 h.
472 3015 489 3066 l.
501 3017 609 3066 minime
621 3016 736 3068 deastu·
771 3017 855 3066 Mater
880 3018 907 3066 et
932 3017 1027 3076 amico,
1059 3029 1128 3080 quae
1156 3017 1200 3067 hic
1225 3017 1298 3080 iungi

208 3093 245 3143 tia
262 3093 364 3156 agitur,
382 3105 478 3142 verum
495 3092 529 3142 de
546 3091 664 3142 stultitia.
686 3093 736 3144 444-
773 3090 929 3153 neutiquam
953 3092 1089 3155 poteraut,
1117 3091 1210 3140 eontra
1235 3093 1297 3154 apte

209 3169 280 3218 nime
298 3179 364 3217 vero
385 3169 535 3231 comparari
560 3170 648 3231 potest
672 3166 735 3216 illud
773 3165 908 3216 sociantur
924 3163 1057 3227 simulque
1080 3163 1130 3214 sibi
1156 3177 1298 3228 opponun-

208 3240 300 3304 Velleii
324 3242 356 3302 Ξ,
382 3241 432 3292 83:
460 3254 518 3290 oum
538 3242 695 3292 cusmleutau
712 3247 736 3292 et
773 3241 816 3288 tur
832 3237 905 3302 apud
922 3238 976 3288 Cio.
995 3237 1106 3302 Philipp.
1125 3239 1156 3300 2,
1182 3238 1228 3300 54,
1246 3239 1296 3290 58ι

207 3317 304 3378 nudae,
322 3320 447 3378 copiaque
462 3317 592 3366 redimitae
612 3317 736 3366 madias
772 3316 871 3365 asnaa
899 3319 981 3364 neuter
1001 3315 1110 3378 amioum
1134 3314 1228 3376 intpurt'
1250 3313 1298 3378 14444

207 3396 231 3441 et
255 3391 367 3440 modom
389 3389 492 3440 trohen
510 3389 613 3452 puntiau
632 3391 736 3440 inntens
772 3395 903 3451 mmmmm
918 3388 1233 3451 superaddendam-
1246 3401 1298 3440 sers

208 3465 334 3516 Glottettm
360 3465 473 3514 tultotset
500 3466 528 3514 iu
554 3465 675 3515 cortoiolo.
705 3489 732 3500 -
771 3465 814 3528 uo]
832 3463 978 3527 plbdcht.
1011 3461 1154 3514 SioPlaut.
1173 3465 1246 3514 Pers.
1264 3465 1296 3526 5,

206 3537 322 3602 addua]
340 3539 476 3602 Frequens
494 3539 566 3602 apud
582 3539 735 3590 Lucretium
772 3538 801 3599 2,
820 3537 866 3588 29:
885 3539 1145 3588 hemmae-runaut.
1171 3538 1239 3588 item
1250 3538 1299 3586 Te

208 3626 268 3664 roe.
287 3614 315 3662 in
339 3625 420 3676 prosa
436 3627 476 3664 or.
496 3612 681 3664 tautummodo
706 3615 736 3663 ut
772 3614 840 3663 rent.
869 3611 1023 3676 Adelpha,
1038 3613 1067 3673 4,
1088 3611 1131 3662 48;
1149 3611 1198 3661 Em
1213 3623 1295 3660 mo.

208 3701 310 3738 nomen
326 3685 522 3738 substantivum
540 3691 691 3752 usurpatur.
705 3715 732 3724 -
805 3687 894 3738 60-64.
915 3685 1007 3750 Mae]
1027 3686 1124 3736 Histrio
1142 3685 1197 3745 hie,
1216 3697 1298 3749 quem

206 3763 292 3826 ipae-r,
313 3788 328 3798 -
348 3776 423 3824 rupes
447 3763 599 3826 aesosque]
626 3762 735 3812 Locutio
772 3760 876 3812 Fufium
886 3757 1297 3821 PhocaeumvoeatPorphyrio,

207 3835 399 3902 proverbialis,
417 3839 447 3886 ut
457 3839 510 3888 Sat.
525 3839 553 3899 4,
567 3841 595 3900 4,
609 3837 648 3888 39.
667 3837 733 3901 Epp.
773 3847 835 3886 eum
851 3833 962 3886 llionam
973 3833 1008 3885 ab
1020 3832 1116 3884 umbra
1127 3831 1240 3896 Deiphili
1253 3830 1298 3884 lilii

209 3912 237 3972 4,
262 3913 293 3972 4,
316 3911 359 3962 46.
379 3937 409 3948 -
426 3911 492 3978 huie]
514 3911 610 3964 solitus
628 3912 735 3962 Horatio
773 3907 1038 3972 expergefactorum
1049 3910 1141 3969 ageret
1153 3903 1298 3968 ebrius,'re

208 3985 533 4050 discrepantiaedativus,
552 3988 648 4038 utsat.
662 3988 691 4048 4,
709 3986 734 4050 4,
772 3996 836 4034 vera
865 3996 961 4034 somno
989 3993 1134 4046 oppressus
1160 3979 1298 4045 crapulam

207 4059 250 4112 48.
279 4061 309 4122 4,
332 4061 361 4121 6,
384 4060 424 4110 92.
450 4061 516 4125 Epp.
535 4064 564 4122 4,
587 4061 635 4121 48,
660 4061 684 4111 3.
705 4089 733 4098 -
773 4057 976 4120 edormivit,itu
987 4059 1017 4106 ut
1028 4055 1227 4118 Getieumqur·
1238 4056 1299 4106 Dei·

207 4135 309 4200 oanan]
336 4136 528 4196 monitorium,
555 4136 734 4199 oppositum.»
772 4133 837 4199 phili
852 4135 942 4198 partes
959 4130 1065 4194 agebat,
1085 4142 1148 4180 eum
1167 4143 1298 4194 experge-

209 4210 312 4280 «i’edes
330 4210 357 4260 in
373 4210 510 4262 diversum
526 4209 612 4262 llexos
633 4207 737 4260 haben·
773 4208 862 4259 faeere
879 4207 1009 4271 nequiret.
1031 4233 1058 4242 -
1077 4205 1144 4268 oren]
1163 4206 1237 4257 Utin
1257 4204 1298 4254 ia·

210 4288 251 4336 tes
266 4299 345 4336 aoros
363 4285 477 4338 dicimus
498 4286 525 4338 et
546 4284 671 4338 distortm
687 4298 737 4338 re·
772 4281 863 4347 hallis,
881 4283 920 4334 sio
934 4283 962 4334 in
976 4280 1094 4334 historiis
1105 4278 1202 4342 enque
1213 4291 1297 4343 prope
