<?xml version="1.0" encoding="UTF-8"?>
<!DOCTYPE html PUBLIC "-//W3C//DTD XHTML 1.0 Transitional//EN"
    "http://www.w3.org/TR/xhtml1/DTD/xhtml1-transitional.dtd">
<html xmlns="http://www.w3.org/1999/xhtml" xml:lang="en" lang="en">
 <head>
  <title>
</title>
<meta http-equiv="Content-Type" content="text/html;charset=utf-8" />
  <meta name='ocr-system' content='tesseract 3.04.00' />
  <meta name='ocr-capabilities' content='ocr_page ocr_carea ocr_par ocr_line ocrx_word'/>
</head>
<body>
  <div class='ocr_page' id='page_1' title='image "./qhoratiusflaccu01baitgoog_0593.png"; bbox 0 0 3174 4974; ppageno 0'>
   <div class='ocr_carea' id='block_1_1' title="bbox 310 459 1041 525">
    <p class='ocr_par' dir='ltr' id='par_1_1' title="bbox 310 459 1041 525">
     <span class='ocr_line' id='line_1_1' title="bbox 310 459 1041 525; baseline -0.021 0"><span class='ocrx_word' id='word_1_1' title='bbox 310 461 371 525; x_wconf 83' lang='lat'><strong>578</strong></span> <span class='ocrx_word' id='word_1_2' title='bbox 676 459 804 511; x_wconf 80' lang='lat' dir='ltr'><strong>nonnrn</strong></span> <span class='ocrx_word' id='word_1_3' title='bbox 821 459 1041 512; x_wconf 81' lang='lat' dir='ltr'><strong>arrsrounnun</strong></span> 
     </span>
    </p>
   </div>
   <div class='ocr_carea' id='block_1_2' title="bbox 348 612 1396 1331">
    <p class='ocr_par' dir='ltr' id='par_1_2' title="bbox 354 612 1236 703">
     <span class='ocr_line' id='line_1_2' title="bbox 354 612 1236 703; baseline -0.002 -21"><span class='ocrx_word' id='word_1_4' title='bbox 354 619 523 703; x_wconf 79' lang='lat' dir='ltr'>Temperat</span> <span class='ocrx_word' id='word_1_5' title='bbox 544 613 694 691; x_wconf 75' lang='lat' dir='ltr'><strong>Alcaeus,</strong></span> <span class='ocrx_word' id='word_1_6' title='bbox 719 613 778 680; x_wconf 93' lang='lat' dir='ltr'><strong>sed</strong></span> <span class='ocrx_word' id='word_1_7' title='bbox 801 612 898 680; x_wconf 93' lang='lat' dir='ltr'><strong>rebus</strong></span> <span class='ocrx_word' id='word_1_8' title='bbox 921 623 954 679; x_wconf 94' lang='lat' dir='ltr'><strong>et</strong></span> <span class='ocrx_word' id='word_1_9' title='bbox 975 612 1089 679; x_wconf 90' lang='lat' dir='ltr'><strong>ordine</strong></span> <span class='ocrx_word' id='word_1_10' title='bbox 1111 613 1236 701; x_wconf 81' lang='lat' dir='ltr'><strong>dispar,</strong></span> 
     </span>
    </p>

    <p class='ocr_par' dir='ltr' id='par_1_3' title="bbox 350 733 1396 944">
     <span class='ocr_line' id='line_1_3' title="bbox 351 733 1396 822; baseline -0.003 -19"><span class='ocrx_word' id='word_1_11' title='bbox 351 739 418 803; x_wconf 93' lang='lat' dir='ltr'><strong>Nec</strong></span> <span class='ocrx_word' id='word_1_12' title='bbox 441 756 591 802; x_wconf 83' lang='lat' dir='ltr'>socerum</span> <span class='ocrx_word' id='word_1_13' title='bbox 614 735 752 822; x_wconf 87' lang='lat' dir='ltr'><strong>quaerit,</strong></span> <span class='ocrx_word' id='word_1_14' title='bbox 777 755 874 821; x_wconf 93' lang='lat' dir='ltr'><strong>quem</strong></span> <span class='ocrx_word' id='word_1_15' title='bbox 896 733 1046 801; x_wconf 88' lang='lat' dir='ltr'><strong>versibus</strong></span> <span class='ocrx_word' id='word_1_16' title='bbox 1069 733 1190 801; x_wconf 86' lang='lat' dir='ltr'>oblinat</span> <span class='ocrx_word' id='word_1_17' title='bbox 1211 735 1304 812; x_wconf 91' lang='lat' dir='ltr'><strong>atris,</strong></span> <span class='ocrx_word' id='word_1_18' title='bbox 1354 736 1396 800; x_wconf 87' lang='lat'><strong>30</strong></span> 
     </span>
     <span class='ocr_line' id='line_1_4' title="bbox 350 854 1192 944; baseline -0.005 -22"><span class='ocrx_word' id='word_1_19' title='bbox 350 859 417 924; x_wconf 91' lang='lat' dir='ltr'><strong>Nec</strong></span> <span class='ocrx_word' id='word_1_20' title='bbox 439 877 578 944; x_wconf 84' lang='lat' dir='ltr'>sponsae</span> <span class='ocrx_word' id='word_1_21' title='bbox 602 855 754 944; x_wconf 90' lang='lat' dir='ltr'><strong>laqueum</strong></span> <span class='ocrx_word' id='word_1_22' title='bbox 775 855 899 921; x_wconf 89' lang='lat' dir='ltr'><strong>lamoso</strong></span> <span class='ocrx_word' id='word_1_23' title='bbox 921 854 1064 921; x_wconf 84' lang='lat' dir='ltr'><strong>carmine</strong></span> <span class='ocrx_word' id='word_1_24' title='bbox 1086 855 1192 922; x_wconf 80' lang='lat' dir='ltr'>nectit.</span> 
     </span>
    </p>

    <p class='ocr_par' dir='ltr' id='par_1_4' title="bbox 350 975 1187 1064">
     <span class='ocr_line' id='line_1_5' title="bbox 350 975 1187 1064; baseline -0.002 -21"><span class='ocrx_word' id='word_1_25' title='bbox 350 979 442 1043; x_wconf 90' lang='lat' dir='ltr'><strong>Hune</strong></span> <span class='ocrx_word' id='word_1_26' title='bbox 464 998 526 1064; x_wconf 85' lang='lat' dir='ltr'><strong>ego</strong></span> <span class='ocrx_word' id='word_1_27' title='bbox 548 997 613 1043; x_wconf 94' lang='lat' dir='ltr'><strong>non</strong></span> <span class='ocrx_word' id='word_1_28' title='bbox 638 975 701 1042; x_wconf 88' lang='lat' dir='ltr'><strong>alio</strong></span> <span class='ocrx_word' id='word_1_29' title='bbox 724 975 843 1042; x_wconf 87' lang='lat' dir='ltr'><strong>dictum</strong></span> <span class='ocrx_word' id='word_1_30' title='bbox 865 977 957 1063; x_wconf 91' lang='lat' dir='ltr'><strong>prius</strong></span> <span class='ocrx_word' id='word_1_31' title='bbox 978 995 1036 1041; x_wconf 90' lang='lat' dir='ltr'><strong>ore</strong></span> <span class='ocrx_word' id='word_1_32' title='bbox 1057 975 1187 1042; x_wconf 88' lang='lat' dir='ltr'><strong>Latinus</strong></span> 
     </span>
    </p>

    <p class='ocr_par' dir='ltr' id='par_1_5' title="bbox 349 1095 1164 1185">
     <span class='ocr_line' id='line_1_6' title="bbox 349 1095 1164 1185; baseline -0.004 -22"><span class='ocrx_word' id='word_1_33' title='bbox 349 1097 480 1185; x_wconf 77' lang='lat' dir='ltr'><strong>volgavi</strong></span> <span class='ocrx_word' id='word_1_34' title='bbox 502 1095 634 1175; x_wconf 88' lang='lat' dir='ltr'><strong>fidicen;</strong></span> <span class='ocrx_word' id='word_1_35' title='bbox 659 1097 746 1162; x_wconf 90' lang='lat' dir='ltr'><strong>iuvat</strong></span> <span class='ocrx_word' id='word_1_36' title='bbox 767 1097 988 1162; x_wconf 87' lang='lat' dir='ltr'><strong>immemorata</strong></span> <span class='ocrx_word' id='word_1_37' title='bbox 1009 1096 1164 1163; x_wconf 91' lang='lat' dir='ltr'><strong>ierentem</strong></span> 
     </span>
    </p>

    <p class='ocr_par' dir='ltr' id='par_1_6' title="bbox 348 1216 1145 1331">
     <span class='ocr_line' id='line_1_7' title="bbox 348 1216 1145 1331; baseline -0.004 -48"><span class='ocrx_word' id='word_1_38' title='bbox 348 1219 497 1306; x_wconf 85' lang='lat' dir='ltr'><strong>ingenuis</strong></span> <span class='ocrx_word' id='word_1_39' title='bbox 521 1217 689 1331; x_wconf 78' lang='lat' dir='ltr'><strong>oculisque</strong></span> <span class='ocrx_word' id='word_1_40' title='bbox 712 1216 774 1304; x_wconf 84' lang='lat' dir='ltr'><strong>legi</strong></span> <span class='ocrx_word' id='word_1_41' title='bbox 796 1217 1011 1303; x_wconf 90' lang='lat' dir='ltr'><strong>manibusque</strong></span> <span class='ocrx_word' id='word_1_42' title='bbox 1033 1217 1145 1283; x_wconf 89' lang='lat' dir='ltr'><strong>teneri.</strong></span> 
     </span>
    </p>
   </div>
   <div class='ocr_carea' id='block_1_3' title="bbox 337 1394 1360 1533">
    <p class='ocr_par' dir='ltr' id='par_1_7' title="bbox 337 1394 1360 1533">
     <span class='ocr_line' id='line_1_8' title="bbox 369 1394 1360 1459; baseline -0.001 -11"><span class='ocrx_word' id='word_1_43' title='bbox 369 1399 410 1448; x_wconf 82' lang='grc'><strong>30.</strong></span> <span class='ocrx_word' id='word_1_44' title='bbox 429 1397 520 1448; x_wconf 74' lang='lat' dir='ltr'><strong>chunst</strong></span> <span class='ocrx_word' id='word_1_45' title='bbox 537 1397 572 1456; x_wconf 88' lang='grc' dir='ltr'><strong>Ε,</strong></span> <span class='ocrx_word' id='word_1_46' title='bbox 591 1396 677 1446; x_wconf 76' lang='lat' dir='ltr'><strong>attinet</strong></span> <span class='ocrx_word' id='word_1_47' title='bbox 693 1409 719 1459; x_wconf 91' lang='lat' dir='ltr'><strong>p.</strong></span> <span class='ocrx_word' id='word_1_48' title='bbox 742 1421 768 1432; x_wconf 93' lang='lat'>-</span> <span class='ocrx_word' id='word_1_49' title='bbox 795 1397 835 1450; x_wconf 75' lang='grc'><strong>33.</strong></span> <span class='ocrx_word' id='word_1_50' title='bbox 854 1395 951 1446; x_wconf 79' lang='lat' dir='ltr'><strong>Latinis</strong></span> <span class='ocrx_word' id='word_1_51' title='bbox 967 1395 1014 1456; x_wconf 88' lang='lat' dir='ltr'><strong>hd,</strong></span> <span class='ocrx_word' id='word_1_52' title='bbox 1032 1397 1043 1444; x_wconf 89' lang='lat' dir='ltr'><strong>t</strong></span> <span class='ocrx_word' id='word_1_53' title='bbox 1059 1397 1087 1445; x_wconf 89' lang='lat' dir='ltr'><strong>et</strong></span> <span class='ocrx_word' id='word_1_54' title='bbox 1102 1394 1214 1445; x_wconf 84' lang='lat' dir='ltr'><strong>Wetzei.</strong></span> <span class='ocrx_word' id='word_1_55' title='bbox 1243 1396 1281 1458; x_wconf 83' lang='lat' dir='ltr'><strong>litt</strong></span> <span class='ocrx_word' id='word_1_56' title='bbox 1296 1410 1360 1458; x_wconf 86' lang='lat' dir='ltr'><strong>nos,</strong></span> 
     </span>
     <span class='ocr_line' id='line_1_9' title="bbox 337 1469 1359 1533; baseline -0.002 -11"><span class='ocrx_word' id='word_1_57' title='bbox 337 1473 392 1522; x_wconf 87' lang='lat' dir='ltr'><strong>SEc</strong></span> <span class='ocrx_word' id='word_1_58' title='bbox 409 1475 437 1522; x_wconf 90' lang='lat' dir='ltr'><strong>et</strong></span> <span class='ocrx_word' id='word_1_59' title='bbox 454 1473 569 1522; x_wconf 88' lang='lat' dir='ltr'><strong>Pettierii</strong></span> <span class='ocrx_word' id='word_1_60' title='bbox 586 1471 699 1533; x_wconf 83' lang='lat' dir='ltr'><strong>omnes.)</strong></span> <span class='ocrx_word' id='word_1_61' title='bbox 715 1498 742 1506; x_wconf 93' lang='lat'>-</span> <span class='ocrx_word' id='word_1_62' title='bbox 756 1471 796 1521; x_wconf 84' lang='grc'><strong>33.</strong></span> <span class='ocrx_word' id='word_1_63' title='bbox 810 1470 922 1522; x_wconf 83' lang='lat' dir='ltr'><strong>Exhibet</strong></span> <span class='ocrx_word' id='word_1_64' title='bbox 933 1471 1093 1533; x_wconf 80' lang='lat' dir='ltr'><strong>scripturam</strong></span> <span class='ocrx_word' id='word_1_65' title='bbox 1107 1469 1210 1533; x_wconf 74' lang='lat' dir='ltr'><strong>Votqeoi</strong></span> <span class='ocrx_word' id='word_1_66' title='bbox 1227 1470 1255 1520; x_wconf 84' lang='lat' dir='ltr'><strong>E.</strong></span> <span class='ocrx_word' id='word_1_67' title='bbox 1277 1499 1305 1507; x_wconf 95' lang='lat'>-</span> <span class='ocrx_word' id='word_1_68' title='bbox 1318 1471 1359 1522; x_wconf 80' lang='lat' dir='ltr'><strong>at.</strong></span> 
     </span>
    </p>
   </div>
   <div class='ocr_carea' id='block_1_4' title="bbox 297 1634 1395 4364">
    <p class='ocr_par' dir='ltr' id='par_1_8' title="bbox 297 1634 1395 4364">
     <span class='ocr_line' id='line_1_10' title="bbox 303 1634 1393 1700; baseline -0.001 -11"><span class='ocrx_word' id='word_1_69' title='bbox 303 1638 519 1690; x_wconf 85' lang='lat' dir='ltr'><strong>subohseoenam</strong></span> <span class='ocrx_word' id='word_1_70' title='bbox 545 1637 762 1700; x_wconf 81' lang='lat' dir='ltr'><strong>significationem</strong></span> <span class='ocrx_word' id='word_1_71' title='bbox 781 1639 828 1686; x_wconf 88' lang='lat' dir='ltr'><strong>tri·</strong></span> <span class='ocrx_word' id='word_1_72' title='bbox 902 1635 1003 1686; x_wconf 71' lang='lat' dir='ltr'><strong>32-3i.</strong></span> <span class='ocrx_word' id='word_1_73' title='bbox 1031 1634 1112 1698; x_wconf 71' lang='lat' dir='ltr'><strong>amc]</strong></span> <span class='ocrx_word' id='word_1_74' title='bbox 1136 1635 1258 1686; x_wconf 83' lang='lat' dir='ltr'><strong>Proxime</strong></span> <span class='ocrx_word' id='word_1_75' title='bbox 1283 1637 1393 1700; x_wconf 83' lang='lat' dir='ltr'><strong>quidem</strong></span> 
     </span>
     <span class='ocr_line' id='line_1_11' title="bbox 302 1708 1394 1773; baseline -0.001 -10"><span class='ocrx_word' id='word_1_76' title='bbox 302 1712 388 1763; x_wconf 78' lang='lat' dir='ltr'><strong>liuere</strong></span> <span class='ocrx_word' id='word_1_77' title='bbox 413 1711 544 1763; x_wconf 86' lang='lat' dir='ltr'><strong>vocabulo</strong></span> <span class='ocrx_word' id='word_1_78' title='bbox 564 1713 695 1771; x_wconf 57' lang='lat' dir='ltr'><strong>marasim</strong></span> <span class='ocrx_word' id='word_1_79' title='bbox 722 1723 783 1762; x_wconf 88' lang='lat' dir='ltr'><strong>nam</strong></span> <span class='ocrx_word' id='word_1_80' title='bbox 806 1713 828 1761; x_wconf 92' lang='lat' dir='ltr'><strong>si</strong></span> <span class='ocrx_word' id='word_1_81' title='bbox 869 1711 984 1760; x_wconf 87' lang='lat' dir='ltr'><strong>retertur</strong></span> <span class='ocrx_word' id='word_1_82' title='bbox 1000 1709 1034 1758; x_wconf 89' lang='lat' dir='ltr'><strong>ad</strong></span> <span class='ocrx_word' id='word_1_83' title='bbox 1046 1708 1172 1759; x_wconf 76' lang='lat' dir='ltr'><strong>Alcaeum</strong></span> <span class='ocrx_word' id='word_1_84' title='bbox 1191 1710 1227 1773; x_wconf 82' lang='lat' dir='ltr'><strong>(et</strong></span> <span class='ocrx_word' id='word_1_85' title='bbox 1240 1723 1313 1772; x_wconf 85' lang='lat' dir='ltr'><strong>vere,</strong></span> <span class='ocrx_word' id='word_1_86' title='bbox 1332 1725 1394 1762; x_wconf 89' lang='lat' dir='ltr'><strong>cum</strong></span> 
     </span>
     <span class='ocr_line' id='line_1_12' title="bbox 302 1782 1395 1846; baseline 0 -11"><span class='ocrx_word' id='word_1_87' title='bbox 302 1784 345 1836; x_wconf 84' lang='lat' dir='ltr'><strong>vei</strong></span> <span class='ocrx_word' id='word_1_88' title='bbox 363 1787 479 1838; x_wconf 81' lang='lat' dir='ltr'><strong>maxime</strong></span> <span class='ocrx_word' id='word_1_89' title='bbox 495 1788 548 1836; x_wconf 92' lang='lat' dir='ltr'><strong>hoc</strong></span> <span class='ocrx_word' id='word_1_90' title='bbox 567 1785 706 1844; x_wconf 85' lang='lat' dir='ltr'><strong>voluisset,</strong></span> <span class='ocrx_word' id='word_1_91' title='bbox 725 1784 828 1835; x_wconf 85' lang='lat' dir='ltr'><strong>adden·</strong></span> <span class='ocrx_word' id='word_1_92' title='bbox 869 1783 986 1835; x_wconf 86' lang='lat' dir='ltr'><strong>Catullus</strong></span> <span class='ocrx_word' id='word_1_93' title='bbox 1003 1782 1045 1834; x_wconf 89' lang='lat' dir='ltr'><strong>his</strong></span> <span class='ocrx_word' id='word_1_94' title='bbox 1062 1783 1186 1846; x_wconf 86' lang='lat' dir='ltr'><strong>quidem,</strong></span> <span class='ocrx_word' id='word_1_95' title='bbox 1206 1784 1294 1834; x_wconf 88' lang='lat' dir='ltr'><strong>Carm.</strong></span> <span class='ocrx_word' id='word_1_96' title='bbox 1308 1786 1349 1834; x_wconf 86' lang='lat' dir='ltr'><strong>ti.</strong></span> <span class='ocrx_word' id='word_1_97' title='bbox 1368 1790 1395 1835; x_wconf 91' lang='lat' dir='ltr'><strong>et</strong></span> 
     </span>
     <span class='ocr_line' id='line_1_13' title="bbox 303 1859 1392 1925; baseline 0 -15"><span class='ocrx_word' id='word_1_98' title='bbox 303 1859 368 1911; x_wconf 90' lang='lat' dir='ltr'><strong>dum</strong></span> <span class='ocrx_word' id='word_1_99' title='bbox 385 1860 484 1925; x_wconf 87' lang='lat' dir='ltr'><strong>aliquid</strong></span> <span class='ocrx_word' id='word_1_100' title='bbox 501 1861 607 1920; x_wconf 86' lang='lat' dir='ltr'><strong>luisset,</strong></span> <span class='ocrx_word' id='word_1_101' title='bbox 627 1863 657 1910; x_wconf 92' lang='lat' dir='ltr'><strong>ut</strong></span> <span class='ocrx_word' id='word_1_102' title='bbox 673 1861 714 1910; x_wconf 90' lang='lat' dir='ltr'><strong>est</strong></span> <span class='ocrx_word' id='word_1_103' title='bbox 727 1859 753 1908; x_wconf 88' lang='lat' dir='ltr'><strong>in</strong></span> <span class='ocrx_word' id='word_1_104' title='bbox 765 1871 829 1922; x_wconf 80' lang='lat' dir='ltr'><strong>saga</strong></span> <span class='ocrx_word' id='word_1_105' title='bbox 868 1860 919 1918; x_wconf 73' lang='lat' dir='ltr'><strong>tt..</strong></span> <span class='ocrx_word' id='word_1_106' title='bbox 947 1859 1054 1907; x_wconf 63' lang='lat' dir='ltr'><strong>tenant</strong></span> <span class='ocrx_word' id='word_1_107' title='bbox 1079 1861 1196 1908; x_wconf 77' lang='lat' dir='ltr'><strong>mehum</strong></span> <span class='ocrx_word' id='word_1_108' title='bbox 1221 1859 1392 1923; x_wconf 83' lang='lat' dir='ltr'><strong>sapphicum,</strong></span> 
     </span>
     <span class='ocr_line' id='line_1_14' title="bbox 302 1929 1393 2004; baseline 0 -20"><span class='ocrx_word' id='word_1_109' title='bbox 302 1933 344 1985; x_wconf 86' lang='lat' dir='ltr'><strong>iila</strong></span> <span class='ocrx_word' id='word_1_110' title='bbox 369 1935 496 1984; x_wconf 73' lang='lat' dir='ltr'><strong>mmmdcc</strong></span> <span class='ocrx_word' id='word_1_111' title='bbox 520 1934 670 1984; x_wconf 82' lang='lat' dir='ltr'><strong>lihidinis</strong></span> <span class='ocrx_word' id='word_1_112' title='bbox 695 1929 828 2004; x_wconf 76' lang='grc' dir='ltr'><strong>(τριβάδι)</strong></span> <span class='ocrx_word' id='word_1_113' title='bbox 867 1931 1175 1995; x_wconf 79' lang='lat' dir='ltr'><strong>nteatcumnunquam),</strong></span> <span class='ocrx_word' id='word_1_114' title='bbox 1195 1943 1261 1992; x_wconf 87' lang='lat' dir='ltr'><strong>non,</strong></span> <span class='ocrx_word' id='word_1_115' title='bbox 1279 1931 1393 1984; x_wconf 80' lang='lat' dir='ltr'><strong>utmultr’</strong></span> 
     </span>
     <span class='ocr_line' id='line_1_15' title="bbox 301 2005 1391 2074; baseline -0.002 -14"><span class='ocrx_word' id='word_1_116' title='bbox 301 2009 386 2074; x_wconf 87' lang='lat' dir='ltr'><strong>Epod.</strong></span> <span class='ocrx_word' id='word_1_117' title='bbox 405 2012 435 2071; x_wconf 81' lang='grc'><strong>3,</strong></span> <span class='ocrx_word' id='word_1_118' title='bbox 455 2008 495 2060; x_wconf 88' lang='lat' dir='ltr'><strong>it.</strong></span> <span class='ocrx_word' id='word_1_119' title='bbox 521 2010 622 2059; x_wconf 88' lang='lat' dir='ltr'><strong>Verum</strong></span> <span class='ocrx_word' id='word_1_120' title='bbox 639 2009 747 2058; x_wconf 89' lang='lat' dir='ltr'><strong>omniuo</strong></span> <span class='ocrx_word' id='word_1_121' title='bbox 765 2007 828 2058; x_wconf 86' lang='lat' dir='ltr'><strong>nihil</strong></span> <span class='ocrx_word' id='word_1_122' title='bbox 866 2005 1022 2066; x_wconf 86' lang='lat' dir='ltr'><strong>voluerunt,</strong></span> <span class='ocrx_word' id='word_1_123' title='bbox 1049 2006 1083 2055; x_wconf 88' lang='lat' dir='ltr'><strong>ed</strong></span> <span class='ocrx_word' id='word_1_124' title='bbox 1103 2005 1305 2066; x_wconf 78' lang='lat' dir='ltr'><strong>Archilochum,</strong></span> <span class='ocrx_word' id='word_1_125' title='bbox 1331 2019 1391 2069; x_wconf 86' lang='lat' dir='ltr'><strong>uec,</strong></span> 
     </span>
     <span class='ocr_line' id='line_1_16' title="bbox 301 2079 1390 2147; baseline -0.002 -13"><span class='ocrx_word' id='word_1_126' title='bbox 301 2085 386 2147; x_wconf 78' lang='lat' dir='ltr'><strong>magis</strong></span> <span class='ocrx_word' id='word_1_127' title='bbox 398 2083 632 2145; x_wconf 85' lang='lat' dir='ltr'><strong>ineptumiuisset,</strong></span> <span class='ocrx_word' id='word_1_128' title='bbox 646 2095 727 2144; x_wconf 89' lang='lat' dir='ltr'><strong>quam</strong></span> <span class='ocrx_word' id='word_1_129' title='bbox 740 2083 762 2132; x_wconf 88' lang='lat' dir='ltr'><strong>si</strong></span> <span class='ocrx_word' id='word_1_130' title='bbox 775 2082 827 2143; x_wconf 89' lang='lat' dir='ltr'><strong>hic,</strong></span> <span class='ocrx_word' id='word_1_131' title='bbox 867 2083 896 2130; x_wconf 91' lang='lat' dir='ltr'><strong>ut</strong></span> <span class='ocrx_word' id='word_1_132' title='bbox 913 2079 1045 2140; x_wconf 87' lang='lat' dir='ltr'><strong>nonnulii,</strong></span> <span class='ocrx_word' id='word_1_133' title='bbox 1064 2079 1098 2130; x_wconf 91' lang='lat' dir='ltr'><strong>ad</strong></span> <span class='ocrx_word' id='word_1_134' title='bbox 1115 2093 1142 2129; x_wconf 83' lang='lat' dir='ltr'><strong>v.</strong></span> <span class='ocrx_word' id='word_1_135' title='bbox 1158 2081 1262 2142; x_wconf 78' lang='lat' dir='ltr'><strong>podem,</strong></span> <span class='ocrx_word' id='word_1_136' title='bbox 1288 2093 1390 2143; x_wconf 86' lang='lat' dir='ltr'><strong>verum,</strong></span> 
     </span>
     <span class='ocr_line' id='line_1_17' title="bbox 301 2153 1393 2219; baseline -0.001 -13"><span class='ocrx_word' id='word_1_137' title='bbox 301 2157 347 2207; x_wconf 90' lang='lat' dir='ltr'><strong>uhi</strong></span> <span class='ocrx_word' id='word_1_138' title='bbox 373 2155 558 2208; x_wconf 87' lang='lat' dir='ltr'><strong>tantummodo</strong></span> <span class='ocrx_word' id='word_1_139' title='bbox 581 2155 615 2204; x_wconf 89' lang='lat' dir='ltr'><strong>de</strong></span> <span class='ocrx_word' id='word_1_140' title='bbox 633 2157 745 2219; x_wconf 74' lang='lat' dir='ltr'><strong>poeticis</strong></span> <span class='ocrx_word' id='word_1_141' title='bbox 762 2157 828 2219; x_wconf 87' lang='lat' dir='ltr'><strong>Sap·</strong></span> <span class='ocrx_word' id='word_1_142' title='bbox 866 2153 1097 2218; x_wconf 84' lang='lat' dir='ltr'><strong>quemadmodum</strong></span> <span class='ocrx_word' id='word_1_143' title='bbox 1108 2153 1260 2204; x_wconf 79' lang='lat' dir='ltr'><strong>vv.³o.³t.</strong></span> <span class='ocrx_word' id='word_1_144' title='bbox 1280 2157 1393 2205; x_wconf 87' lang='lat' dir='ltr'><strong>neumi-</strong></span> 
     </span>
     <span class='ocr_line' id='line_1_18' title="bbox 301 2228 1391 2294; baseline 0 -14"><span class='ocrx_word' id='word_1_145' title='bbox 301 2231 372 2294; x_wconf 90' lang='lat' dir='ltr'><strong>phus</strong></span> <span class='ocrx_word' id='word_1_146' title='bbox 389 2229 529 2280; x_wconf 86' lang='lat' dir='ltr'><strong>virtutibus</strong></span> <span class='ocrx_word' id='word_1_147' title='bbox 547 2231 612 2292; x_wconf 80' lang='lat' dir='ltr'><strong>agit,</strong></span> <span class='ocrx_word' id='word_1_148' title='bbox 631 2230 750 2293; x_wconf 80' lang='lat' dir='ltr'><strong>poetriae</strong></span> <span class='ocrx_word' id='word_1_149' title='bbox 769 2242 829 2279; x_wconf 90' lang='lat' dir='ltr'><strong>mo-</strong></span> <span class='ocrx_word' id='word_1_150' title='bbox 866 2242 917 2279; x_wconf 89' lang='lat' dir='ltr'><strong>uus</strong></span> <span class='ocrx_word' id='word_1_151' title='bbox 934 2228 968 2277; x_wconf 90' lang='lat' dir='ltr'><strong>ad</strong></span> <span class='ocrx_word' id='word_1_152' title='bbox 986 2229 1157 2292; x_wconf 89' lang='lat' dir='ltr'><strong>Sapphonem</strong></span> <span class='ocrx_word' id='word_1_153' title='bbox 1175 2233 1298 2292; x_wconf 85' lang='lat' dir='ltr'><strong>spectant</strong></span> <span class='ocrx_word' id='word_1_154' title='bbox 1310 2243 1391 2293; x_wconf 90' lang='lat' dir='ltr'><strong>quam</strong></span> 
     </span>
     <span class='ocr_line' id='line_1_19' title="bbox 301 2301 1391 2366; baseline 0.001 -13"><span class='ocrx_word' id='word_1_155' title='bbox 301 2317 345 2354; x_wconf 86' lang='lat' dir='ltr'><strong>res</strong></span> <span class='ocrx_word' id='word_1_156' title='bbox 363 2305 496 2363; x_wconf 88' lang='lat' dir='ltr'><strong>notasset,</strong></span> <span class='ocrx_word' id='word_1_157' title='bbox 521 2303 618 2366; x_wconf 88' lang='lat' dir='ltr'><strong>quibus</strong></span> <span class='ocrx_word' id='word_1_158' title='bbox 636 2305 693 2353; x_wconf 90' lang='lat' dir='ltr'><strong>eius</strong></span> <span class='ocrx_word' id='word_1_159' title='bbox 710 2304 828 2352; x_wconf 87' lang='lat' dir='ltr'><strong>carmina</strong></span> <span class='ocrx_word' id='word_1_160' title='bbox 866 2302 901 2353; x_wconf 91' lang='lat' dir='ltr'><strong>ad</strong></span> <span class='ocrx_word' id='word_1_161' title='bbox 916 2301 1056 2360; x_wconf 76' lang='lat' dir='ltr'><strong>Alcaeum,</strong></span> <span class='ocrx_word' id='word_1_162' title='bbox 1072 2303 1110 2350; x_wconf 89' lang='lat' dir='ltr'><strong>sic</strong></span> <span class='ocrx_word' id='word_1_163' title='bbox 1122 2302 1194 2364; x_wconf 90' lang='lat' dir='ltr'><strong>quod</strong></span> <span class='ocrx_word' id='word_1_164' title='bbox 1207 2301 1241 2350; x_wconf 89' lang='lat' dir='ltr'><strong>ad</strong></span> <span class='ocrx_word' id='word_1_165' title='bbox 1252 2303 1331 2353; x_wconf 88' lang='lat' dir='ltr'><strong>huius</strong></span> <span class='ocrx_word' id='word_1_166' title='bbox 1342 2303 1391 2354; x_wconf 84' lang='lat' dir='ltr'><strong>ioci</strong></span> 
     </span>
     <span class='ocr_line' id='line_1_20' title="bbox 301 2375 1392 2440; baseline 0.002 -14"><span class='ocrx_word' id='word_1_167' title='bbox 301 2389 353 2426; x_wconf 91' lang='lat' dir='ltr'><strong>nec</strong></span> <span class='ocrx_word' id='word_1_168' title='bbox 376 2376 487 2426; x_wconf 87' lang='lat' dir='ltr'><strong>meliora</strong></span> <span class='ocrx_word' id='word_1_169' title='bbox 504 2389 555 2424; x_wconf 91' lang='lat' dir='ltr'><strong>nec</strong></span> <span class='ocrx_word' id='word_1_170' title='bbox 575 2375 668 2439; x_wconf 86' lang='lat' dir='ltr'><strong>peiora</strong></span> <span class='ocrx_word' id='word_1_171' title='bbox 686 2375 760 2425; x_wconf 87' lang='lat' dir='ltr'><strong>reddi</strong></span> <span class='ocrx_word' id='word_1_172' title='bbox 778 2389 829 2440; x_wconf 90' lang='lat' dir='ltr'><strong>po-</strong></span> <span class='ocrx_word' id='word_1_173' title='bbox 866 2388 976 2426; x_wconf 87' lang='lat' dir='ltr'><strong>sensum</strong></span> <span class='ocrx_word' id='word_1_174' title='bbox 995 2376 1150 2425; x_wconf 85' lang='lat' dir='ltr'><strong>universum</strong></span> <span class='ocrx_word' id='word_1_175' title='bbox 1175 2376 1269 2426; x_wconf 83' lang='lat' dir='ltr'><strong>attinet</strong></span> <span class='ocrx_word' id='word_1_176' title='bbox 1287 2379 1392 2428; x_wconf 80' lang='lat' dir='ltr'><strong>aimm-</strong></span> 
     </span>
     <span class='ocr_line' id='line_1_21' title="bbox 302 2447 1389 2513; baseline 0.003 -14"><span class='ocrx_word' id='word_1_177' title='bbox 302 2451 397 2499; x_wconf 87' lang='lat' dir='ltr'><strong>terant.</strong></span> <span class='ocrx_word' id='word_1_178' title='bbox 427 2449 503 2498; x_wconf 90' lang='lat' dir='ltr'><strong>Idem</strong></span> <span class='ocrx_word' id='word_1_179' title='bbox 529 2449 602 2498; x_wconf 88' lang='lat' dir='ltr'><strong>dieas</strong></span> <span class='ocrx_word' id='word_1_180' title='bbox 624 2447 686 2497; x_wconf 87' lang='lat' dir='ltr'><strong>iicet</strong></span> <span class='ocrx_word' id='word_1_181' title='bbox 710 2448 744 2497; x_wconf 88' lang='lat' dir='ltr'><strong>de</strong></span> <span class='ocrx_word' id='word_1_182' title='bbox 761 2450 829 2498; x_wconf 84' lang='lat' dir='ltr'><strong>&#39;rur-</strong></span> <span class='ocrx_word' id='word_1_183' title='bbox 866 2447 1273 2513; x_wconf 77' lang='lat' dir='ltr'><strong>quapo&#39;etamsimutsigniiicat.</strong></span> <span class='ocrx_word' id='word_1_184' title='bbox 1292 2451 1389 2502; x_wconf 72' lang='lat' dir='ltr'><strong>cedd.</strong></span> 
     </span>
     <span class='ocr_line' id='line_1_22' title="bbox 301 2522 1389 2589; baseline 0.003 -16"><span class='ocrx_word' id='word_1_185' title='bbox 301 2523 365 2574; x_wconf 87' lang='lat' dir='ltr'><strong>nebi</strong></span> <span class='ocrx_word' id='word_1_186' title='bbox 376 2523 606 2586; x_wconf 84' lang='lat' dir='ltr'><strong>interpretatione:</strong></span> <span class='ocrx_word' id='word_1_187' title='bbox 623 2523 780 2572; x_wconf 71' lang='lat' dir='ltr'><strong>uitcserdcm</strong></span> <span class='ocrx_word' id='word_1_188' title='bbox 791 2523 829 2571; x_wconf 92' lang='lat' dir='ltr'><strong>in·</strong></span> <span class='ocrx_word' id='word_1_189' title='bbox 865 2524 899 2583; x_wconf 72' lang='grc'><strong>3,·</strong></span> <span class='ocrx_word' id='word_1_190' title='bbox 909 2523 954 2583; x_wconf 81' lang='lat' dir='ltr'><strong>ta,</strong></span> <span class='ocrx_word' id='word_1_191' title='bbox 967 2522 1000 2573; x_wconf 80' lang='lat' dir='ltr'><strong>at</strong></span> <span class='ocrx_word' id='word_1_192' title='bbox 1011 2536 1070 2588; x_wconf 89' lang='lat' dir='ltr'>sqq.</span> <span class='ocrx_word' id='word_1_193' title='bbox 1090 2523 1139 2573; x_wconf 89' lang='lat' dir='ltr'><strong>Od.</strong></span> <span class='ocrx_word' id='word_1_194' title='bbox 1152 2524 1180 2585; x_wconf 93' lang='grc'><strong>3,</strong></span> <span class='ocrx_word' id='word_1_195' title='bbox 1195 2524 1240 2586; x_wconf 82' lang='grc'><strong>30,</strong></span> <span class='ocrx_word' id='word_1_196' title='bbox 1256 2525 1287 2575; x_wconf 78' lang='grc'><strong>43</strong></span> <span class='ocrx_word' id='word_1_197' title='bbox 1299 2539 1340 2589; x_wconf 92' lang='lat' dir='ltr'><strong>sq.</strong></span> <span class='ocrx_word' id='word_1_198' title='bbox 1361 2553 1389 2564; x_wconf 87' lang='lat'>-</span> 
     </span>
     <span class='ocr_line' id='line_1_23' title="bbox 301 2595 1390 2661; baseline -0.002 -14"><span class='ocrx_word' id='word_1_199' title='bbox 301 2595 404 2660; x_wconf 87' lang='lat' dir='ltr'><strong>telligit,</strong></span> <span class='ocrx_word' id='word_1_200' title='bbox 432 2609 502 2659; x_wconf 91' lang='lat' dir='ltr'><strong>quae</strong></span> <span class='ocrx_word' id='word_1_201' title='bbox 526 2598 582 2646; x_wconf 86' lang='lat' dir='ltr'><strong>tam</strong></span> <span class='ocrx_word' id='word_1_202' title='bbox 605 2595 700 2645; x_wconf 89' lang='lat' dir='ltr'><strong>audaci</strong></span> <span class='ocrx_word' id='word_1_203' title='bbox 718 2599 745 2646; x_wconf 90' lang='lat' dir='ltr'><strong>et</strong></span> <span class='ocrx_word' id='word_1_204' title='bbox 761 2595 828 2646; x_wconf 86' lang='lat' dir='ltr'><strong>virili</strong></span> <span class='ocrx_word' id='word_1_205' title='bbox 864 2597 1098 2661; x_wconf 68' lang='lat' dir='ltr'><strong>tatinus-fidicen]</strong></span> <span class='ocrx_word' id='word_1_206' title='bbox 1130 2600 1229 2661; x_wconf 75' lang='lat' dir='ltr'><strong>«poeta</strong></span> <span class='ocrx_word' id='word_1_207' title='bbox 1257 2597 1390 2661; x_wconf 68' lang='lat' dir='ltr'><strong>tyneus,-</strong></span> 
     </span>
     <span class='ocr_line' id='line_1_24' title="bbox 300 2670 1392 2736; baseline 0 -14"><span class='ocrx_word' id='word_1_208' title='bbox 300 2673 389 2722; x_wconf 91' lang='lat' dir='ltr'><strong>animo</strong></span> <span class='ocrx_word' id='word_1_209' title='bbox 407 2670 499 2731; x_wconf 84' lang='lat' dir='ltr'><strong>tuerit,</strong></span> <span class='ocrx_word' id='word_1_210' title='bbox 521 2673 551 2720; x_wconf 92' lang='lat' dir='ltr'><strong>ut</strong></span> <span class='ocrx_word' id='word_1_211' title='bbox 567 2670 601 2720; x_wconf 92' lang='lat' dir='ltr'><strong>de</strong></span> <span class='ocrx_word' id='word_1_212' title='bbox 614 2670 737 2720; x_wconf 89' lang='lat' dir='ltr'><strong>Leucade</strong></span> <span class='ocrx_word' id='word_1_213' title='bbox 751 2672 828 2734; x_wconf 89' lang='lat' dir='ltr'><strong>petra</strong></span> <span class='ocrx_word' id='word_1_214' title='bbox 865 2675 895 2722; x_wconf 94' lang='lat' dir='ltr'><strong>ut</strong></span> <span class='ocrx_word' id='word_1_215' title='bbox 911 2671 959 2722; x_wconf 83' lang='lat' dir='ltr'><strong>od</strong></span> <span class='ocrx_word' id='word_1_216' title='bbox 973 2671 998 2732; x_wconf 86' lang='lat' dir='ltr'><strong>t,</strong></span> <span class='ocrx_word' id='word_1_217' title='bbox 1013 2671 1037 2732; x_wconf 84' lang='lat'><strong>3,</strong></span> <span class='ocrx_word' id='word_1_218' title='bbox 1050 2672 1095 2721; x_wconf 69' lang='lat'><strong>23:</strong></span> <span class='ocrx_word' id='word_1_219' title='bbox 1114 2671 1340 2736; x_wconf 67' lang='lat' dir='ltr'><strong>immensitatem</strong></span> <span class='ocrx_word' id='word_1_220' title='bbox 1350 2674 1392 2735; x_wconf 72' lang='lat' dir='ltr'><strong>tp-</strong></span> 
     </span>
     <span class='ocr_line' id='line_1_25' title="bbox 298 2744 1391 2810; baseline 0.002 -15"><span class='ocrx_word' id='word_1_221' title='bbox 298 2746 473 2810; x_wconf 86' lang='lat' dir='ltr'><strong>praecipitam</strong></span> <span class='ocrx_word' id='word_1_222' title='bbox 491 2744 555 2794; x_wconf 87' lang='lat' dir='ltr'><strong>dare</strong></span> <span class='ocrx_word' id='word_1_223' title='bbox 574 2757 603 2794; x_wconf 89' lang='lat' dir='ltr'><strong>se</strong></span> <span class='ocrx_word' id='word_1_224' title='bbox 616 2758 679 2795; x_wconf 88' lang='lat' dir='ltr'><strong>ausa</strong></span> <span class='ocrx_word' id='word_1_225' title='bbox 692 2747 733 2796; x_wconf 88' lang='lat' dir='ltr'><strong>sit.</strong></span> <span class='ocrx_word' id='word_1_226' title='bbox 760 2746 825 2796; x_wconf 86' lang='lat' dir='ltr'><strong>Stat.</strong></span> <span class='ocrx_word' id='word_1_227' title='bbox 863 2759 918 2796; x_wconf 81' lang='lat' dir='ltr'><strong>rae.</strong></span> <span class='ocrx_word' id='word_1_228' title='bbox 945 2745 1048 2796; x_wconf 82' lang='lat' dir='ltr'><strong>Falsum</strong></span> <span class='ocrx_word' id='word_1_229' title='bbox 1065 2745 1126 2796; x_wconf 89' lang='lat' dir='ltr'><strong>lect.</strong></span> <span class='ocrx_word' id='word_1_230' title='bbox 1145 2747 1242 2796; x_wconf 67' lang='lat' dir='ltr'><strong>hminis</strong></span> <span class='ocrx_word' id='word_1_231' title='bbox 1261 2744 1324 2796; x_wconf 90' lang='lat' dir='ltr'><strong>oiim</strong></span> <span class='ocrx_word' id='word_1_232' title='bbox 1341 2760 1391 2797; x_wconf 82' lang='lat' dir='ltr'><strong>ex-</strong></span> 
     </span>
     <span class='ocr_line' id='line_1_26' title="bbox 299 2817 1391 2883; baseline 0.002 -13"><span class='ocrx_word' id='word_1_233' title='bbox 299 2818 361 2870; x_wconf 88' lang='lat' dir='ltr'><strong>Silv.</strong></span> <span class='ocrx_word' id='word_1_234' title='bbox 375 2821 399 2879; x_wconf 82' lang='lat'><strong>5,</strong></span> <span class='ocrx_word' id='word_1_235' title='bbox 412 2819 437 2879; x_wconf 84' lang='grc'><strong>3,</strong></span> <span class='ocrx_word' id='word_1_236' title='bbox 452 2818 512 2869; x_wconf 86' lang='lat' dir='ltr'><strong>itii:</strong></span> <span class='ocrx_word' id='word_1_237' title='bbox 532 2820 657 2880; x_wconf 70' lang='lat' dir='ltr'><strong>mttusqas</strong></span> <span class='ocrx_word' id='word_1_238' title='bbox 668 2821 828 2882; x_wconf 58' lang='lat' dir='ltr'><strong>inpresent-</strong></span> <span class='ocrx_word' id='word_1_239' title='bbox 865 2817 998 2883; x_wconf 85' lang='lat' dir='ltr'><strong>plicabaut</strong></span> <span class='ocrx_word' id='word_1_240' title='bbox 1019 2817 1080 2870; x_wconf 79' lang='lat' dir='ltr'><strong>vel:</strong></span> <span class='ocrx_word' id='word_1_241' title='bbox 1112 2820 1229 2870; x_wconf 65' lang='lat' dir='ltr'><strong>«Latiam</strong></span> <span class='ocrx_word' id='word_1_242' title='bbox 1255 2821 1336 2870; x_wconf 79' lang='lat' dir='ltr'><strong>modis</strong></span> <span class='ocrx_word' id='word_1_243' title='bbox 1360 2834 1391 2872; x_wconf 77' lang='lat' dir='ltr'><strong>aa</strong></span> 
     </span>
     <span class='ocr_line' id='line_1_27' title="bbox 298 2891 1390 2957; baseline 0 -13"><span class='ocrx_word' id='word_1_244' title='bbox 298 2894 573 2957; x_wconf 72' lang='lat' dir='ltr'><strong>titasNooformtdatc</strong></span> <span class='ocrx_word' id='word_1_245' title='bbox 585 2894 828 2945; x_wconf 76' lang='lat' dir='ltr'><strong>temer-artatas-</strong></span> <span class='ocrx_word' id='word_1_246' title='bbox 863 2893 979 2954; x_wconf 46' lang='lat' dir='ltr'><strong>verbm»</strong></span> <span class='ocrx_word' id='word_1_247' title='bbox 997 2891 1055 2942; x_wconf 85' lang='lat' dir='ltr'><strong>vel:</strong></span> <span class='ocrx_word' id='word_1_248' title='bbox 1076 2893 1229 2954; x_wconf 72' lang='lat' dir='ltr'><strong>«Romanis,</strong></span> <span class='ocrx_word' id='word_1_249' title='bbox 1248 2895 1275 2944; x_wconf 92' lang='lat' dir='ltr'><strong>in</strong></span> <span class='ocrx_word' id='word_1_250' title='bbox 1292 2896 1390 2945; x_wconf 79' lang='lat' dir='ltr'><strong>itoma-</strong></span> 
     </span>
     <span class='ocr_line' id='line_1_28' title="bbox 299 2965 1390 3032; baseline 0 -14"><span class='ocrx_word' id='word_1_251' title='bbox 299 2969 361 3019; x_wconf 79' lang='lat' dir='ltr'><strong>cade</strong></span> <span class='ocrx_word' id='word_1_252' title='bbox 383 2969 511 3032; x_wconf 71' lang='lat' dir='ltr'><strong>Sappinn</strong></span> <span class='ocrx_word' id='word_1_253' title='bbox 532 2995 559 3006; x_wconf 88' lang='lat'>-</span> <span class='ocrx_word' id='word_1_254' title='bbox 578 2968 695 3029; x_wconf 72' lang='lat' dir='ltr'><strong>thaeus]</strong></span> <span class='ocrx_word' id='word_1_255' title='bbox 719 2967 757 3018; x_wconf 87' lang='lat' dir='ltr'><strong>Ci.</strong></span> <span class='ocrx_word' id='word_1_256' title='bbox 776 2967 824 3018; x_wconf 90' lang='lat' dir='ltr'><strong>Od.</strong></span> <span class='ocrx_word' id='word_1_257' title='bbox 864 2980 940 3017; x_wconf 70' lang='lat' dir='ltr'><strong>nos.»</strong></span> <span class='ocrx_word' id='word_1_258' title='bbox 961 2991 989 3003; x_wconf 94' lang='lat'><em>-</em></span> <span class='ocrx_word' id='word_1_259' title='bbox 1010 2965 1121 3030; x_wconf 69' lang='lat' dir='ltr'><strong>Vetanus]</strong></span> <span class='ocrx_word' id='word_1_260' title='bbox 1146 2967 1284 3031; x_wconf 80' lang='lat' dir='ltr'><strong>«Sapphus</strong></span> <span class='ocrx_word' id='word_1_261' title='bbox 1301 2971 1329 3018; x_wconf 90' lang='lat' dir='ltr'><strong>et</strong></span> <span class='ocrx_word' id='word_1_262' title='bbox 1344 2967 1390 3018; x_wconf 77' lang='lat' dir='ltr'><strong>nl-</strong></span> 
     </span>
     <span class='ocr_line' id='line_1_29' title="bbox 300 3041 1390 3106; baseline 0.003 -16"><span class='ocrx_word' id='word_1_263' title='bbox 300 3043 328 3102; x_wconf 89' lang='lat' dir='ltr'><strong>i,</strong></span> <span class='ocrx_word' id='word_1_264' title='bbox 346 3041 393 3102; x_wconf 76' lang='lat'><strong>32,</strong></span> <span class='ocrx_word' id='word_1_265' title='bbox 411 3041 427 3091; x_wconf 85' lang='lat' dir='ltr'><strong>s</strong></span> <span class='ocrx_word' id='word_1_266' title='bbox 445 3055 505 3104; x_wconf 85' lang='lat' dir='ltr'>sqq.</span> <span class='ocrx_word' id='word_1_267' title='bbox 864 3042 921 3092; x_wconf 86' lang='lat' dir='ltr'><strong>enei</strong></span> <span class='ocrx_word' id='word_1_268' title='bbox 938 3053 1023 3105; x_wconf 76' lang='lat' dir='ltr'><strong>genus</strong></span> <span class='ocrx_word' id='word_1_269' title='bbox 1040 3041 1165 3092; x_wconf 90' lang='lat' dir='ltr'><strong>omnibus</strong></span> <span class='ocrx_word' id='word_1_270' title='bbox 1186 3042 1238 3090; x_wconf 90' lang='lat' dir='ltr'><strong>iam</strong></span> <span class='ocrx_word' id='word_1_271' title='bbox 1255 3043 1324 3092; x_wconf 83' lang='lat' dir='ltr'><strong>mais</strong></span> <span class='ocrx_word' id='word_1_272' title='bbox 1339 3055 1390 3106; x_wconf 87' lang='lat' dir='ltr'><strong>po-</strong></span> 
     </span>
     <span class='ocr_line' id='line_1_30' title="bbox 332 3114 1390 3179; baseline 0 -13"><span class='ocrx_word' id='word_1_273' title='bbox 332 3116 373 3166; x_wconf 86' lang='lat'><strong>30.</strong></span> <span class='ocrx_word' id='word_1_274' title='bbox 386 3115 427 3164; x_wconf 76' lang='lat'><strong>3⁴.</strong></span> <span class='ocrx_word' id='word_1_275' title='bbox 450 3117 501 3165; x_wconf 86' lang='lat' dir='ltr'><strong>Nec</strong></span> <span class='ocrx_word' id='word_1_276' title='bbox 517 3129 630 3166; x_wconf 73' lang='lat' dir='ltr'><strong>socerum</strong></span> <span class='ocrx_word' id='word_1_277' title='bbox 648 3115 710 3179; x_wconf 82' lang='lat' dir='ltr'><strong>cet]</strong></span> <span class='ocrx_word' id='word_1_278' title='bbox 730 3116 826 3166; x_wconf 84' lang='lat' dir='ltr'><strong>Exem-</strong></span> <span class='ocrx_word' id='word_1_279' title='bbox 863 3114 1001 3179; x_wconf 77' lang='lat' dir='ltr'><strong>putoribus</strong></span> <span class='ocrx_word' id='word_1_280' title='bbox 1025 3116 1118 3164; x_wconf 92' lang='lat' dir='ltr'><strong>notum</strong></span> <span class='ocrx_word' id='word_1_281' title='bbox 1142 3114 1274 3165; x_wconf 77' lang='lat' dir='ltr'><strong>reddidi.»</strong></span> <span class='ocrx_word' id='word_1_282' title='bbox 1294 3140 1322 3152; x_wconf 96' lang='lat'>-</span> <span class='ocrx_word' id='word_1_283' title='bbox 1339 3117 1390 3166; x_wconf 71' lang='grc' dir='ltr'><strong>ἰηι-</strong></span> 
     </span>
     <span class='ocr_line' id='line_1_31' title="bbox 297 3187 1389 3254; baseline 0.002 -15"><span class='ocrx_word' id='word_1_284' title='bbox 297 3188 343 3254; x_wconf 89' lang='lat' dir='ltr'><strong>pio</strong></span> <span class='ocrx_word' id='word_1_285' title='bbox 360 3190 501 3240; x_wconf 78' lang='lat' dir='ltr'><strong>manifesto</strong></span> <span class='ocrx_word' id='word_1_286' title='bbox 518 3193 599 3254; x_wconf 89' lang='lat' dir='ltr'><strong>atque</strong></span> <span class='ocrx_word' id='word_1_287' title='bbox 617 3189 726 3240; x_wconf 91' lang='lat' dir='ltr'><strong>indubio</strong></span> <span class='ocrx_word' id='word_1_288' title='bbox 742 3191 780 3253; x_wconf 82' lang='lat' dir='ltr'><strong>[ut</strong></span> <span class='ocrx_word' id='word_1_289' title='bbox 791 3191 826 3239; x_wconf 89' lang='lat' dir='ltr'><strong>ait</strong></span> <span class='ocrx_word' id='word_1_290' title='bbox 862 3188 1011 3252; x_wconf 72' lang='lat' dir='ltr'><strong>morata]</strong></span> <span class='ocrx_word' id='word_1_291' title='bbox 1030 3201 1062 3236; x_wconf 76' lang='lat' dir='ltr'><strong>«a</strong></span> <span class='ocrx_word' id='word_1_292' title='bbox 1079 3187 1151 3238; x_wconf 89' lang='lat' dir='ltr'><strong>nulio</strong></span> <span class='ocrx_word' id='word_1_293' title='bbox 1169 3201 1202 3239; x_wconf 84' lang='lat' dir='ltr'><strong>ex</strong></span> <span class='ocrx_word' id='word_1_294' title='bbox 1214 3189 1311 3240; x_wconf 81' lang='lat' dir='ltr'><strong>Latinis</strong></span> <span class='ocrx_word' id='word_1_295' title='bbox 1327 3193 1389 3242; x_wconf 85' lang='lat' dir='ltr'><strong>ante</strong></span> 
     </span>
     <span class='ocr_line' id='line_1_32' title="bbox 300 3262 1390 3328; baseline 0.003 -15"><span class='ocrx_word' id='word_1_296' title='bbox 300 3263 481 3326; x_wconf 72' lang='lat' dir='ltr'><strong>Quintilianus&gt;</strong></span> <span class='ocrx_word' id='word_1_297' title='bbox 494 3265 670 3326; x_wconf 85' lang='lat' dir='ltr'><strong>demonstrat,</strong></span> <span class='ocrx_word' id='word_1_298' title='bbox 689 3263 825 3328; x_wconf 62' lang='lat' dir='ltr'><strong>momodo</strong></span> <span class='ocrx_word' id='word_1_299' title='bbox 863 3262 1013 3312; x_wconf 77' lang='lat' dir='ltr'><strong>mediata·</strong></span> <span class='ocrx_word' id='word_1_300' title='bbox 1024 3265 1116 3313; x_wconf 79' lang='lat' dir='ltr'><strong>Poura.</strong></span> <span class='ocrx_word' id='word_1_301' title='bbox 1129 3285 1156 3298; x_wconf 91' lang='lat'><em>-</em></span> <span class='ocrx_word' id='word_1_302' title='bbox 1166 3264 1294 3325; x_wconf 66' lang='lat' dir='ltr'><strong>smmum]</strong></span> <span class='ocrx_word' id='word_1_303' title='bbox 1304 3266 1390 3316; x_wconf 75' lang='lat' dir='ltr'><strong>«iam-</strong></span> 
     </span>
     <span class='ocr_line' id='line_1_33' title="bbox 299 3335 1389 3401; baseline 0.002 -14"><span class='ocrx_word' id='word_1_304' title='bbox 299 3337 405 3401; x_wconf 86' lang='lat' dir='ltr'><strong>Sappho</strong></span> <span class='ocrx_word' id='word_1_305' title='bbox 429 3340 456 3386; x_wconf 90' lang='lat' dir='ltr'><strong>et</strong></span> <span class='ocrx_word' id='word_1_306' title='bbox 476 3337 588 3388; x_wconf 78' lang='lat' dir='ltr'><strong>Alcaeus</strong></span> <span class='ocrx_word' id='word_1_307' title='bbox 611 3335 661 3386; x_wconf 88' lang='lat' dir='ltr'><strong>alia</strong></span> <span class='ocrx_word' id='word_1_308' title='bbox 678 3339 757 3400; x_wconf 90' lang='lat' dir='ltr'><strong>atque</strong></span> <span class='ocrx_word' id='word_1_309' title='bbox 775 3340 826 3387; x_wconf 81' lang='lat' dir='ltr'><strong>Ar·</strong></span> <span class='ocrx_word' id='word_1_310' title='bbox 863 3349 944 3401; x_wconf 91' lang='lat' dir='ltr'><strong>quam</strong></span> <span class='ocrx_word' id='word_1_311' title='bbox 961 3339 1065 3400; x_wconf 78' lang='lat' dir='ltr'><strong>gratum</strong></span> <span class='ocrx_word' id='word_1_312' title='bbox 1083 3336 1184 3386; x_wconf 88' lang='lat' dir='ltr'><strong>donum</strong></span> <span class='ocrx_word' id='word_1_313' title='bbox 1200 3350 1217 3387; x_wconf 88' lang='lat' dir='ltr'><strong>a</strong></span> <span class='ocrx_word' id='word_1_314' title='bbox 1233 3349 1278 3388; x_wconf 86' lang='lat' dir='ltr'><strong>me</strong></span> <span class='ocrx_word' id='word_1_315' title='bbox 1292 3338 1389 3390; x_wconf 81' lang='lat' dir='ltr'><strong>Latinis</strong></span> 
     </span>
     <span class='ocr_line' id='line_1_34' title="bbox 299 3409 1388 3475; baseline 0.006 -17"><span class='ocrx_word' id='word_1_316' title='bbox 299 3409 435 3460; x_wconf 89' lang='lat' dir='ltr'><strong>chiiochus</strong></span> <span class='ocrx_word' id='word_1_317' title='bbox 452 3413 609 3474; x_wconf 61' lang='lat' dir='ltr'><strong>armamenta</strong></span> <span class='ocrx_word' id='word_1_318' title='bbox 627 3412 773 3460; x_wconf 74' lang='lat' dir='ltr'><strong>hectarint.</strong></span> <span class='ocrx_word' id='word_1_319' title='bbox 796 3437 822 3448; x_wconf 89' lang='lat'><em>-</em></span> <span class='ocrx_word' id='word_1_320' title='bbox 863 3410 1011 3462; x_wconf 74' lang='lat' dir='ltr'><strong>oblatum.»</strong></span> <span class='ocrx_word' id='word_1_321' title='bbox 1031 3437 1059 3447; x_wconf 90' lang='lat'><em>-</em></span> <span class='ocrx_word' id='word_1_322' title='bbox 1085 3411 1209 3475; x_wconf 68' lang='lat' dir='ltr'><strong>inpensa]</strong></span> <span class='ocrx_word' id='word_1_323' title='bbox 1236 3413 1388 3475; x_wconf 61' lang='lat' dir='ltr'><strong>egenarum</strong></span> 
     </span>
     <span class='ocr_line' id='line_1_35' title="bbox 298 3483 1388 3549; baseline 0.005 -17"><span class='ocrx_word' id='word_1_324' title='bbox 298 3485 406 3548; x_wconf 72' lang='lat' dir='ltr'><strong>qaaerit]</strong></span> <span class='ocrx_word' id='word_1_325' title='bbox 417 3487 507 3534; x_wconf 85' lang='lat' dir='ltr'><strong>«certo</strong></span> <span class='ocrx_word' id='word_1_326' title='bbox 514 3483 624 3534; x_wconf 88' lang='lat' dir='ltr'><strong>consitio</strong></span> <span class='ocrx_word' id='word_1_327' title='bbox 634 3484 732 3548; x_wconf 84' lang='lat' dir='ltr'><strong>deligit,</strong></span> <span class='ocrx_word' id='word_1_328' title='bbox 744 3498 824 3549; x_wconf 87' lang='lat' dir='ltr'><strong>quem</strong></span> <span class='ocrx_word' id='word_1_329' title='bbox 863 3490 891 3536; x_wconf 88' lang='lat' dir='ltr'><strong>st</strong></span> <span class='ocrx_word' id='word_1_330' title='bbox 907 3484 1026 3536; x_wconf 85' lang='lat' dir='ltr'><strong>candidis</strong></span> <span class='ocrx_word' id='word_1_331' title='bbox 1043 3483 1202 3546; x_wconf 79' lang='lat' dir='ltr'><strong>lectoribus,</strong></span> <span class='ocrx_word' id='word_1_332' title='bbox 1212 3505 1225 3530; x_wconf 75' lang='grc' dir='ltr'>ι</span> <span class='ocrx_word' id='word_1_333' title='bbox 1243 3484 1336 3548; x_wconf 84' lang='lat' dir='ltr'><strong>quales</strong></span> <span class='ocrx_word' id='word_1_334' title='bbox 1352 3484 1388 3536; x_wconf 89' lang='lat' dir='ltr'><strong>iiii</strong></span> 
     </span>
     <span class='ocr_line' id='line_1_36' title="bbox 298 3555 1386 3623; baseline 0.006 -18"><span class='ocrx_word' id='word_1_335' title='bbox 298 3555 381 3608; x_wconf 84' lang='lat' dir='ltr'><strong>veluti</strong></span> <span class='ocrx_word' id='word_1_336' title='bbox 400 3558 455 3608; x_wconf 91' lang='lat' dir='ltr'><strong>luto</strong></span> <span class='ocrx_word' id='word_1_337' title='bbox 478 3559 620 3622; x_wconf 89' lang='lat' dir='ltr'><strong>inquinans</strong></span> <span class='ocrx_word' id='word_1_338' title='bbox 638 3559 747 3610; x_wconf 83' lang='lat' dir='ltr'><strong>intumet</strong></span> <span class='ocrx_word' id='word_1_339' title='bbox 763 3573 826 3610; x_wconf 79' lang='lat' dir='ltr'><strong>ves-</strong></span> <span class='ocrx_word' id='word_1_340' title='bbox 863 3563 952 3622; x_wconf 87' lang='lat' dir='ltr'><strong>erant,</strong></span> <span class='ocrx_word' id='word_1_341' title='bbox 977 3573 1046 3623; x_wconf 89' lang='lat' dir='ltr'><strong>quos</strong></span> <span class='ocrx_word' id='word_1_342' title='bbox 1066 3562 1206 3610; x_wconf 85' lang='lat' dir='ltr'><strong>enumerat</strong></span> <span class='ocrx_word' id='word_1_343' title='bbox 1227 3560 1281 3610; x_wconf 88' lang='lat' dir='ltr'><strong>Set.</strong></span> <span class='ocrx_word' id='word_1_344' title='bbox 1300 3563 1327 3622; x_wconf 83' lang='lat' dir='ltr'><strong>t,</strong></span> <span class='ocrx_word' id='word_1_345' title='bbox 1345 3561 1386 3622; x_wconf 85' lang='lat' dir='ltr'><strong>to,</strong></span> 
     </span>
     <span class='ocr_line' id='line_1_37' title="bbox 299 3631 1387 3699; baseline 0.002 -17"><span class='ocrx_word' id='word_1_346' title='bbox 299 3631 374 3683; x_wconf 84' lang='lat' dir='ltr'><strong>sibus</strong></span> <span class='ocrx_word' id='word_1_347' title='bbox 386 3634 535 3698; x_wconf 88' lang='lat' dir='ltr'><strong>perniciem</strong></span> <span class='ocrx_word' id='word_1_348' title='bbox 547 3634 572 3683; x_wconf 88' lang='lat' dir='ltr'><strong>ei</strong></span> <span class='ocrx_word' id='word_1_349' title='bbox 583 3633 782 3684; x_wconf 70' lang='lat' dir='ltr'><strong>afferentibus.»</strong></span> <span class='ocrx_word' id='word_1_350' title='bbox 796 3660 824 3670; x_wconf 91' lang='lat'>-</span> <span class='ocrx_word' id='word_1_351' title='bbox 862 3635 950 3686; x_wconf 74' lang='lat' dir='ltr'><strong>st-an</strong></span> <span class='ocrx_word' id='word_1_352' title='bbox 981 3635 1103 3698; x_wconf 71' lang='lat' dir='ltr'><strong>laqueat,</strong></span> <span class='ocrx_word' id='word_1_353' title='bbox 1128 3635 1178 3685; x_wconf 90' lang='lat' dir='ltr'><strong>nisi</strong></span> <span class='ocrx_word' id='word_1_354' title='bbox 1195 3633 1282 3694; x_wconf 87' lang='lat' dir='ltr'><strong>iaiior,</strong></span> <span class='ocrx_word' id='word_1_355' title='bbox 1300 3647 1387 3699; x_wconf 90' lang='lat' dir='ltr'><strong>oppo-</strong></span> 
     </span>
     <span class='ocr_line' id='line_1_38' title="bbox 298 3707 1387 3772; baseline 0.002 -16"><span class='ocrx_word' id='word_1_356' title='bbox 298 3707 371 3769; x_wconf 75' lang='lat' dir='ltr'><strong>stn‘s]</strong></span> <span class='ocrx_word' id='word_1_357' title='bbox 389 3709 546 3758; x_wconf 73' lang='lat' dir='ltr'><strong>«venenosis</strong></span> <span class='ocrx_word' id='word_1_358' title='bbox 563 3720 595 3757; x_wconf 89' lang='lat' dir='ltr'><strong>ac</strong></span> <span class='ocrx_word' id='word_1_359' title='bbox 606 3707 783 3767; x_wconf 84' lang='lat' dir='ltr'><strong>mortiteris,·</strong></span> <span class='ocrx_word' id='word_1_360' title='bbox 796 3707 826 3756; x_wconf 90' lang='lat' dir='ltr'><strong>nt</strong></span> <span class='ocrx_word' id='word_1_361' title='bbox 863 3711 962 3758; x_wconf 88' lang='lat' dir='ltr'><strong>uantur</strong></span> <span class='ocrx_word' id='word_1_362' title='bbox 979 3709 1059 3758; x_wconf 79' lang='lat' dir='ltr'><strong>eham</strong></span> <span class='ocrx_word' id='word_1_363' title='bbox 1071 3708 1205 3767; x_wconf 77' lang='lat' dir='ltr'><strong>libertinis,</strong></span> <span class='ocrx_word' id='word_1_364' title='bbox 1223 3720 1276 3771; x_wconf 92' lang='lat' dir='ltr'><strong>quo</strong></span> <span class='ocrx_word' id='word_1_365' title='bbox 1294 3721 1326 3758; x_wconf 83' lang='lat' dir='ltr'><strong>ex</strong></span> <span class='ocrx_word' id='word_1_366' title='bbox 1337 3719 1387 3772; x_wconf 76' lang='lat' dir='ltr'><strong>ga-</strong></span> 
     </span>
     <span class='ocr_line' id='line_1_39' title="bbox 299 3781 1385 3847; baseline 0.003 -18"><span class='ocrx_word' id='word_1_367' title='bbox 299 3785 372 3829; x_wconf 82' lang='lat' dir='ltr'><strong>atrae</strong></span> <span class='ocrx_word' id='word_1_368' title='bbox 387 3782 489 3843; x_wconf 72' lang='grc' dir='ltr'><strong>υῑρσναο</strong></span> <span class='ocrx_word' id='word_1_369' title='bbox 505 3781 553 3832; x_wconf 87' lang='lat' dir='ltr'><strong>od.</strong></span> <span class='ocrx_word' id='word_1_370' title='bbox 571 3782 602 3841; x_wconf 86' lang='grc'><strong>3,</strong></span> <span class='ocrx_word' id='word_1_371' title='bbox 619 3781 643 3842; x_wconf 85' lang='lat' dir='ltr'><strong>t,</strong></span> <span class='ocrx_word' id='word_1_372' title='bbox 664 3783 704 3830; x_wconf 77' lang='lat' dir='ltr'><strong>tr.</strong></span> <span class='ocrx_word' id='word_1_373' title='bbox 734 3783 825 3845; x_wconf 87' lang='lat' dir='ltr'><strong>ipsum</strong></span> <span class='ocrx_word' id='word_1_374' title='bbox 863 3796 927 3832; x_wconf 86' lang='lat' dir='ltr'><strong>nere</strong></span> <span class='ocrx_word' id='word_1_375' title='bbox 955 3781 1077 3847; x_wconf 85' lang='lat' dir='ltr'><strong>plerique</strong></span> <span class='ocrx_word' id='word_1_376' title='bbox 1104 3784 1181 3832; x_wconf 85' lang='lat' dir='ltr'><strong>erant</strong></span> <span class='ocrx_word' id='word_1_377' title='bbox 1207 3782 1385 3844; x_wconf 75' lang='lat' dir='ltr'><strong>grammatici,</strong></span> 
     </span>
     <span class='ocr_line' id='line_1_40' title="bbox 298 3855 1387 3915; baseline 0.005 -15"><span class='ocrx_word' id='word_1_378' title='bbox 298 3867 435 3906; x_wconf 88' lang='lat' dir='ltr'><strong>venenum</strong></span> <span class='ocrx_word' id='word_1_379' title='bbox 452 3855 548 3905; x_wconf 89' lang='lat' dir='ltr'><strong>dicitur</strong></span> <span class='ocrx_word' id='word_1_380' title='bbox 564 3861 649 3905; x_wconf 76' lang='lat' dir='ltr'><strong>utinm</strong></span> <span class='ocrx_word' id='word_1_381' title='bbox 665 3855 713 3905; x_wconf 85' lang='lat' dir='ltr'><strong>cd.</strong></span> <span class='ocrx_word' id='word_1_382' title='bbox 733 3857 762 3914; x_wconf 88' lang='lat' dir='ltr'><strong>t,</strong></span> <span class='ocrx_word' id='word_1_383' title='bbox 782 3855 823 3915; x_wconf 83' lang='grc'><strong>37,</strong></span> <span class='ocrx_word' id='word_1_384' title='bbox 862 3857 962 3907; x_wconf 85' lang='lat' dir='ltr'><strong>lioratii</strong></span> <span class='ocrx_word' id='word_1_385' title='bbox 970 3855 1173 3908; x_wconf 86' lang='lat' dir='ltr'><strong>obtrectatores.</strong></span> <span class='ocrx_word' id='word_1_386' title='bbox 1187 3857 1313 3907; x_wconf 87' lang='lat' dir='ltr'><strong>Ceterum</strong></span> <span class='ocrx_word' id='word_1_387' title='bbox 1322 3857 1387 3906; x_wconf 78' lang='lat' dir='ltr'><strong>Poa-</strong></span> 
     </span>
     <span class='ocr_line' id='line_1_41' title="bbox 299 3926 1387 3996; baseline 0.005 -21"><span class='ocrx_word' id='word_1_388' title='bbox 299 3926 339 3975; x_wconf 76' lang='lat' dir='ltr'><strong>et.</strong></span> <span class='ocrx_word' id='word_1_389' title='bbox 367 3927 405 3978; x_wconf 87' lang='lat' dir='ltr'><strong>Ci.</strong></span> <span class='ocrx_word' id='word_1_390' title='bbox 425 3929 508 3992; x_wconf 88' lang='lat' dir='ltr'><strong>Epod.</strong></span> <span class='ocrx_word' id='word_1_391' title='bbox 527 3929 551 3988; x_wconf 89' lang='grc'><strong>6,</strong></span> <span class='ocrx_word' id='word_1_392' title='bbox 571 3929 616 3977; x_wconf 84' lang='lat' dir='ltr'><strong>ts:</strong></span> <span class='ocrx_word' id='word_1_393' title='bbox 641 3929 663 3977; x_wconf 79' lang='lat' dir='ltr'><strong>st</strong></span> <span class='ocrx_word' id='word_1_394' title='bbox 688 3929 743 3990; x_wconf 80' lang='lat' dir='ltr'><strong>qais</strong></span> <span class='ocrx_word' id='word_1_395' title='bbox 768 3933 825 3978; x_wconf 81' lang='lat' dir='ltr'><strong>atro</strong></span> <span class='ocrx_word' id='word_1_396' title='bbox 862 3931 990 3996; x_wconf 84' lang='lat' dir='ltr'><strong>phyrion:</strong></span> <span class='ocrx_word' id='word_1_397' title='bbox 1009 3933 1081 3982; x_wconf 85' lang='lat' dir='ltr'><strong>«iioc</strong></span> <span class='ocrx_word' id='word_1_398' title='bbox 1095 3929 1137 3982; x_wconf 81' lang='lat' dir='ltr'><strong>vei</strong></span> <span class='ocrx_word' id='word_1_399' title='bbox 1154 3932 1189 3982; x_wconf 87' lang='lat' dir='ltr'><strong>ad</strong></span> <span class='ocrx_word' id='word_1_400' title='bbox 1200 3929 1387 3981; x_wconf 76' lang='lat' dir='ltr'><strong>Archilochum</strong></span> 
     </span>
     <span class='ocr_line' id='line_1_42' title="bbox 299 4001 1388 4066; baseline 0.006 -18"><span class='ocrx_word' id='word_1_401' title='bbox 299 4001 369 4050; x_wconf 70' lang='lat' dir='ltr'><strong>dente</strong></span> <span class='ocrx_word' id='word_1_402' title='bbox 384 4014 423 4052; x_wconf 85' lang='lat' dir='ltr'><strong>me</strong></span> <span class='ocrx_word' id='word_1_403' title='bbox 435 4001 560 4063; x_wconf 71' lang='lat' dir='ltr'><strong>petiverit</strong></span> <span class='ocrx_word' id='word_1_404' title='bbox 577 4029 604 4037; x_wconf 96' lang='lat'>-</span> <span class='ocrx_word' id='word_1_405' title='bbox 623 4002 736 4066; x_wconf 70' lang='lat' dir='ltr'><strong>quaes]</strong></span> <span class='ocrx_word' id='word_1_406' title='bbox 753 4003 825 4052; x_wconf 85' lang='lat' dir='ltr'><strong>Neo-</strong></span> <span class='ocrx_word' id='word_1_407' title='bbox 861 4005 976 4056; x_wconf 85' lang='lat' dir='ltr'><strong>retertur</strong></span> <span class='ocrx_word' id='word_1_408' title='bbox 996 4005 1078 4056; x_wconf 89' lang='lat' dir='ltr'><strong>muita</strong></span> <span class='ocrx_word' id='word_1_409' title='bbox 1100 4005 1235 4056; x_wconf 85' lang='lat' dir='ltr'><strong>obscoena</strong></span> <span class='ocrx_word' id='word_1_410' title='bbox 1252 4005 1388 4055; x_wconf 82' lang='lat' dir='ltr'><strong>dicentem</strong></span> 
     </span>
     <span class='ocr_line' id='line_1_43' title="bbox 299 4072 1387 4143; baseline 0.004 -21"><span class='ocrx_word' id='word_1_411' title='bbox 299 4072 388 4124; x_wconf 85' lang='lat' dir='ltr'><strong>bulas.</strong></span> <span class='ocrx_word' id='word_1_412' title='bbox 416 4103 431 4112; x_wconf 87' lang='lat'>-</span> <span class='ocrx_word' id='word_1_413' title='bbox 449 4077 546 4140; x_wconf 69' lang='lat' dir='ltr'><strong>[muoso</strong></span> <span class='ocrx_word' id='word_1_414' title='bbox 565 4077 686 4142; x_wconf 64' lang='lat' dir='ltr'><strong>cannae]</strong></span> <span class='ocrx_word' id='word_1_415' title='bbox 705 4077 823 4128; x_wconf 85' lang='lat' dir='ltr'><strong>«tamam</strong></span> <span class='ocrx_word' id='word_1_416' title='bbox 861 4076 904 4130; x_wconf 85' lang='lat' dir='ltr'><strong>vei</strong></span> <span class='ocrx_word' id='word_1_417' title='bbox 921 4077 956 4128; x_wconf 88' lang='lat' dir='ltr'><strong>ad</strong></span> <span class='ocrx_word' id='word_1_418' title='bbox 973 4079 1114 4140; x_wconf 85' lang='lat' dir='ltr'><strong>Lucilium,</strong></span> <span class='ocrx_word' id='word_1_419' title='bbox 1139 4080 1185 4141; x_wconf 89' lang='lat' dir='ltr'><strong>qui</strong></span> <span class='ocrx_word' id='word_1_420' title='bbox 1202 4091 1288 4143; x_wconf 85' lang='lat' dir='ltr'><strong>aeque</strong></span> <span class='ocrx_word' id='word_1_421' title='bbox 1305 4075 1387 4127; x_wconf 87' lang='lat' dir='ltr'><strong>muita</strong></span> 
     </span>
     <span class='ocr_line' id='line_1_44' title="bbox 299 4149 1387 4216; baseline 0.006 -20"><span class='ocrx_word' id='word_1_422' title='bbox 299 4149 356 4198; x_wconf 90' lang='lat' dir='ltr'><strong>eius</strong></span> <span class='ocrx_word' id='word_1_423' title='bbox 373 4149 524 4201; x_wconf 79' lang='lat' dir='ltr'><strong>laedente.»</strong></span> <span class='ocrx_word' id='word_1_424' title='bbox 556 4151 598 4200; x_wconf 89' lang='lat' dir='ltr'><strong>Sic</strong></span> <span class='ocrx_word' id='word_1_425' title='bbox 619 4151 727 4201; x_wconf 81' lang='lat' dir='ltr'><strong>Sueten.</strong></span> <span class='ocrx_word' id='word_1_426' title='bbox 745 4151 821 4202; x_wconf 88' lang='lat' dir='ltr'><strong>Caes.</strong></span> <span class='ocrx_word' id='word_1_427' title='bbox 862 4152 958 4216; x_wconf 88' lang='lat' dir='ltr'><strong>punice</strong></span> <span class='ocrx_word' id='word_1_428' title='bbox 971 4154 1053 4216; x_wconf 81' lang='lat' dir='ltr'><strong>(recta</strong></span> <span class='ocrx_word' id='word_1_429' title='bbox 1065 4151 1264 4216; x_wconf 76' lang='lat' dir='ltr'><strong>Diilenburger:</strong></span> <span class='ocrx_word' id='word_1_430' title='bbox 1283 4149 1387 4214; x_wconf 71' lang='lat' dir='ltr'><strong>cynice}</strong></span> 
     </span>
     <span class='ocr_line' id='line_1_45' title="bbox 299 4221 1153 4290; baseline 0.006 -18"><span class='ocrx_word' id='word_1_431' title='bbox 299 4221 345 4272; x_wconf 78' lang='lat' dir='ltr'><strong>ts:</strong></span> <span class='ocrx_word' id='word_1_432' title='bbox 373 4223 473 4286; x_wconf 65' lang='lat' dir='ltr'><strong>ruinosa</strong></span> <span class='ocrx_word' id='word_1_433' title='bbox 500 4225 686 4288; x_wconf 56' lang='lat' dir='ltr'><strong>meinorato</strong></span> <span class='ocrx_word' id='word_1_434' title='bbox 712 4224 820 4288; x_wconf 68' lang='lat' dir='ltr'><strong>(Calvi).</strong></span> <span class='ocrx_word' id='word_1_435' title='bbox 861 4237 958 4290; x_wconf 87' lang='lat' dir='ltr'><strong>spurca</strong></span> <span class='ocrx_word' id='word_1_436' title='bbox 976 4227 1153 4290; x_wconf 77' lang='lat' dir='ltr'><strong>composuit.»</strong></span> 
     </span>
     <span class='ocr_line' id='line_1_46' title="bbox 299 4297 1387 4364; baseline 0.004 -18"><span class='ocrx_word' id='word_1_437' title='bbox 299 4297 388 4346; x_wconf 81' lang='lat' dir='ltr'><strong>octav.</strong></span> <span class='ocrx_word' id='word_1_438' title='bbox 405 4299 451 4347; x_wconf 80' lang='lat' dir='ltr'><strong>tt:</strong></span> <span class='ocrx_word' id='word_1_439' title='bbox 469 4299 560 4360; x_wconf 76' lang='lat' dir='ltr'><strong>fmnosi</strong></span> <span class='ocrx_word' id='word_1_440' title='bbox 576 4299 658 4350; x_wconf 81' lang='lat' dir='ltr'><strong>tihetti.</strong></span> <span class='ocrx_word' id='word_1_441' title='bbox 894 4299 983 4350; x_wconf 77' lang='lat' dir='ltr'><strong>stt-ae</strong></span> <span class='ocrx_word' id='word_1_442' title='bbox 1002 4300 1073 4351; x_wconf 80' lang='lat' dir='ltr'><strong>Scire</strong></span> <span class='ocrx_word' id='word_1_443' title='bbox 1089 4299 1153 4364; x_wconf 83' lang='lat' dir='ltr'><strong>cet]</strong></span> <span class='ocrx_word' id='word_1_444' title='bbox 1172 4301 1305 4352; x_wconf 77' lang='lat' dir='ltr'><strong>«Forsitan</strong></span> <span class='ocrx_word' id='word_1_445' title='bbox 1316 4299 1387 4352; x_wconf 78' lang='lat' dir='ltr'><strong>seira</strong></span> 
     </span>
    </p>
   </div>
   <div class='ocr_carea' id='block_1_5' title="bbox 0 0 1592 4974">
    <p class='ocr_par' dir='ltr' id='par_1_9' title="bbox 0 0 1592 4974">
     <span class='ocr_line' id='line_1_47' title="bbox 0 0 1592 4974; baseline 0 1"><span class='ocrx_word' id='word_1_446' title='bbox 0 0 1592 4974; x_wconf 95' lang='lat' dir='ltr'><strong> </strong></span> 
     </span>
    </p>
   </div>
  </div>
 </body>
</html>
