3130 4966
286 439 327 502 70
629 411 632 418 ⁴
661 436 789 486 aonam
812 435 991 486 srrrmnurr

330 577 485 645 Garrulus
507 587 605 664 atque
627 577 720 664 piger
742 573 905 641 scribendi
929 573 1013 640 serre
1034 571 1195 648 laborem,

329 698 498 766 Scribendi
521 708 623 766 recte:
648 718 722 763 nam
744 695 949 773 atmodum,
973 693 1016 760 nil
1039 714 1157 760 moror.
1202 694 1299 769 Ecce,

330 821 497 908 Crispinus
520 819 651 886 minimo
674 839 726 885 me
748 827 916 906 provocat:
939 816 1073 905 Accipe,
1098 816 1126 882 si
1147 816 1212 892 vis,

329 941 492 1030 Accipiam
514 940 653 1021 tabulas;
676 940 772 1006 detur
793 938 886 1006 nobis
908 938 1013 1016 loeus,
1037 937 1132 1028 hora,
1335 936 1375 1003 l5

352 1159 392 1211 lt.
411 1159 532 1222 minimo]
550 1160 626 1208 mineo
641 1157 722 1222 (quod
739 1157 891 1208 coniecerat
907 1158 938 1207 N.
957 1155 1087 1219 Heinsius)
1111 1168 1246 1219 supersor.
1267 1157 1295 1206 nl
1311 1157 1341 1218 S,

320 1247 422 1285 nummo
438 1232 572 1285 Bentleius
590 1233 658 1283 coni.
679 1259 707 1269 -
734 1233 773 1282 lb.
799 1232 888 1294 Accipe
909 1231 962 1282 iam
978 1232 1018 1292 s‚t
1034 1233 1061 1280 et
1083 1243 1161 1281 acum
1179 1229 1344 1282 membranis

321 1322 374 1359 non
392 1309 500 1374 paucis»
519 1306 666 1368 Bentleius,
686 1307 750 1358 item
762 1307 878 1357 Pettierii
890 1305 952 1358 duo.
989 1307 1028 1369 (Ut
1044 1319 1107 1367 nos,
1125 1305 1199 1371 bcp.)
1214 1334 1242 1343 -
1255 1308 1345 1358 &ntur

322 1397 364 1448 cp,
384 1382 476 1448 plures
494 1383 603 1434 codices
618 1379 729 1432 Bentleii
747 1383 774 1432 et
790 1382 916 1432 Pottierii.

288 1539 381 1592 tollere
402 1539 551 1592 laudibus.»
591 1541 646 1592 Nec
667 1553 733 1590 vero
756 1540 815 1590 ani·
852 1540 909 1590 tao.
931 1567 958 1578 -·
980 1538 1092 1604 miniosa]
1117 1541 1215 1605 pretio,
1238 1553 1288 1590 um
1307 1542 1377 1592 eine

287 1615 489 1666 madverlerunt
505 1611 596 1666 Lucilii
610 1615 814 1680 reprehensioni
851 1613 1052 1678 Kleiniplreit.
1095 1615 1218 1665 «Minimo
1239 1629 1379 1678 procurare

287 1688 350 1740 inde
368 1702 383 1738 a
399 1703 425 1739 v.
444 1690 523 1739 durus
544 1689 678 1754 incipienti
699 1701 732 1738 ac
748 1701 814 1740 con-
852 1681 977 1738 dicuntur
997 1689 1032 1750 ii,
1059 1689 1104 1753 qui
1131 1690 1157 1738 in
1179 1688 1378 1754 restipulatione

289 1764 405 1814 tinuatae
418 1776 467 1827 per
478 1776 555 1828 seqq.
569 1777 613 1814 vv.
624 1764 750 1814 emaum
761 1765 812 1814 cet.
852 1761 912 1828 plus
937 1763 987 1828 ipsi
1010 1765 1184 1828 promittunt,
1214 1777 1296 1828 quam
1321 1767 1380 1816 exi-

287 1838 396 1889 laudem
414 1837 629 1902 qualemcunque
641 1839 704 1890 satis
721 1839 815 1889 incon·
853 1839 917 1901 gunt
938 1837 972 1888 ab
994 1837 1175 1889 adversario.»
1201 1840 1293 1890 Senon.
1320 1841 1379 1891 Cri·

289 1914 367 1964 cinne
385 1913 526 1976 interponi.
562 1915 655 1976 Neque
672 1925 736 1964 vero
755 1926 815 1965 me·
852 1913 945 1976 opinus
970 1913 1049 1975 igitur
1073 1913 1200 1964 victoriae
1226 1916 1329 1976 certus,
1355 1916 1379 1966 si

288 1985 337 2038 lior
354 1989 395 2038 est
412 1987 552 2038 artificiosa
570 1986 702 2038 distinctio
720 2002 736 2038 a
751 2001 816 2038 non·
853 1987 998 2051 sponsione
1031 1988 1168 2048 vincatur,
1208 1986 1285 2051 louge
1319 1987 1379 2054 plus

288 2063 395 2113 nemine
413 2063 561 2127 proposita:
582 2063 644 2112 Cum
659 2066 760 2128 flueret,
779 2064 817 2113 lu-
854 2075 1025 2112 nummorum
1054 2075 1083 2113 se
1117 2063 1225 2118 Horatio
1253 2063 1378 2114 daturum

289 2137 467 2198 tremescat,
484 2139 550 2198 quod
561 2137 737 2200 tolleravellcs,
751 2138 817 2189 aaa
854 2137 995 2202 promittit.
1015 2149 1095 2200 quam
1113 2135 1147 2188 ab
1165 2138 1224 2200 ipso
1236 2141 1379 2189 exacturus

289 2209 425 2260 calescet.
453 2211 815 2264 Cir.lacobsLectt.Venus.
854 2212 900 2271 sit,
928 2213 949 2262 si
967 2210 1076 2262 interior
1093 2210 1196 2260 evadat.
1231 2214 1311 2273 Asse,
1338 2213 1380 2262 in·

289 2299 317 2350 p.
341 2284 399 2338 tid.
436 2286 475 2349 (lli
499 2299 563 2347 noe,
595 2288 700 2352 accepit
727 2286 816 2338 lucum
854 2287 923 2350 quit,
941 2284 984 2335 vel
1002 2284 1177 2350 quinariovel
1194 2284 1381 2338 denariatuno

291 2362 495 2412 controversum
518 2362 598 2412 etlam
619 2362 699 2413 lulius
717 2364 818 2413 Caesar
855 2363 995 2412 contentus
1022 2373 1097 2411 ero.»
1142 2358 1190 2411 atii
1219 2359 1380 2412 Scholiastae

291 2433 409 2498 Scaliger
432 2438 506 2486 Post.
530 2438 558 2488 L.
583 2437 606 2488 6.
633 2450 658 2501 p.
677 2437 747 2497 786..
772 2435 818 2486 ubi
855 2436 943 2486 minus
972 2434 1146 2499 probabiliter
1173 2434 1306 2499 explicent
1330 2437 1382 2486 ml-

291 2509 391 2560 indicat
411 2509 446 2560 de
468 2511 588 2575 Mapheei
611 2512 684 2575 Vegii
706 2511 816 2562 aeneid.
855 2511 923 2560 aiam
950 2512 1041 2575 dipito,
1080 2521 1149 2573 quae
1178 2509 1277 2574 ellipsis
1308 2513 1382 2562 caret

292 2583 349 2634 Lib.
368 2585 444 2635 illlis
465 2586 495 2635 ln
510 2587 599 2636 Dauni
615 2587 723 2649 epicedio
739 2587 818 2637 muto
857 2584 993 2650 exemplo,
1018 2588 1045 2635 et
1060 2586 1164 2636 minimo
1181 2599 1323 2648 proarocare
1339 2586 1381 2637 di·

292 2663 366 2720 eunt,
394 2673 459 2721 quae
483 2661 536 2710 tolli
560 2661 637 2710 cela:
666 2661 711 2710 illa
736 2665 819 2712 tornea
857 2662 930 2710 ctum
961 2660 1050 2724 potius
1078 2659 1184 2710 videtur
1214 2663 1244 2711 ut
1269 2657 1380 2725 mopso,

292 2733 361 2784 baud
372 2747 480 2796 proruis
494 2737 656 2798 mentando
673 2736 735 2800 cet.)
767 2738 820 2788 Ce-
852 2748 937 2797 pomo
960 2735 1080 2795 condere,
1107 2747 1195 2784 auara
1226 2734 1278 2785 Cir.
1306 2738 1380 2787 Suet.

294 2811 380 2858 terum
409 2809 505 2860 eadem
533 2811 647 2873 imagine
675 2824 740 2862 usus
766 2812 818 2861 iam
858 2811 934 2861 Caes.
962 2810 1008 2859 50:
1039 2809 1195 2871 amplissima
1214 2811 1325 2872 praedic
1349 2825 1383 2862 ee

294 2885 353 2934 erat
369 2883 546 2936 Callimachus
563 2885 597 2936 de
615 2887 721 2938 inimico
739 2885 820 2951 Apol·
857 2885 1111 2935 auctionibusdostoe
1124 2885 1228 2934 minimo
1246 2882 1286 2948 (al.
1305 2899 1381 2936 ιιιιιη-

294 2955 364 3007 lonio
381 2958 482 3009 Rhodio
500 2960 597 3021 llymn.
614 2961 640 3010 in
657 2959 741 3025 Apoll.
756 2961 818 3012 ⁴08:
856 2959 915 3024 mo)
948 2960 1049 3008 addicit
1082 2957 1255 3022 (Serviliae);
1291 2959 1382 3024 ibique

298 3029 443 3103 Ασσυρίου
460 3039 606 3100 ποταμοῖο
622 3037 715 3102 μέγας
731 3030 818 3106 ῥόος·
857 3034 1092 3100 Oudendorpium‚
1129 3035 1235 3098 optimis
1274 3036 1383 3086 rationi-

295 3097 370 3155 ἀλλὰ
389 3101 426 3155 τὰ
447 3103 539 3157 πολλὰ
558 3104 682 3174 Adparet
698 3109 752 3176 γῆς
771 3112 821 3161 καὶ
857 3111 908 3162 bus
919 3110 1023 3162 miamin
1034 3108 1233 3161 defendentem.
1256 3111 1382 3161 Ceterum]

296 3177 404 3232 πολλὸν
421 3179 466 3244 ἐφ’
483 3175 565 3234 doen
577 3181 723 3255 συρφετὸν
734 3178 818 3238 ἕλκει.
857 3183 967 3236 Bentleii
1000 3186 1068 3236 coni.
1099 3197 1202 3234 omnmo
1233 3185 1383 3250 speciosam

297 3282 327 3294 —
346 3257 472 3308 (tarutius
488 3259 550 3323 cet]
570 3260 639 3319 Fuit,
659 3262 704 3324 qui
720 3266 820 3325 puncto
858 3273 918 3311 esse
947 3271 1083 3322 nunquam
1110 3259 1236 3322 equidem
1262 3259 1381 3323 negabo,

295 3335 357 3395 post
372 3344 399 3382 v.
416 3333 490 3382 celles
505 3334 592 3397 posito
609 3335 749 3398 sequentia
766 3340 822 3388 tra·
858 3347 920 3384 oum
931 3333 1029 3384 reserat
1040 3345 1195 3384 sermonem
1209 3332 1383 3385 formularum

297 3404 376 3455 beret
391 3405 602 3471 aderispinum
620 3409 670 3460 sed
685 3411 821 3461 hichomo
857 3421 959 3458 aarum
983 3407 1100 3458 addicere
1125 3407 1235 3469 (Sati,
1260 3411 1290 3470 a,
1316 3409 1382 3472 409.)

297 3482 336 3530 tut
360 3479 519 3544 ambagibus
541 3485 695 3547 praemissis
716 3487 759 3536 vix
780 3485 822 3536 di·
859 3485 910 3534 oet.
931 3510 959 3519 —
976 3481 1113 3546 Accipiam]
1132 3483 1200 3533 Cum
1218 3483 1385 3534 constituen-

296 3567 365 3619 gnus
390 3558 460 3617 erat,
489 3559 517 3607 et
537 3552 572 3608 τὸ
594 3555 673 3631 παρὰ
695 3558 821 3632 npoodo-
859 3557 910 3610 dus
931 3558 965 3606 sit
985 3556 1066 3607 laturi
1088 3557 1242 3608 certaminis
1260 3559 1287 3607 et
1308 3555 1384 3608 locus

297 3631 364 3682 κὶαν
382 3629 492 3682 illorum
521 3633 584 3684 lices
609 3635 737 3699 Crispinus
757 3649 823 3701 pes·
859 3635 887 3683 ct
903 3632 982 3692 hora,
1006 3629 1084 3694 longe
1106 3632 1308 3683 convenientius
1326 3634 1382 3693 eet,

297 3705 438 3757 sumdatur
463 3707 512 3758 ista
536 3707 712 3761 distinctione.
733 3713 823 3775 -pi-
859 3712 889 3758 ut
914 3707 996 3758 dieat:
1024 3719 1090 3770 «ego
1114 3707 1231 3759 vicissim
1253 3708 1384 3772 accipiam

297 3781 432 3846 per-ferre]
450 3783 515 3833 Nota
533 3787 695 3836 constructio
707 3788 821 3848 Graeca,
858 3781 1032 3848 pugillares.»
1055 3793 1136 3846 quam
1154 3783 1184 3832 ut
1205 3782 1383 3846 impatienter,

298 3852 411 3926 νωθρὸς
432 3858 540 3930 φέρειν.
575 3860 623 3910 od.
645 3859 675 3920 t,
702 3859 747 3922 ti,
774 3861 821 3911 22:
860 3859 935 3922 quasi
961 3871 1032 3908 nunc
1057 3857 1145 3922 ipsum
1171 3855 1229 3908 lieri
1255 3856 1383 3917 deberet,

298 3931 532 3994 impipereecure.
548 3933 709 3998 -lcborem1
728 3937 824 3986 etme-
859 3935 964 3998 repetat
978 3932 1067 3995 decipe
1083 3933 1148 3993 laam
1176 3935 1204 3982 et
1220 3931 1310 3983 obstat
1330 3935 1385 3982 tam

299 4004 431 4058 dilationis
448 4011 475 4058 et
496 4007 584 4060 limae.
604 4035 633 4046 -
653 4009 779 4060 Ceterum
796 4011 823 4060 bi
861 4009 962 4060 calidae
988 4009 1138 4072 repetitioni
1163 4007 1296 4060 urbanum
1322 4006 1385 4058 illud

298 4083 452 4134 versasti.
472 4083 512 4134 43.
531 4085 821 4148 exponuntrationem,
859 4085 941 4135 siole
976 4085 1117 4134 Praeterea
1134 4083 1191 4148 ipse
1209 4083 1322 4148 Crispini
1339 4095 1386 4134 se-

299 4169 360 4220 cur,
387 4161 416 4208 nt
436 4157 558 4208 recidere
575 4157 626 4208 sibi
648 4157 772 4210 nonnulla
791 4174 823 4211 ex
861 4159 960 4210 ouritas
987 4170 1119 4224 perquam
1148 4157 1242 4209 lestive
1270 4155 1385 4210 lectione

298 4229 366 4284 illius
383 4233 474 4282 Satiris
491 4230 596 4292 liceret,
616 4235 698 4296 optat.
861 4235 967 4298 recepta
980 4233 1143 4297 exprimitur.
1160 4261 1187 4270 -
1198 4231 1323 4296 wudu]
1336 4243 1385 4283 une

333 4305 421 4358 li-to.
446 4305 582 4370 crispinae]
605 4307 635 4357 V.
658 4309 712 4360 Sat.
739 4311 767 4370 t,
794 4311 821 4370 l,
860 4309 1005 4361 afferantur
1029 4307 1106 4360 alieni
1131 4321 1251 4360 vorsus·
1276 4319 1386 4371 -per-
