3116 4968
580 435 638 487 le.
657 437 688 488 ll.
724 439 790 490 SAT.
810 439 829 489 l.
899 435 902 442 '

202 589 304 658 Flebit
324 601 358 658 et
378 592 511 679 insignis
534 603 598 659 tota
623 593 802 660 cantabitur
824 595 915 664 urbe.

203 712 337 778 Cervius
359 713 459 778 iratus
481 713 571 800 leges
593 716 757 781 minitatur
778 726 810 782 et
831 737 959 792 urnam,

201 833 334 900 Canidia
355 832 479 910 Albuti,
502 835 622 922 quibus
644 847 694 903 est
715 837 858 910 inimica,
882 858 1060 918 venenum,

201 954 329 1022 Grande
352 954 473 1022 malum
494 957 625 1036 Turius,
650 957 677 1024 si
700 956 779 1047 quid
801 977 838 1025 se
861 957 969 1027 iudice
991 969 1107 1028 certes.

200 1075 253 1152 Ut,
278 1097 344 1164 quo
367 1076 507 1164 quisque
529 1077 628 1157 valet,
652 1089 823 1167 suspectos
844 1089 976 1159 terreat,
1000 1091 1100 1169 utque
1205 1083 1247 1150 50

189 1256 262 1320 apud
283 1255 445 1318 Bentleium,
473 1255 625 1308 attolebat
640 1259 803 1321 Rulgersius.
831 1259 972 1323 (rorarwrit
995 1259 1102 1312 Horatio
1124 1261 1213 1312 vindi·

188 1333 252 1380 cant
268 1331 347 1380 etiam
364 1333 434 1382 Acro
451 1333 479 1381 at
495 1331 645 1382 Priscianus
667 1333 695 1382 T.
713 1333 733 1382 4.
752 1345 779 1397 p.
798 1331 856 1384 484.
875 1336 903 1384 et
923 1334 950 1384 T.
969 1335 1000 1383 ii.
1019 1347 1046 1399 p.
1065 1337 1090 1386 4.
1109 1337 1163 1400 tir.)
1183 1359 1210 1373 -

188 1404 230 1456 tt.
249 1405 438 1454 SeuiusLCF.
468 1406 587 1468 (Utnos,
606 1405 685 1469 bscp,
705 1407 734 1468 t.)
754 1435 781 1442 -
809 1406 849 1458 48.
867 1408 954 1459 Albuci
970 1409 1032 1460 LCt.
1054 1437 1081 1446 -
1100 1409 1141 1462 49.
1159 1411 1213 1462 Fu-

186 1481 243 1529 rius
267 1493 300 1528 ex
327 1479 552 1543 Cod.1teg.soe.
572 1481 599 1530 et
616 1481 726 1544 Cruquii
743 1483 812 1532 coni.
831 1483 948 1546 Doering
969 1485 1061 1534 contra
1085 1487 1211 1536 metrum.

191 1582 219 1591 -
239 1555 262 1604 si
279 1555 423 1617 quiricum
440 1567 496 1604 var.
515 1553 576 1606 lect.
595 1557 616 1604 si
633 1555 703 1620 quid)
721 1583 766 1593 --
782 1561 857 1606 rutel
874 1571 889 1606 c
907 1559 980 1619 etr,
1003 1559 1214 1620 siquir--eer-

186 1635 222 1680 iot
237 1630 330 1693 p,LCt.
361 1631 401 1692 (Ut
417 1643 479 1690 nos,
499 1629 545 1692 bs,
564 1626 619 1698 ξω,
638 1645 679 1695 pr.
692 1645 709 1680 r
726 1633 753 1680 et
770 1643 878 1692 omnes,
898 1634 927 1681 ut
943 1631 1057 1694 videtur,
1077 1633 1211 1696 Pottierii.)

154 1759 294 1810 dumtaxat
319 1759 392 1824 apud
417 1762 561 1825 scriptores
585 1773 682 1826 prosae
719 1759 788 1824 eron]
802 1760 1024 1824 Haeeiungenda.
1050 1761 1246 1816 «iiioanimAi-

154 1836 283 1886 orationis
294 1837 412 1898 Augusto
429 1837 591 1900 posteriores
602 1851 683 1901 repe·
719 1834 809 1884 botius
818 1847 923 1884 veneno
934 1847 1045 1885 uxorem
1059 1849 1136 1887 suam
1148 1837 1245 1888 dieitur

153 1911 246 1960 riatur.
263 1937 290 1945 -
303 1909 392 1959 melita
403 1910 469 1972 (erit)
481 1925 531 1960 eoo
549 1912 682 1976 tanpmi]
719 1909 893 1972 peremisse.»
906 1911 999 1958 Poris.
1010 1913 1079 1960 Acro
1091 1913 1169 1962 matri
1181 1925 1244 1962 eum

153 1983 277 2034 Formula
294 1985 461 2034 minantium.
493 1986 585 2036 alteru
605 1987 679 2048 darn,
718 1997 853 2034 venenum
862 1984 1099 2035 miscuissereiert.
1112 1986 1243 2048 casata,

152 2059 276 2110 wesen
286 2059 429 2107 aeriibrttr
447 2059 552 2110 Terent.
565 2059 679 2125 Adelph.
718 2059 743 2119 2,
760 2059 801 2108 67.
832 2057 880 2108 Alii
897 2059 1008 2122 iungunt
1025 2059 1133 2110 Canidia
1147 2061 1243 2124 Albuti,

151 2133 181 2194 4,
202 2134 230 2194 4,
249 2133 297 2183 26:
316 2132 379 2182 Arte
389 2133 457 2182 aeda
471 2147 523 2183 oon
537 2128 624 2190 [edus
634 2137 682 2185 erit
718 2135 748 2183 ut
767 2133 837 2183 desit
857 2135 904 2183 aul
921 2131 1004 2182 «tiliae
1023 2136 1069 2184 aut
1086 2148 1182 2185 «uxor»
1201 2135 1244 2187 vei

151 2207 241 2257 melius
257 2206 465 2256 bicoooaieium:
482 2208 550 2258 Nam
565 2209 588 2258 ei
602 2209 681 2258 mob-
718 2208 806 2270 potius
825 2207 989 2268 «moecha»,
1008 2207 1067 2258 ooli.
1086 2210 1157 2272 virg.
1175 2213 1241 2261 Aen.

150 2287 203 2331 rute
217 2281 304 2344 perpio
320 2293 383 2342 etse,
405 2281 458 2331 torn
472 2283 540 2332 intro
557 2283 682 2345 abripiere
718 2280 745 2340 3,
764 2281 829 2330 3⁴9:
848 2281 960 2330 Hectoris
968 2281 1149 2334 Andromache.
1173 2287 1240 2336 Aen.

151 2361 228 2418 atque
251 2355 286 2404 ibi
311 2356 391 2417 Usque
413 2357 448 2406 ad
468 2371 553 2408 oecon
569 2359 681 2420 operiere
717 2355 748 2416 li,
767 2354 810 2404 36:
829 2355 954 2418 Deiphobo
970 2355 1068 2406 Glauci.
1103 2355 1152 2408 Alii
1164 2359 1243 2410 deni·

150 2431 219 2481 ioris.
242 2455 271 2466 -
290 2429 375 2494 mett]
395 2429 541 2490 adolebit.»
560 2433 681 2483 Graecis·
717 2441 770 2492 que
798 2441 860 2479 oum
889 2430 1071 2493 Porphyrione
1103 2431 1241 2485 Horatium

151 2517 225 2566 mus,
260 2500 415 2568 οἰμώξεται
443 2505 487 2557 vei
512 2501 677 2557 statuerat.
717 2501 838 2554 consulto
855 2504 1000 2566 genitivum
1016 2504 1099 2554 Albuti
1110 2501 1242 2572 ἀμφιβο-

150 2580 210 2630 ilid.
224 2579 261 2629 ad
278 2579 333 2630 Sat.
347 2581 375 2642 4,
394 2581 440 2642 40,
457 2581 497 2630 94.
511 2608 541 2619 -
553 2583 658 2647 iruipnis
668 2611 680 2621 -
716 2575 801 2640 λικώς
812 2579 933 2642 posuisse
946 2580 1093 2630 autumant.
1106 2609 1133 2618 -
1143 2583 1241 2648 Turius]

149 2653 311 2718 amabitur]
338 2654 477 2705 «omnibus
493 2657 546 2725 iam
568 2659 679 2722 proptor
715 2651 834 2702 Iudicem
852 2653 1083 2716 corruptissimum
1100 2655 1241 2719 significari

150 2729 359 2793 perversitatem
381 2731 459 2779 notus
485 2729 676 2782 deridebitur,„
715 2727 838 2790 apertum
856 2729 906 2788 est,
920 2729 947 2777 et
958 2726 1058 2778 docent
1067 2728 1238 2792 Scholiastae,

150 2803 269 2862 Coum
282 2805 312 2852 ut
320 2796 484 2867 ὑμνεῖσθαι,
498 2805 638 2857 «omnibus
647 2807 674 2857 in
716 2799 841 2865 equibus
858 2801 1005 2866 Porphyrio
1018 2815 1080 2853 eum
1092 2803 1118 2853 C.
1137 2805 1240 2856 Turietru

149 2890 198 2928 oro
211 2889 284 2938 esse,
298 2880 327 2927 et
342 2877 452 2940 quidem
469 2891 532 2929 cum
543 2879 677 2931 iniamia.»
711 2881 869 2936 praetorem,
891 2877 959 2926 Acro
978 2877 1081 2926 iuriam
1097 2879 1237 2941 Mariaum,

183 2950 275 3003 44-49.
305 2951 420 3016 Curiae]
444 2952 634 3018 quadruplator-
651 2958 678 3006 et
716 2949 917 3000 commentator
937 2951 1046 3015 cmquii
1068 2951 1094 3002 C.
1116 2953 1240 3004 Martium

149 3023 254 3076 rabula.
279 3025 416 3086 «Cervius,
434 3028 539 3076 Ascarni
555 3026 676 3091 libertus,
716 3023 819 3074 terrun
835 3025 963 3074 nominat.
999 3026 1072 3084 Quae
1093 3026 1176 3078 iidem
1193 3029 1240 3079 ad·

150 3101 289 3152 aeeusavit
301 3100 348 3151 Cn.
364 3101 525 3164 (Domitium)
538 3101 676 3154 Calvinum
715 3098 782 3148 dunt
798 3099 832 3148 de
844 3097 949 3148 tabellis
960 3099 994 3148 ad
1006 3099 1088 3150 iidem
1101 3105 1240 3167 corrupto-

151 3176 217 3238 (eos.
230 3188 255 3225 a.
269 3188 296 3225 u.
310 3189 334 3226 o.
348 3176 416 3238 7444.)
428 3174 487 3240 iege
499 3177 533 3227 de
548 3178 675 3230 sicariis.»
714 3185 775 3224 rum
792 3171 909 3222 iudicum
929 3172 1095 3236 probandam
1113 3175 1239 3228 discolori

150 3251 237 3300 Con.
260 3250 306 3299 Ca.
335 3250 463 3302 Diversus
488 3253 580 3314 utique
606 3265 621 3301 a
646 3254 674 3301 Ρ.
714 3259 777 3298 cera
788 3247 926 3310 insignitis,
940 3245 1053 3298 conficta
1068 3249 1238 3302 videnturex

150 3323 260 3385 Carrio,
291 3323 321 3375 c.
345 3324 435 3376 verris
462 3323 565 3388 iegato,
595 3337 677 3388 quom
713 3321 757 3382 iis,
784 3334 854 3386 quae
875 3319 910 3370 ab
935 3320 1076 3373 Hortensio
1101 3324 1128 3374 in
1155 3337 1236 3376 causa

149 3397 241 3449 lauded
256 3399 311 3449 Cio.
328 3398 405 3449 Verr.
421 3400 484 3450 Ace.
502 3401 531 3461 t,
550 3398 594 3461 44,
617 3398 675 3450 444.
713 3395 969 3457 Terentiivarronis,
979 3395 1066 3448 fratris
1073 3399 1236 3462 consobrini,

149 3474 253 3526 Seruim
288 3473 372 3524 cado.
403 3473 471 3525 Feae
504 3475 578 3526 esset
614 3475 677 3525 Ser·
714 3483 747 3522 ex
763 3472 823 3521 Asia
847 3471 965 3521 accusati
989 3472 1059 3536 apud
1081 3475 1111 3524 Ι..
1131 3475 1238 3526 mrum

150 3549 208 3599 vius
225 3546 289 3598 Pola
305 3549 459 3611 accusator,
483 3549 517 3599 de
535 3562 589 3612 quo
607 3549 676 3600 Cae-
712 3547 865 3609 praetorem
883 3545 917 3596 de
939 3547 1060 3610 pecuniis
1080 3550 1237 3612 repetundis

150 3621 199 3673 lius
216 3621 252 3672 ad
274 3622 346 3672 Fam.
359 3621 389 3683 8,
409 3623 455 3684 ta,
473 3623 488 3672 2
506 3635 547 3686 sq.
568 3623 623 3672 Cio.
640 3621 675 3673 ad
713 3619 1125 3673 iaetatraditPseudo-Asoonius
1135 3635 1163 3686 p.
1178 3623 1235 3674 409.

150 3698 286 3758 0.Fr.2,
307 3697 404 3757 im:
434 3698 675 3759 Vereor,uelromo
713 3695 756 3744 ed.
775 3694 839 3744 Bait.
862 3695 1236 3761 -siquidreiudirecerlerl

149 3775 210 3822 ieter
227 3774 251 3820 et
271 3770 352 3832 suus,
376 3771 437 3820 Polo
453 3772 566 3833 Samira,
588 3773 623 3821 ad
633 3785 676 3822 ac·
713 3768 813 3819 Eadem
829 3769 1026 3819 constructione
1040 3770 1093 3818 Sat.
1107 3769 1132 3830 2,
1150 3771 1175 3830 o,
1186 3771 1233 3819 at:

148 3845 402 3895 murmurosae.
414 3872 441 3882 -
452 3845 563 3909 lepos-el
572 3846 674 3910 mrem]
710 3844 809 3906 Mopso
824 3844 937 3893 mirumne
949 3843 1006 3906 foro
1016 3843 1039 3891 si
1048 3855 1089 3892 res
1099 3843 1237 3893 certabitur

149 3919 191 3970 Sil.
216 3918 274 3969 itai.
299 3919 327 3978 9,
351 3919 401 3968 26:
430 3920 576 3970 timuemot
597 3921 674 3983 tuta,
711 3918 778 3967 deo.

149 3995 189 4057 qui
204 3999 229 4044 te
244 3993 539 4056 Lepibutalqtuumae
554 3996 676 4046 draei-
744 3993 833 4042 tto-oa.
864 3993 906 4052 tu,
932 4005 981 4053 quo
999 3991 1061 4055 cot]
1080 3991 1138 4042 «ste
1161 3991 1235 4043 colii-

146 4081 223 4130 puero
243 4069 360 4118 misaeli.
405 4069 474 4118 tirou
491 4071 533 4120 est
548 4083 595 4120 vas
618 4069 675 4120 sui·
712 4067 799 4130 gendo
825 4081 858 4116 ex
883 4066 1063 4128 argumentis,
1090 4079 1160 4130 quae
1187 4067 1233 4118 tibi

149 4143 237 4208 {regiis
247 4142 367 4194 iudicum
384 4144 544 4208 recipiendis
556 4143 674 4195 destina·
711 4153 870 4207 proponam,
883 4136 1234 4209 (ovuoyrgovpnupotp

149 4221 212 4270 tum.
233 4246 262 4256 -
279 4217 397 4281 0444444444]
415 4231 437 4268 s.
452 4217 574 4268 Gratidio.
588 4219 671 4283 Epod.
711 4217 815 4278 iudica,
841 4213 978 4278 quomodo
1003 4215 1062 4276 ilai,
1089 4218 1119 4266 ut
1140 4229 1170 4268 ea
1194 4219 1232 4278 vi,

149 4294 163 4342 t
178 4294 254 4344 etii.
270 4293 322 4344 sat.
338 4295 348 4342 4
362 4331 367 4354 ,
381 4292 406 4343 8.
423 4292 568 4344 -Albuti-
579 4320 593 4331 -
603 4307 675 4346 uere
711 4303 764 4356 qua
781 4291 894 4354 quisque
905 4290 1021 4342 maxime
1032 4291 1170 4356 praeditus
1182 4295 1233 4356 est,
