3082 4968
279 450 320 516 st
582 526 586 532 ‚
659 449 787 502 uomru
815 451 997 504 srrrmuuu

320 607 418 676 Multa
438 615 607 697 poctarum
629 609 736 677 veniet
757 627 887 685 merus,
910 606 1029 674 auxilio
1051 629 1136 695 quae

320 731 368 798 Sit
388 729 480 810 mihi;
504 751 578 798 uem
600 729 833 818 multoplures
856 750 969 796 sumus
991 749 1029 796 ac
1052 729 1148 798 veluti
1173 739 1203 796 te

320 853 431 920 ludaei
453 873 607 941 cogemus
630 853 663 918 iu
684 852 767 920 hunc
789 850 971 918 concedere
993 849 1129 918 turbam.

340 1051 397 1103 ill.
415 1049 552 1102 estlethe
569 1051 597 1101 et
619 1063 714 1101 omues
736 1049 867 1112 Pottierii,
899 1051 963 1101 item
985 1051 1087 1100 venete
1114 1049 1202 1111 ttae,
1225 1052 1279 1103 LCt
1303 1055 1331 1103 et

305 1127 442 1178 liirchuer.
462 1125 552 1190 (umet
569 1126 650 1177 etiem
666 1123 682 1174 cl
700 1127 728 1176 et
744 1137 814 1176 unus
830 1123 1005 1186 Bersmeuui.)
1027 1148 1054 1160 -
1074 1125 1222 1187 aestuque
1237 1127 1265 1177 L.

271 1289 318 1328 rus
336 1279 390 1338 est;
409 1277 461 1327 boc
473 1288 537 1340 ergo
549 1274 686 1326 urbanius.
702 1302 729 1310 —
741 1285 798 1324 me-
834 1274 916 1336 toque
933 1271 1048 1323 tumultu
1066 1275 1156 1324 contre
1180 1276 1206 1325 te
1227 1273 1318 1339 plures
1335 1276 1363 1326 iu

270 1351 325 1416 em]
345 1353 447 1402 Festive
465 1351 540 1414 tingit
556 1362 683 1414 maguum
697 1350 797 1400 Romus
835 1345 961 1398 auxilium
984 1344 1175 1401 advocabimus
1197 1352 1225 1401 et
1246 1351 1288 1413 le,
1312 1351 1363 1402 uisi

271 1439 332 1477 esse
349 1427 490 1490 poetarum
507 1425 584 1488 quest
601 1421 756 1474 sodalicium
770 1423 798 1474 et
834 1423 940 1472 nostrus
962 1433 1059 1472 meuus
1076 1423 1176 1474 sentire
1193 1421 1275 1484 velis,
1300 1425 1363 1475 buic

271 1499 496 1559 coniurationem,
523 1509 593 1561 quae
614 1496 657 1548 vel
683 1509 797 1548 nurnero
834 1497 926 1546 nostro
950 1497 1012 1547 vitio
1035 1497 1202 1558 concedere,
1228 1499 1312 1549 immo
1335 1499 1362 1550 lu

269 1587 319 1626 suo
337 1586 465 1638 superare
483 1571 677 1624 obtrectatores
696 1571 795 1636 possit;
833 1571 953 1621 uosbem
983 1569 1090 1622 turbem
1118 1571 1249 1623 secedere
1278 1585 1361 1638 coge-

270 1661 323 1713 que
340 1646 375 1698 de
393 1648 493 1698 satirae
505 1645 622 1697 clausula
639 1658 720 1696 veros
732 1644 798 1694 emi-
833 1655 920 1696 mus.»
942 1672 969 1681 —
988 1647 1111 1710 coquum]
1131 1647 1234 1698 Festive
1252 1647 1363 1698 commi-

270 1737 329 1784 cos,
347 1723 471 1783 Verium,
489 1721 638 1786 Virgilium,
656 1721 793 1780 Aristium,
833 1719 919 1780 aetio,
946 1721 976 1770 ut
991 1718 1093 1772 similes
1110 1721 1161 1771 ioci
1178 1721 1250 1786 epud
1273 1720 1362 1772 Plato-

269 1801 376 1849 ceteros
393 1811 426 1848 ex
443 1797 522 1847 enimi
540 1797 671 1848 sententie
694 1795 796 1846 risuros
833 1806 896 1844 nem
914 1793 1014 1845 Phileb.
1032 1809 1058 1860 p.
1069 1795 1110 1845 lii.
1123 1797 1159 1846 A:
1175 1786 1239 1867 Ἆρ’,
1257 1785 1282 1844 ὦ
1298 1791 1362 1846 Σώ-

269 1885 330 1923 esse
356 1869 442 1936 probe
467 1869 577 1924 sciebat.
615 1867 698 1920 simul
723 1867 795 1918 euim
832 1881 949 1939 κρατες,
968 1863 1024 1929 οὐχ
1041 1863 1113 1940 ὁρᾷς
1130 1863 1214 1935 ἡμῶν
1229 1865 1265 1920 τὸ
1284 1868 1359 1937 πλῆ-

268 1945 390 2011 sugillere
416 1945 522 1996 videtur
547 1944 665 1996 studium
688 1941 796 1994 versili·
832 1942 899 2006 θος,
918 1937 964 1994 du
980 1944 1041 1994 νέοι
1059 1941 1163 2008 πάντες
1179 1943 1283 2011 sepem·
1307 1945 1359 1996 eal

268 2021 418 2085 condique
429 2022 583 2084 tuncquem
594 2016 701 2083 plurimi
712 2017 794 2068 etiam
832 2011 867 2068 od
885 2015 976 2079 φοβεῖ
990 2017 1033 2084 μή
1053 2033 1102 2070 σοι
1129 2014 1204 2084 μετὰ
1229 2015 1358 2085 deividos

266 2097 348 2147 invite
368 2095 487 2147 Minerva
510 2093 673 2145 terebantur.
699 2119 728 2129 -
749 2093 793 2142 lu-
832 2089 1070 2159 ξυνεπιθώμεθα,
1094 2085 1147 2144 dclv
1164 2087 1243 2159 ἡμᾶς
1263 2091 1362 2145 lordo-

267 2171 333 2232 duct]
351 2167 423 2220 Multi
441 2171 511 2229 tum,
530 2179 633 2231 exque
650 2167 793 2230 Pompeius
833 2164 902 2238 (1554,-
921 2167 1036 2218 Pheedr.
1048 2180 1076 2232 p.
1089 2167 1147 2218 236.
1162 2169 1195 2220 C:
1214 2162 1360 2220 ἄλλὰδια-

267 2242 454 2306 chrosolyma
485 2243 609 2307 ceperat,
644 2240 735 2290 ludaei
766 2241 794 2290 lu
831 2238 955 2308 νοήθητι
981 2233 1026 2292 ὅτι
1051 2239 1184 2293 ἐντεῦθεν
1209 2237 1264 2294 ode
1289 2237 1359 2295 dxt-

267 2316 337 2372 Urbe
349 2319 436 2379 eruut,
450 2315 587 2367 turbidum
599 2315 739 2366 hominum
750 2326 795 2378 ge·
829 2331 899 2382 μεν,
918 2316 983 2388 πρὶν
998 2309 1037 2366 ἂν
1052 2312 1089 2368 σύ
1108 2311 1190 2389 εἴπῃς
1204 2313 1224 2367 ἃ
1240 2311 1361 2385 ’ἔφησθα

267 2406 326 2444 nus.
362 2393 480 2456 Ciepro
498 2389 591 2442 Flacco
609 2389 654 2451 28,
673 2389 720 2440 66:
739 2389 794 2438 Scir
830 2390 862 2442 ἐν
877 2387 917 2459 τῷ
935 2387 1039 2457 στήθει
1049 2383 1140 2452 ἔχειν·
1159 2390 1248 2458 ἐσμὲν
1258 2390 1358 2459 δὲμο-

267 2467 529 2530 commutescunt
551 2464 719 2529 (ludaeorum
740 2465 794 2515 lio-
830 2482 870 2516 νω
899 2464 930 2517 ἐν
958 2464 1081 2537 ἐρημίᾳ,
1113 2462 1299 2540 ἰσχυρότερος
1326 2466 1359 2520 δὲ

269 2541 349 2606 mee),
376 2545 473 2604 questo
496 2539 644 2600 cormordlc,
671 2543 795 2601 quoeutm
830 2538 886 2608 ἐγώ
911 2541 962 2592 καὶ
988 2535 1135 2612 νεώτερος.
1182 2541 1256 2592 Polit.
1285 2544 1303 2593 1.
1330 2557 1357 2608 p.

265 2618 351 2668 votem
366 2617 393 2666 to
409 2613 571 2666 cembellum.
606 2612 728 2677 Plerique
746 2626 794 2663 ex·
831 2616 888 2666 327.
907 2615 937 2666 C.
959 2641 986 2652 -
1011 2616 1039 2664 te
1060 2615 1125 2666 boec
1147 2617 1279 2667 concedere
1300 2621 1359 2668 tur-

267 2691 382 2757 plicent:
420 2688 675 2751 «Quemadmodum
703 2686 793 2738 ludeel
831 2689 897 2755 bem]
923 2692 964 2740 ete
982 2690 1060 2740 uobis
1084 2702 1229 2754 aggregare
1247 2690 1359 2742 eedem·

267 2763 366 2816 multos
400 2763 435 2816 ed
468 2776 546 2816 suem
576 2763 793 2829 superstitionem
831 2778 884 2829 que
913 2763 1055 2816 nobiseum
1081 2765 1179 2816 sentire
1208 2767 1233 2815 iu
1263 2767 1359 2818 iudicio

267 2839 424 2904 pertrahere
451 2837 657 2903 proselytosque
677 2835 720 2888 vel
746 2849 795 2886 co·
831 2841 991 2906 praesertim
1020 2839 1054 2890 de
1083 2841 1170 2892 satiris
1205 2841 1358 2893 iaciendo.»

268 2912 356 2976 gendo
379 2913 469 2963 iecere
486 2911 605 2972 solenus
632 2911 704 2976 quod
729 2923 793 2962 seue
831 2913 985 2964 Turnebus:
1013 2915 1098 2966 Unum
1118 2917 1145 2965 le
1163 2928 1178 2966 e
1197 2915 1275 2968 turba
1292 2921 1360 2981 poe·

268 2987 355 3050 aptius
378 2985 483 3038 videtur
504 2989 613 3052 propter
632 2987 690 3051 ipse
710 2982 794 3035 verbu
832 2990 920 3038 terum
937 2988 1063 3051 quemvis
1078 2989 1191 3040 invitum
1201 2989 1357 3052 reddemus,

267 3063 295 3113 ie
318 3061 384 3111 boec
405 3063 538 3113 concedere
561 3060 669 3112 terbum.
712 3059 795 3111 Aliter
831 3060 941 3113 utillud
958 3061 1090 3126 studium,
1116 3063 1188 3128 quod
1211 3065 1357 3131 improbae,

268 3134 406 3188 Schulzlus
417 3138 444 3188 in
456 3137 606 3188 Exercitetl.
617 3135 706 3202 philol.
718 3136 792 3187 Fesc.
831 3139 925 3201 postea
941 3137 999 3202 ipse
1016 3135 1200 3190 celebraturus
1211 3140 1248 3191 sis
1260 3143 1288 3192 et
1298 3153 1359 3190 cer-

271 3223 349 3262 uoro.
391 3211 480 3276 liegae
509 3213 585 3263 com.
614 3210 686 3263 till.
711 3223 738 3274 p.
763 3209 792 3260 ³:
831 3212 1087 3276 minascripmms.»
1105 3215 1358 3280 Hoctemeuprope

270 3283 364 3337 «velut
380 3285 471 3338 ludaei
488 3285 571 3338 mrdto
589 3285 706 3338 clumore
724 3281 795 3335 mul·
832 3285 945 3338 nimium
961 3287 1076 3338 videtur.

707 3521 928 3546 Q
