3178 4972
272 413 333 477 474
636 415 765 464 llOllllTll
781 415 1002 489 Episnouaulnl

315 573 369 640 Sio
391 591 452 660 ego
474 571 604 638 maionis
626 569 752 658 fugiens
774 568 949 658 opprobria
971 569 1088 657 culpae

315 693 440 762 Frontis
463 693 504 760 ad
526 692 670 760 urbanae
692 691 848 759 descendi
871 691 1025 779 praemia.
1070 691 1195 771 Quodsi

316 816 505 904 Depositum
526 813 641 881 laudas
663 813 705 880 ob
728 813 821 879 amici
846 813 935 880 iussa
956 811 1132 900 pudorem,

316 937 427 1006 Scribe
452 937 496 1002 lui
518 937 626 1024 gregis
649 933 734 1001 hunc
756 945 788 1002 et
810 935 923 1001 iontem
946 934 1044 1002 crede
1064 933 1263 1025 bonumque.

271 1182 302 1228 ui
320 1175 417 1227 utilitas
439 1175 553 1230 indeed
570 1187 614 1226 me
632 1172 795 1231 usdaudein
835 1173 939 1236 pimus,
966 1172 1016 1223 sed
1038 1173 1129 1223 lamen
1146 1175 1256 1238 propter
1274 1174 1362 1224 certes

271 1252 497 1322 κατέἰρωνείαν.
516 1247 797 1310 Similiiervenboopis
835 1259 930 1297 causas
964 1244 1081 1298 obiicere
1115 1260 1169 1297 non
1206 1258 1360 1312 possumus.

271 1327 354 1377 ulitur
364 1326 434 1389 virg.
448 1328 513 1376 Aen.
525 1325 535 1374 4
548 1363 553 1384 ,
567 1324 627 1374 600:
646 1327 731 1387 qroles
738 1335 797 1384 per-
835 1320 889 1371 Cic.
902 1320 989 1370 Divin.
1007 1320 1033 1370 in
1052 1319 1149 1370 caecil.
1170 1321 1199 1382 4,
1214 1321 1224 1370 4
1237 1335 1243 1369 :
1267 1322 1302 1371 od
1316 1333 1363 1370 oc·

190 1439 194 1444 .
271 1401 465 1464 wwcradiqncs
475 1400 532 1449 Non
549 1399 617 1461 opis
632 1401 794 1457 calnoalroe,
834 1395 974 1444 modion
986 1395 1139 1445 4444444ηά444.
1168 1395 1364 1458 Sententialgl-

270 1477 345 1526 Dido.
374 1475 412 1525 Cl.
432 1475 484 1524 Sul.
507 1475 535 1535 4,
556 1474 585 1534 4,
607 1472 647 1523 74.
667 1499 695 1508 -
713 1473 797 1522 moio-
822 1472 878 1518 iun
895 1470 949 1519 est:
970 1471 1073 1520 «Ausus
1090 1481 1151 1520 sum
1162 1469 1266 1532 pudore
1278 1469 1364 1535 depo·

270 1549 440 1612 ris-uanae]
460 1549 576 1600 «Asiuiia
597 1550 624 1598 el
645 1544 797 1597 dissimula·
835 1543 884 1592 silo
903 1544 981 1594 amici
999 1557 1081 1594 causa
1097 1543 1139 1594 vel
1165 1544 1363 1596 inverecundus

271 1625 307 1674 iio
335 1624 465 1674 adversus
491 1623 608 1673 amicum
635 1623 721 1671 maior
748 1621 797 1670 en'l
836 1617 919 1666 lieni.»
947 1616 1065 1668 Aliorum
1088 1621 1177 1668 nutem
1202 1619 1363 1683 interpretu-

272 1697 362 1764 culpa,
389 1711 470 1763 quam
493 1700 515 1749 si
539 1697 606 1748 loric
629 1697 797 1760 importunus
836 1693 886 1742 lio:
912 1691 1061 1744 :Descendl
1078 1692 1150 1743 velui
1167 1693 1362 1745 inarenamed

270 1773 319 1824 tihi
336 1774 438 1826 fuero.»
835 1767 998 1830 acquirenda
1021 1769 1141 1831 praemia
1164 1768 1361 1833 impudentiae,

835 1840 920 1906 qualis
941 1855 1002 1892 esse
1024 1842 1094 1893 solei
1119 1843 1258 1894 hominum
1280 1843 1363 1894 urba·

304 1924 387 1975 44-43.
405 1925 506 1975 Flentis
516 1925 551 1974 od
560 1923 674 1973 orbonae
685 1921 798 1971 mendi
836 1929 943 1978 norum,
963 1916 1061 1982 quibus
1073 1918 1129 1968 lere
1142 1917 1220 1968 delur
1232 1919 1304 1982 qood
1315 1931 1363 1984 pe·

268 2001 393 2063 praeuio]
405 2001 485 2050 Frons
495 1999 630 2050 interdum
646 2010 695 2062 pro
712 1997 799 2060 impu·
836 1995 924 2054 luul‚»
942 1993 1162 2058 significationem
1178 1996 1364 2046 seleucenum

270 2075 368 2137 dentis,
383 2073 535 2132 insolentia,
549 2071 797 2134 lasiu3undefron·
835 2069 898 2118 huic
922 2066 981 2119 loco
1007 2070 1085 2119 unice
1109 2071 1199 2134 apium
1222 2081 1275 2120 non
1298 2071 1363 2121 salis

269 2157 318 2202 iem
338 2150 479 2212 porricere
496 2147 682 2211 «impudenter
699 2159 729 2196 se
749 2159 797 2208 ge-
834 2142 951 2192 miinere
968 2143 1083 2193 videtur.
1111 2144 1211 2194 Tertia:
1241 2145 1293 2194 alic
1315 2155 1364 2194 eo·

269 2238 357 2284 renen
368 2226 445 2288 finano
456 2220 701 2287 fronsSenecaede
713 2221 796 2269 Tran-
835 2217 967 2279 ginnonis
992 2218 1115 2281 perveni,
1142 2218 1172 2267 ul
1196 2219 1280 2270 satius
1301 2229 1362 2269 csse

270 2297 342 2362 quill.
365 2311 408 2347 an.
430 2297 460 2355 4,
485 2297 521 2358 4.,
546 2297 572 2345 ei
595 2296 621 2344 in
639 2293 796 2359 plebeculae
835 2295 958 2352 pulancm
970 2290 1363 2344 lnonlemobfinmansethuuc

270 2372 408 2422 Latinitate
425 2372 497 2434 frons
508 2371 669 2432 πριιάοναια
681 2370 794 2428 (Peteon.
835 2365 950 2415 fructum
966 2367 1108 2430 consequi,
1127 2369 1156 2416 ul
1167 2368 1323 2418 auclorilaie
1335 2370 1365 2417 ei

270 2445 320 2509 394.
343 2445 423 2495 Ficus
434 2445 535 2494 urbano
547 2457 587 2508 pr.
599 2445 639 2493 esi
651 2443 720 2503 eius,
740 2443 795 2506 qul,
835 2440 918 2502 gnatia
935 2441 1007 2504 apud
1024 2443 1051 2491 4ο
1067 2439 1157 2491 valere
1180 2441 1285 2502 dicam·
1312 2453 1362 2492 no·

270 2521 331 2586 quia
349 2521 375 2570 in
393 2519 462 2573 llrbe
479 2520 556 2580 vivii,
580 2519 668 2569 minus
688 2516 796 2567 timidus
834 2516 935 2565 tionem
945 2515 1030 2566 verbo
1038 2517 1157 2578 proemio
1168 2515 1273 2578 tribuli,
1292 2529 1362 2580 quae

270 2608 303 2645 ac
325 2595 464 2646 modestus
486 2597 528 2646 est
550 2593 649 2644 rustico
673 2592 740 2655 (Cic.
762 2589 795 2640 ud
834 2591 878 2640 vix
899 2591 925 2640 in
951 2605 984 2642 eo
1010 2593 1088 2643 inest.
1117 2590 1165 2644 nin
1191 2591 1308 2657 danique
1332 2605 1361 2643 v.

271 2671 342 2720 Fam.
356 2673 384 2732 44,
399 2671 443 2732 44,
463 2671 489 2719 l:
509 2669 629 2718 clamauit
642 2669 727 2730 ραάον
738 2667 797 2729 qui-
831 2667 949 2727 prccmiu
965 2665 1034 2717 male
1052 2668 1260 2732 interpretantur
1277 2679 1364 2718 «men-

269 2747 329 2795 ‹lom
342 2758 424 2807 poene
439 2743 649 2808 subrusticus.)
668 2754 699 2792 ac
711 2755 796 2806 prope
835 2741 941 2802 cedem,
955 2743 1077 2794 meritam
1087 2755 1266 2806 pomam.»-
1276 2741 1364 2792 Scribe

269 2820 374 2870 accedit
394 2820 428 2870 ad
449 2833 539 2870 mores
556 2830 709 2870 scurrarum
728 2817 797 2880 (qui-
836 2817 935 2880 (unum)
953 2817 1243 2882 tuiqreqis1pn.eclus
1261 2817 1361 2868 nomen

268 2894 385 2945 boscum
407 2895 549 2957 iunguntur
569 2893 662 2943 orbani
682 2893 748 2956 Epp.
766 2893 795 2953 4,
834 2892 860 2941 in
877 2890 969 2942 album
986 2893 1134 2942 amicorum
1148 2894 1257 2942 tuorum
1269 2891 1362 2942 nslerrl

270 2971 316 3030 45,
334 2970 375 3019 27.
395 2971 422 3018 ei
438 2967 521 3019 Plani.
533 2969 603 3019 Tria,
618 2969 647 3029 4,
666 2968 698 3028 2,
717 2967 794 3030 465.);
835 2965 928 3026 iubeo·
955 2967 1061 3031 «recipe
1086 2979 1148 3017 eum
1172 2968 1199 3018 in
1222 2969 1361 3017 achonem

269 3045 395 3107 quocirca
423 3042 558 3094 interdum
582 3041 625 3092 vel
653 3041 795 3106 potentiori
834 3042 962 3092 comitum
979 3044 1113 3092 luorum.»
1143 3041 1201 3092 «Sic
1217 3041 1290 3106 apud
1304 3043 1359 3093 Clo.

269 3120 356 3169 amico
373 3117 503 3169 molestus
526 3117 584 3168 fieri
601 3130 654 3168 non
672 3115 796 3167 reformi-
834 3115 868 3165 de
892 3115 935 3166 0r.
954 3117 985 3177 2,
1009 3115 1051 3166 64.
1075 3117 1103 3166 ai
1122 3115 1157 3166 ad
1178 3117 1250 3167 Fam.
1269 3115 1299 3178 ⁷,
1318 3115 1360 3167 33.

269 3193 315 3244 dal
332 3195 359 3244 ei
375 3193 427 3243 hoc
438 3193 515 3257 quasi
532 3193 573 3243 ius
584 3191 635 3242 sibi
652 3191 747 3252 sumit,
766 3192 796 3240 ut
834 3188 940 3242 sodales
961 3192 989 3240 el
1005 3188 1132 3255 aequales
1150 3190 1274 3242 dicunlur
1290 3203 1362 3256 yre-

269 3267 445 3318 confldentius
468 3279 498 3318 se
520 3269 596 3330 genai
622 3278 684 3317 cum
707 3266 795 3316 omni·
832 3265 947 3329 quies.»
965 3266 1089 3317 Doanmc.
1108 3267 1147 3317 De
1165 3267 1280 3329 genlllvo
1297 3277 1362 3331 pan·-

268 3343 333 3394 bus:
364 3343 426 3393 hinc
452 3343 537 3394 laceie
562 3343 692 3405 mio,
719 3341 792 3401 iura,
834 3340 906 3390 lilino
924 3339 1061 3402 eloco,
1082 3340 1125 3401 43,
1145 3341 1185 3390 43.
1207 3367 1234 3378 -
1250 3339 1362 3402 14444444-

272 3417 471 3468 Vorreciie.
501 3418 533 3467 V.
551 3417 695 3468 &suadere
713 3427 794 3466 usur-
833 3414 980 3478 oceanique]
1006 3415 1052 3466 Est
1077 3415 1153 3478 quasi
1179 3413 1305 3474 lucinula,
1332 3417 1363 3464 ui

268 3496 348 3558 palan
362 3492 396 3542 de
414 3505 457 3554 ne,
481 3505 564 3556 qaum
580 3495 668 3543 minua
686 3491 793 3554 dignam
831 3489 905 3553 soriis
921 3494 1085 3540 nemancos.
1115 3488 1174 3539 vid.
1187 3488 1222 3539 acl
1233 3487 1281 3540 cd.
1295 3487 1320 3550 4,
1334 3486 1360 3548 l.

269 3568 346 3619 nobis
363 3569 504 3619 censentes
520 3581 605 3633 prope
619 3567 691 3620 iuviti
707 3565 793 3618 susci·
832 3565 873 3613 29,
893 3565 920 3614 el
937 3563 1006 3614 conl.
1026 3565 1091 3628 Eup.
1107 3565 1136 3626 4,
1155 3565 1185 3624 l,
1205 3563 1246 3616 46.

702 3845 917 3868 --—'‘——’‘''——-—·:
