3192 4974
616 453 674 502 uls.
695 453 713 503 l.
749 453 847 503 uulsi.
868 453 897 502 ll.

254 617 375 680 Posces
397 621 470 676 ante
492 610 579 676 diem
601 607 718 676 librum
741 631 814 677 cum
837 609 972 686 lumine,
997 610 1023 674 si
1046 630 1110 674 non
1260 609 1301 674 35

253 733 405 802 intendes
428 734 570 799 animum
592 731 706 798 studiis
729 731 881 798 atrebas
904 730 1065 810 honestis,

254 856 377 923 invidia
399 855 450 922 vel
473 874 584 922 amore
606 853 680 942 vigil
708 853 913 941 torquebere.
957 855 1037 919 Nam
1058 874 1132 929 cur,
1185 912 1201 927 ,,

256 982 348 1060 Quae
370 978 502 1046 laedunt
524 975 669 1052 oculum,
694 975 826 1043 festinas
848 975 997 1056 demere;
1021 976 1048 1041 sl
1070 975 1150 1064 quid
1179 984 1196 995 ”

279 1179 320 1229 aa.
334 1175 542 1228 amaccora.
556 1175 617 1239 usq.
631 1177 709 1226 reas.
723 1203 749 1210 -
761 1175 802 1226 aa.
815 1173 1010 1240 automaypa:
1030 1174 1260 1236 matascone

248 1255 284 1316 (ln
302 1253 319 1302 S
337 1255 427 1302 umen
444 1263 579 1315 superscr.
603 1263 659 1310 anu
681 1249 707 1299 in
731 1249 750 1300 E
767 1253 828 1314 post
845 1263 869 1299 v.
889 1251 990 1300 laedam
1007 1252 1131 1315 quattuor
1150 1249 1269 1313 syllabae

248 1329 354 1380 excisae
372 1327 452 1388 sunt.)

214 1511 295 1562 quam
313 1509 375 1548 cum
398 1495 455 1547 aliis
473 1495 617 1556 annuam
645 1495 740 1546 saltem
778 1493 919 1546 turmulam
936 1509 986 1560 pro
1004 1497 1129 1560 suspecta
1146 1495 1229 1545 babet
1245 1494 1304 1545 Nal-

214 1571 357 1623 dixissent:
386 1572 486 1634 saepiae
510 1571 600 1621 celem
623 1571 740 1620 ambula-
778 1571 866 1620 tonius
887 1571 912 1620 in
936 1570 1074 1621 antibarb.
1096 1584 1122 1634 p.
1145 1569 1229 1631 tiit„
1254 1569 1304 1620 sed

214 1649 292 1696 ιίοοοε
301 1647 428 1710 conficere.
453 1643 558 1696 Falsum
570 1647 662 1696 contra
675 1644 740 1695 alio-
778 1645 813 1694 ita
832 1646 911 1696 etiarn
929 1647 1019 1696 laven.
1033 1647 1061 1706 9,
1081 1647 1144 1695 ⁴08:
1170 1647 1305 1696 Proaimm

214 1733 275 1771 rum
292 1723 334 1771 est
350 1719 569 1785 supplementum
585 1720 738 1783 asperatam
779 1725 838 1770 ante
856 1721 922 1770 dion
937 1734 1018 1782 caupo
1040 1721 1106 1770 sciet.
1137 1718 1201 1770 Plin.
1219 1721 1301 1784 Epist.

215 1796 314 1846 etenim
331 1795 462 1859 oppositio
480 1795 549 1845 iuter
565 1796 741 1859 superpiaea-
778 1795 808 1857 9,
826 1794 874 1846 lo:
901 1795 983 1856 lviiii,
1001 1796 1051 1844 niu
1068 1797 1134 1858 qood
1149 1797 1305 1846 meridialem

214 1873 273 1920 dam
290 1872 318 1920 et
334 1871 485 1926 eorumdum
502 1871 591 1921 miuus
613 1871 654 1920 est
675 1881 740 1920 con·
778 1883 879 1919 soniam
894 1870 1027 1930 oblinitur,
1045 1871 1200 1932 multumque
1216 1871 1246 1919 de
1257 1885 1304 1922 no-

214 1947 302 1996 cinua.
322 1969 352 1980 -
369 1945 468 2006 umes]
493 1945 535 1993 «Si
558 1945 664 1995 sudoris
687 1945 740 1995 im·
778 1951 816 1996 eta
836 1945 876 1995 vel
896 1950 954 1994 ante
969 1946 1008 1995 aet
1027 1949 1083 2007 post
1105 1945 1170 1994 dian
1185 1946 1301 1995 sumitur.

213 2021 316 2086 patiens
327 2017 402 2070 noles
414 2032 495 2070 sanus
510 2031 591 2069 cursu
605 2018 738 2070 interdura
781 2047 808 2056 —
818 2020 930 2070 intendes
947 2021 1061 2070 animam
1072 2019 1168 2081 studiis]
1186 2022 1216 2070 ut
1227 2020 1301 2070 Ouid.

213 2095 505 2155 virestuasexercere‚
525 2093 740 2144 seddomlotlc-
778 2095 854 2146 Trist.
868 2094 899 2156 t,
919 2097 948 2156 t,
968 2094 996 2146 l:
1022 2109 1092 2146 meas
1108 2096 1203 2145 intanta
1218 2097 1303 2148 molis.

212 2183 260 2221 sus
271 2169 351 2220 sedes
363 2171 391 2219 et
408 2169 555 2232 graecarts,
575 2168 740 2234 hydropicus
779 2171 885 2222 blatam.
900 2170 929 2230 6,
948 2171 978 2220 5:
1005 2172 1119 2220 animam
1139 2170 1201 2233 fatis
1221 2171 1305 2221 intan-

213 2242 355 2308 aliquando
371 2245 482 2308 propter
495 2241 625 2294 desidiam
644 2245 738 2304 lactus,
778 2246 822 2294 dil.
861 2247 941 2296 Poeta
967 2247 1029 2295 ante
1056 2244 1149 2296 oculos
1176 2244 1302 2296 babuisse

213 2317 352 2384 amcdioo
368 2319 457 2368 iussus
475 2329 580 2379 curres,
609 2331 671 2370 aum
691 2317 739 2368 tibi
776 2318 882 2370 videtur
903 2323 1066 2370 Graecorum
1090 2321 1243 2392 προσέχειν
1261 2321 1303 2372 vel

212 2394 290 2457 longe
307 2391 446 2443 molestius
458 2393 533 2442 erit.»
565 2391 634 2443 Cels,
648 2393 676 2454 3,
695 2394 737 2443 tt:
777 2393 890 2455 ἐπέχειν
914 2390 966 2445 τὸν
991 2389 1062 2446 νοῦν
1086 2397 1174 2446 τινὶ.»
1209 2397 1299 2448 Ouala¹

213 2466 381 2532 {liparopicisl
407 2467 514 2516 naama
542 2467 737 2530 marabadum,
779 2495 806 2504 -
832 2470 932 2532 stadiis]
958 2483 1038 2520 verae
1065 2472 1219 2536 sapientiae.
1254 2471 1302 2523 Alii

212 2543 364 2592 wantum
380 2541 519 2602 οῑίςνοοᾱο
535 2546 578 2592 est.
601 2540 690 2593 Altera
701 2541 740 2593 le-
776 2541 925 2607 languidius
942 2557 992 2609 per
1007 2539 1038 2595 ἓν
1055 2542 1102 2596 διὰ
1118 2544 1201 2597 δυοῖν
1218 2561 1303 2611 expo-

213 2619 265 2668 ctio
282 2616 366 2668 Codd.
380 2614 440 2680 aliq.
456 2619 483 2666 et
498 2615 564 2667 Edd.
583 2619 646 2667 vett.
663 2618 736 2682 (Van.
777 2621 842 2668 nunt
860 2619 969 2670 «studiis
992 2633 1084 2670 reram
1102 2623 1301 2674 honestarum.»

213 2691 296 2754 ltili.)
326 2692 354 2741 Si
369 2691 433 2741 nolis
448 2703 538 2752 saum,
557 2705 629 2742 auree
644 2693 739 2754 bairo-
778 2693 884 2757 -aipill
897 2695 1056 2758 Neuthuam
1070 2709 1116 2746 eos
1129 2709 1237 2760 sequor.
1257 2699 1302 2760 qui

210 2767 282 2830 piosa
308 2777 439 2830 perquam
467 2764 590 2830 placebat
619 2766 738 2816 Bentleio
775 2767 997 2832 interpretantur:
1027 2774 1217 2834 «experrectus
1239 2785 1300 2821 cum

212 2843 251 2893 sic
269 2842 424 2905 exponenti:
452 2841 492 2891 «Si
510 2840 577 2892 nolis
594 2855 675 2892 sanus
691 2855 738 2891 cx·
776 2842 842 2904 eris,
870 2845 953 2894 totum
976 2856 1026 2907 per
1049 2843 1121 2895 diem
1143 2845 1300 2897 cruciabere

212 2916 338 2982 pergisoi‚
363 2928 442 2966 cures
465 2915 612 2980 expergisci
635 2915 738 2979 bydro-
775 2915 852 2968 malis
877 2919 1105 2982 cogitationibus»
1139 2921 1220 2971 Recte
1246 2922 1299 2972 iam

212 2992 314 3056 picus.»
350 2991 412 3042 ltibi
429 2993 457 3040 et
477 2990 570 3040 durior
585 2989 692 3041 videtur
711 2993 738 3040 et
776 2992 936 3056 porphyrio:
957 2993 998 3042 aSi
1015 3007 1067 3044 non
1084 2997 1196 3058 propter
1212 2995 1300 3060 philo-

212 3078 296 3131 prope
313 3065 405 3130 putida
422 3079 486 3130 prae
503 3065 599 3128 altera,
617 3066 661 3118 vel
678 3081 738 3132 pro-
774 3067 895 3130 sophiam
911 3066 1073 3130 vigilaveris,
1099 3073 1210 3134 propter
1232 3073 1302 3122 invi-

212 3145 306 3206 pterea
323 3141 397 3204 quod
414 3141 492 3192 nimis
509 3141 554 3191 diu
567 3145 658 3194 contra
670 3147 737 3207 po'e-
775 3141 846 3192 diam
864 3145 892 3192 et
908 3157 1028 3194 amorem
1046 3143 1163 3196 dormire
1180 3161 1233 3197 uon
1250 3161 1300 3211 po-

212 3219 255 3268 tae
273 3227 378 3266 morem
393 3217 737 3268 immoratusessetinuna
774 3219 864 3268 teris.»
893 3219 940 3270 Est
955 3221 1046 3283 igitur:
1075 3222 1233 3284 «insomnis,
1261 3225 1299 3274 uti

212 3290 582 3356 ibaaapergisaeadiuotione,
603 3296 680 3357 quasi
691 3307 737 3343 ve·
774 3293 804 3342 fit
826 3293 951 3344 inanimi
972 3295 1244 3358 perturbationibus.»
1268 3323 1295 3335 ·-

212 3379 242 3416 ro
251 3364 658 3432 boclaopergisctlbydropicum
670 3367 737 3419 mul·
773 3367 882 3431 οοινίονι]
899 3371 1045 3420 Numerum
1063 3373 1129 3436 sing.
1143 3373 1193 3423 etsi
1205 3372 1300 3423 adver-

211 3443 268 3492 tum
289 3441 392 3491 iuvaret
413 3455 445 3492 ac
462 3447 582 3504 sanaret;
609 3443 637 3493 id
663 3443 735 3507 quod
772 3442 892 3494 sentibus
912 3445 980 3495 meis
1003 3447 1087 3496 codd.
1106 3449 1215 3510 retinui,
1237 3449 1297 3513 quia

212 3515 434 3568 absurdissimum
453 3521 501 3569 ast.
532 3519 633 3569 Novam
645 3520 737 3582 imagi·
774 3516 888 3579 festuca,
908 3518 1032 3583 pulvere,
1052 3521 1237 3587 similibusque
1254 3537 1299 3573 re-

211 3605 274 3642 nem
290 3591 376 3641 babes
393 3591 418 3642 in
437 3596 541 3654 nostra,
560 3591 594 3642 ab
607 3595 737 3658 antiquis·
773 3590 824 3642 bus
841 3606 910 3644 unus
927 3592 1086 3660 plerumque
1104 3597 1197 3648 oculus
1214 3597 1299 3648 laedi-

211 3665 285 3715 simis
297 3664 381 3715 Codd.
395 3667 459 3717 satis
471 3670 611 3731 praeterea
621 3668 734 3718 firmata.
774 3669 829 3726 tur3
856 3668 928 3719 unde
946 3683 1004 3731 eos,
1032 3673 1077 3734 qui
1101 3671 1152 3721 hoe
1170 3685 1222 3722 nan
1240 3675 1298 3723 ani-

213 3767 240 3776 -
253 3740 411 3806 νυοὶ-θρίων]
425 3740 593 3806 exemplum,
613 3755 666 3805 quo
678 3757 737 3793 cre-
773 3741 986 3807 madverteruat‚
1006 3759 1079 3795 num.
1093 3744 1223 3809 pluralem
1235 3747 1299 3798 sub-

210 3813 260 3864 bro
277 3815 304 3865 in
321 3814 419 3866 sobolis
436 3816 588 3867 utebantur.
619 3817 672 3868 Cir.
686 3817 733 3868 Od.
773 3818 889 3869 stituisse
907 3819 979 3869 haud
996 3819 1173 3884 improbabile
1186 3825 1234 3871 est.
1260 3823 1296 3872 Ex

209 3891 240 3950 2,
259 3890 288 3954 ἲ,
308 3891 349 3942 lu.
373 3889 440 3941 Plut.
461 3892 496 3941 de
512 3893 558 3942 vit.
578 3905 633 3942 aer.
653 3891 685 3941 al.
706 3893 734 3942 il:
773 3890 855 3942 altera
875 3897 965 3944 tamen
985 3899 1075 3958 parte,
1103 3909 1164 3946 curn
1189 3896 1297 3948 videam

209 3955 307 4035 ὥσπερ
324 3965 351 4015 ei
368 3963 446 4032 λέγοι
468 3961 541 4037 πρὸς
563 3961 662 4038 ἰατρὸν
683 3961 735 4036 ἄῤ-
772 3967 984 4030 antiquissimam
1002 3983 1063 4020 esse
1082 3968 1223 4021 lectionem
1240 3987 1299 4022 ocae·

209 4031 321 4106 ρωστος
348 4033 499 4111 ὑδρωπιῶν
526 4041 577 4091 καὶ
604 4035 734 4108 ᾠδηκώς.
773 4042 821 4100 los,
847 4041 908 4090 vide
933 4043 1013 4092 etiarn
1036 4045 1116 4107 atque
1138 4045 1234 4108 etiam,
1262 4063 1296 4098 ne

206 4105 317 4176 Ἰοχνός
339 4105 392 4165 οὖν
413 4116 540 4182 γένωμαι
562 4117 612 4168 καὶ
634 4115 735 4180 κενός,·
774 4117 832 4180 quis
847 4117 996 4167 accuratius
1008 4117 1058 4168 sibi
1076 4121 1240 4185 respondere
1253 4137 1297 4173 ra-

210 4187 244 4237 Τί
267 4185 292 4236 δ’
311 4182 346 4240 οὐ
365 4188 491 4255 μέλλεις,
518 4189 565 4240 ἵνα
590 4186 733 4264 byssinam
774 4193 816 4243 tus
833 4192 944 4253 οοοὶννη,
962 4193 1075 4243 animum
1092 4207 1165 4245 num.
1185 4197 1298 4260 singula·

210 4262 288 4326 -nal
307 4263 323 4312 i.
337 4278 363 4328 q.
377 4279 403 4315 v.
417 4265 458 4317 35.
475 4267 497 4316 si
513 4280 571 4317 non.
602 4267 641 4319 Ci.
659 4266 735 4318 lland
773 4281 832 4318 rem
850 4265 1013 4330 praetulerit.
1044 4271 1094 4321 lies
1112 4271 1203 4335 atique
1222 4276 1297 4337 parvi

210 4336 285 4388 Ture.
299 4339 341 4388 lV.
352 4351 378 4403 p.
389 4339 444 4390 488.
456 4346 550 4392 -ante
558 4341 631 4407 mou]
645 4343 734 4393 «liano
774 4345 815 4394 est
832 4343 973 4406 momenti,
997 4343 1046 4395 sed
1068 4348 1157 4396 umen
1175 4361 1297 4398 comme-

267 4429 359 4476 llonnr.
375 4441 423 4478 vor.
447 4432 472 4478 ll.
504 4444 544 4481 ro.
559 4445 611 4479 aar.
628 4433 664 4480 lll.
1100 4439 1128 4483 ili
