3174 4974
721 465 849 538 nonina
868 486 1091 538 nrisronnaun

729 965 994 1061 misnam
1016 999 1074 1061 n.

401 1138 507 1214 Flore,
533 1136 618 1202 bono
640 1133 794 1219 claroque
817 1129 921 1198 fidelis
943 1130 1046 1198 amice
1069 1131 1202 1208 Neroni,

335 1331 343 1358 Ι
400 1262 433 1327 Si
457 1259 529 1347 quis
552 1257 631 1332 lorte
656 1253 731 1320 velit
752 1274 890 1342 puerum
912 1251 967 1318 tibi
991 1252 1134 1319 vendere
1158 1263 1267 1320 natum

392 1536 422 1585 ll.
450 1533 648 1583 «Excusaturus
673 1541 703 1578 se
726 1526 789 1576 lulio
808 1525 884 1575 Floro
922 1522 988 1574 stola
1000 1525 1107 1574 sesacni
1114 1525 1234 1587 propiora
1246 1525 1445 1590 reprebenden-

360 1611 401 1674 (cl.
415 1609 497 1672 Epist.
512 1608 536 1667 4,
549 1605 598 1666 3.),
617 1602 689 1668 quod
707 1600 769 1652 nibil
787 1600 885 1650 littera·
922 1597 972 1647 dus
994 1612 1046 1647 non
1069 1601 1118 1648 est.
1148 1598 1251 1650 Similes
1268 1601 1331 1650 sunt
1346 1602 1403 1652 Sat.
1422 1604 1443 1661 4,

358 1697 418 1735 rum
436 1694 524 1745 neque
542 1679 692 1728 carminum
709 1676 743 1726 ad
761 1689 823 1726 eum
837 1675 885 1724 mi·
921 1675 950 1735 2,
969 1673 1009 1724 39.
1031 1674 1095 1736 l,8‚
1109 1675 1133 1724 9.
1153 1676 1192 1724 li.
1211 1675 1250 1726 36.
1264 1676 1305 1726 cc.
1323 1678 1350 1738 2,
1364 1678 1390 1740 8,
1405 1678 1443 1727 44.

357 1759 434 1818 serit,
462 1757 578 1820 primum
603 1752 690 1816 lepida
713 1749 883 1800 similitudine
921 1747 1001 1812 Epist.
1017 1750 1085 1810 4,5,
1099 1750 1140 1799 27.
1161 1751 1185 1808 l,
1200 1751 1240 1811 46,
1252 1751 1294 1801 40.
1313 1751 1343 1812 2,
1356 1753 1387 1814 2,
1406 1753 1444 1802 i.»

357 1831 498 1898 significat,
512 1843 541 1880 se
554 1826 617 1878 nibil
628 1826 807 1891 proficiscenti
820 1825 884 1874 ami·
922 1847 950 1858 -
969 1823 1040 1887 banc]
1066 1823 1105 1873 De
1126 1823 1251 1876 laudibus
1273 1825 1311 1875 ni.
1335 1824 1445 1876 Claudio

358 1923 390 1960 co
407 1906 576 1972 promisisse,
596 1903 678 1952 immo
690 1913 767 1951 suam
778 1900 804 1949 in
816 1899 884 1950 scri-
920 1898 1018 1948 Neroni
1034 1899 1123 1949 iuveni
1139 1900 1279 1964 impertitis
1295 1916 1320 1951 v.
1339 1901 1444 1968 lippi,

352 1981 448 2034 >bando
462 1979 592 2044 pigritiam
608 1977 720 2038 ingenue
732 1973 882 2038 professum
920 1971 943 2021 9.
962 1973 1016 2022 init.
1031 1997 1059 2008 —
1077 1973 1106 2024 Sl
1123 1975 1179 2035 quie
1195 1975 1258 2038 cet]
1276 1977 1348 2026 «Non
1361 1979 1445 2040 magis

357 2070 418 2108 esse
437 2057 489 2119 (vv.
503 2052 594 2114 aaa).
617 2052 655 2100 De
673 2047 834 2100 carminibus
846 2048 884 2098 ri·
919 2047 992 2096 recta
1010 2047 1038 2096 tu
1055 2060 1163 2098 mecum
1175 2050 1231 2112 agis
1244 2050 1380 2115 pigritiam
1392 2065 1446 2102 me-

357 2133 424 2183 dens
442 2127 601 2192 respondet,
627 2138 657 2174 se
676 2123 812 2188 quondam
830 2136 882 2172 non
919 2133 965 2171 am
988 2122 1205 2186 reprehendens,
1232 2137 1313 2189 quam
1340 2127 1362 2176 si
1388 2127 1445 2192 quis

357 2207 408 2256 nisi
426 2203 582 2269 paupertate
595 2199 629 2248 ad
640 2210 734 2248 versus
746 2197 882 2249 iaciendos
920 2199 1010 2259 empto
1038 2210 1122 2261 puero
1148 2200 1273 2262 mangoni
1297 2198 1374 2250 litem
1397 2215 1446 2265 po-

357 2280 490 2336 macium,
504 2287 575 2324 nunc
587 2273 697 2336 quidem
708 2270 818 2322 meliore
831 2271 883 2322 lor-
919 2273 975 2321 stea
988 2274 1117 2332 moveret,
1131 2274 1253 2335 quamvis
1269 2274 1312 2324 hic
1331 2277 1445 2340 emptori

357 2359 419 2404 tuna
445 2351 565 2399 utentem
591 2347 701 2398 beatum
730 2346 813 2396 otium
841 2346 882 2396 bis
919 2347 1008 2395 omnia
1026 2348 1149 2411 mancipii
1169 2349 1231 2397 vitia
1248 2351 1444 2413 exposuisset.-

355 2424 493 2478 laboribus
515 2421 592 2484 longe
612 2419 748 2486 praeferre
767 2420 817 2482 (vv.
835 2421 882 2469 25-
920 2421 957 2471 Cl.
970 2421 1024 2470 Cic.
1036 2421 1070 2472 de
1083 2423 1147 2486 liep.
1159 2422 1186 2483 3,
1201 2423 1247 2472 lii:
1266 2424 1446 2488 amacina

355 2500 422 2563 54.);
442 2496 539 2548 deinde
558 2496 628 2546 serio
645 2495 755 2544 excusat
766 2496 881 2546 aetatem
918 2496 1116 2546 babeotsemum
1125 2498 1446 2562 fugitiuum-minema

356 2587 447 2634 suam,
460 2573 612 2635 importuna
623 2567 753 2620 lectorum
767 2569 879 2630 fastidia,
915 2571 1073 2635 profitebitur
1095 2572 1230 2636 [optivum
1249 2587 1349 2624 aemma
1363 2603 1381 2614 -
1392 2603 1407 2614 -
1422 2589 1446 2626 aa

354 2648 474 2700 urbanae
498 2647 569 2695 ultae
591 2643 782 2708 impedimenta
800 2646 880 2707 atque
918 2647 1040 2708 eandm,
1061 2661 1097 2696 aa
1112 2647 1202 2697 celabit
1217 2649 1377 2710 ereptorem?
1393 2654 1444 2702 cet.

354 2723 448 2775 turbas
459 2720 515 2785 ’(νν.
532 2719 642 2781 35-86.),
661 2720 689 2768 et
705 2717 834 2781 significet
850 2731 880 2770 se
920 2745 948 2756 -
965 2720 1100 2771 Tibureoct
1111 2720 1204 2785 Gabiis]
1224 2723 1269 2772 nin
1281 2721 1341 2773 villa
1355 2723 1445 2789 aliqua

354 2801 509 2865 pertaesum
530 2807 590 2846 essa
613 2797 700 2844 omnis
723 2793 802 2844 huius
819 2807 881 2843 car-
918 2794 1052 2846 Tiburtina
1070 2795 1112 2846 vei
1124 2795 1238 2858 Gabina,
1258 2796 1326 2848 adeo
1343 2801 1376 2849 ut
1391 2814 1446 2850 ow

354 2873 458 2924 minum
474 2867 677 2936 pangendorum
695 2867 774 2918 studii
792 2867 827 2917 ob
840 2869 880 2918 in·
917 2886 953 2921 aa
974 2871 1006 2934 (v.
1027 2871 1062 2934 6.)
1079 2871 1127 2930 sit,
1155 2873 1245 2922 Latine
1269 2874 1347 2936 igitur
1363 2877 1443 2935 sciat,

354 2951 430 3012 aptos
449 2960 480 2996 ac
498 2943 615 2994 misellos
633 2945 671 2992 tot
688 2945 827 3006 poctarum
840 2943 880 2993 sui
918 2944 1116 3014 liberalibussit
1128 2946 1229 2998 artibus
1241 2947 1370 3010 imbutus,
1385 2949 1445 3014 plu-

354 3022 483 3086 tcmporis
500 3019 535 3069 ad
552 3019 670 3068 favorem
688 3018 880 3068 hominumat·
918 3022 954 3071 ris
980 3021 1069 3084 itaque
1095 3021 1277 3072 aestimandus
1303 3025 1331 3074 et
1359 3027 1445 3088 magis

354 3110 407 3160 que
433 3095 539 3146 landem
567 3090 727 3156 captandam
752 3089 879 3143 tumultus
917 3095 1029 3144 idoneus
1047 3094 1080 3144 ad
1098 3097 1184 3145 omnis
1202 3097 1308 3160 generis
1325 3099 1446 3150 ministe-

353 3184 416 3222 cum
434 3169 566 3232 legitimae
584 3168 646 3217 artis
665 3165 827 3228 ignorantia,
846 3167 880 3217 si·
916 3171 967 3231 ria,
986 3182 1067 3232 quam
1080 3170 1101 3219 si
1113 3167 1246 3221 barbarus
1258 3176 1342 3234 esset,
1356 3174 1445 3226 Thrax

353 3244 462 3308 mulque
480 3243 585 3293 seniora
606 3239 738 3304 quaedam
757 3243 784 3290 et
800 3253 880 3290 seve·
917 3243 958 3294 vei
984 3243 1153 3308 cappadox.»
1187 3245 1230 3294 Slc
1253 3259 1442 3311 exposueram.

352 3323 422 3371 riore
454 3319 518 3368 artis
544 3319 687 3380 praccepta
712 3317 743 3366 iis
769 3316 879 3380 opponit
916 3319 1013 3370 contra
1039 3317 1102 3368 dicii
1128 3316 1331 3384 Dillenburger:
1367 3323 1445 3375 «licii

354 3396 406 3459 (vv.
424 3391 562 3452 si-itoi.
594 3392 732 3440 Postremo
750 3390 876 3450 studium,
916 3405 1061 3458 quaerere,
1088 3405 1136 3442 cur
1161 3393 1257 3444 Tibure
1282 3396 1325 3446 vel
1353 3399 1444 3452 Gabiis

353 3468 426 3534 quod
438 3469 494 3516 tam
506 3465 660 3528 lnequenter
671 3465 696 3514 in
709 3465 749 3514 bis
761 3463 878 3527 epistolis
916 3471 1007 3518 natum
1025 3480 1138 3530 puerum
1151 3467 1274 3519 maluerit
1289 3483 1445 3537 proponere

353 3542 505 3610 profitetur,
529 3540 674 3603 sapientiae
695 3541 817 3600 excusat,
836 3540 877 3588 cui
916 3555 997 3607 quam
1016 3540 1113 3600 alium;
1133 3543 1174 3592 est
1191 3544 1263 3594 enim
1280 3558 1349 3608 puer
1365 3561 1445 3611 pere·

353 3631 425 3670 nnnc
440 3615 537 3666 relictis
549 3627 675 3664 versuum
688 3611 789 3663 lusibus
801 3615 878 3664 unice
917 3619 1006 3681 grinus
1019 3615 1130 3679 (malim:
1150 3629 1237 3681 nuper
1247 3619 1275 3668 in
1287 3619 1386 3672 Urbem
1399 3622 1445 3673 ad-

354 3693 460 3746 deditus
478 3691 525 3750 sit,
549 3691 629 3752 atque
647 3701 727 3738 aurea
745 3688 878 3751 quaedam
917 3693 1021 3753 ductus)
1048 3691 1075 3740 et
1099 3692 1263 3754 incognitus;
1290 3694 1340 3745 sed
1356 3699 1445 3761 poetis

354 3779 436 3820 sanae
462 3763 570 3814 rationis
593 3763 734 3827 praecepta
753 3762 804 3812 hoc
822 3763 880 3827 ipso
918 3769 991 3818 certa
1014 3765 1127 3828 imagine
1150 3778 1218 3830 opus
1236 3767 1285 3818 est.
1315 3769 1445 3822 Celerum

354 3841 441 3894 studio
467 3838 516 3889 sibi
542 3838 694 3901 comparata
713 3849 776 3887 cum
793 3838 880 3887 amico
918 3842 1051 3894 admirare
1071 3844 1157 3891 anem
1174 3843 1274 3892 Horatii
1296 3843 1323 3895 in
1340 3845 1446 3896 descri-

355 3913 536 3968 communicat
561 3913 612 3975 (vv.
632 3911 688 3962 444.
708 3911 742 3960 ad
760 3911 879 3975 linem).·³
917 3915 1013 3968 bondis
1039 3929 1070 3965 ac
1095 3915 1200 3966 tuendis
1227 3929 1394 3982 mangonum
1419 3922 1447 3970 et

354 3993 429 4042 Znnn.
447 3991 487 4040 Dc
501 3989 579 4038 huius
589 3985 715 4050 epistolae
725 3986 834 4038 consilio
847 3988 879 4038 cl.
917 3993 1098 4043 mercatorum
1120 4002 1227 4041 merces
1251 4003 1315 4043 snas
1331 3991 1447 4045 landan-

356 4067 438 4116 etiam
454 4061 631 4114 Walckenaer
641 4062 672 4111 11.
691 4075 718 4126 p.
732 4060 790 4113 lie.
809 4063 881 4113 Scri-
918 4067 985 4117 tium
1000 4063 1121 4116 moribus
1132 4066 1314 4129 conspicuam.
1334 4068 1373 4118 cl.
1387 4069 1444 4119 cic.

356 4142 401 4206 pta
418 4138 525 4188 videtur
540 4135 686 4186 Ilirchnero
703 4149 727 4185 a.
744 4136 879 4188 uellit.
919 4141 952 4191 da
971 4139 1044 4190 Olflc.
1063 4139 1092 4200 3,
1111 4140 1155 4200 li,
1169 4140 1227 4191 7⁴.»
1253 4141 1390 4192 Deforme
1404 4143 1448 4194 Ti-

391 4213 446 4263 4-6.
470 4212 544 4262 Flore
555 4211 617 4273 cab]
635 4212 673 4261 De
686 4209 762 4260 Floro
773 4225 800 4262 v.
815 4212 879 4276 Epp.
918 4215 979 4264 bure
995 4227 1043 4280 pro
1057 4214 1141 4264 Tiburi
1151 4213 1184 4264 cl.
1198 4214 1232 4265 ad
1244 4215 1310 4280 Epp.
1325 4217 1349 4278 4,
1362 4216 1386 4276 8,
1402 4217 1445 4268 ii.

358 4289 369 4338 4
381 4327 386 4350 ,
400 4287 424 4336 3.
443 4283 628 4349 Dillenburger
643 4284 678 4335 ad
695 4285 761 4350 Epp.
776 4287 800 4346 4,
813 4287 837 4348 9,
851 4285 880 4337 l:
921 4316 948 4326 -
962 4287 1033 4353 agat]
1046 4287 1102 4339 «bis
1114 4285 1203 4339 verbis
1215 4291 1306 4339 lecim
1317 4291 1447 4341 contra-

360 4363 473 4412 aVersus
490 4359 664 4424 negligentius
679 4359 763 4412 lacius
780 4362 806 4411 in
824 4361 882 4426 epi·
918 4365 1016 4413 otei.»
1036 4362 1121 4413 Con.
1140 4363 1219 4420 Caua.
1247 4363 1394 4427 (Barbare.)
1416 4393 1445 4404 -
