3130 4966
589 413 647 463 ua
668 413 687 462 ι.
723 413 790 464 sir.
811 415 851 464 ιιι.
1222 413 1263 476 55

178 571 239 635 lut
261 569 391 636 tacitum
414 566 556 656 impellat
578 569 692 656 quovis
715 559 865 636 sermone
889 568 1059 636 molestus:
1223 573 1263 638 ab

176 691 335 756 &moroni
355 710 447 755 aenan
463 689 561 776 plone
583 701 682 768 caret,
708 691 881 780 inquimus.
925 691 1031 769 Eheu,

174 814 278 892 Quam
301 821 423 878 lemme
446 811 478 876 in
501 819 627 879 nosmet
647 810 753 899 legem
774 811 937 880 sancimus
961 811 1118 901 iniquam!

174 936 254 1000 Nam
274 933 361 1000 vitiis
383 952 479 1000 nemo
501 933 571 1000 sine
594 933 752 1013 nascitur;
777 934 917 1021 optimus
940 933 992 1000 illo
1017 943 1081 1012 est,

173 1054 234 1134 Qui
262 1054 404 1121 minimis
425 1065 567 1142 urgetur.
611 1055 740 1122 Amicus
763 1054 882 1133 dulcis,
906 1065 941 1121 ut
963 1075 1103 1143 aequum
1127 1067 1190 1134 est,

83 1227 90 1240 ,
175 1177 256 1244 Cum
278 1196 352 1243 mea
374 1185 564 1263 compenset
585 1176 670 1242 vitiis
691 1175 792 1256 bona;
816 1176 963 1264 pluribus
985 1176 1090 1254 hisce,
1218 1180 1259 1244 70

238 1320 279 1370 65.
290 1317 411 1382 impellat]
420 1317 527 1381 appellet
534 1320 573 1380 m,
585 1318 706 1381 appellem
715 1319 744 1380 C,
755 1319 875 1381 inmodici
884 1317 1019 1370 Bentleius
1029 1320 1097 1370 coni.
1108 1347 1134 1356 —
1143 1322 1230 1383 quovis

203 1407 330 1445 emmae:
344 1393 504 1443 «liobetusln
519 1391 657 1444 liircbner.
669 1421 697 1428 -
709 1394 749 1443 66.
759 1394 814 1444 Heu
827 1395 875 1444 bene
888 1394 921 1459 [pl
940 1395 967 1445 F.
980 1423 1007 1431 -
1018 1395 1059 1446 67.
1073 1395 1143 1446 nobis
1155 1409 1183 1461 p.
1199 1422 1227 1432 -

203 1468 245 1518 lc.
260 1468 322 1518 Com
333 1467 439 1518 libScd:
460 1467 542 1529 Quum
554 1469 586 1518 ll.
602 1493 630 1504 -
643 1473 785 1530 compensat
795 1467 936 1518 Sanadouo
947 1471 1056 1520 auctore
1069 1470 1192 1534 Doering.

170 1591 223 1640 tius
241 1589 338 1640 dicitur
356 1587 567 1654 «interpellare-
588 1616 615 1625 -
635 1603 698 1652 quo-
736 1591 999 1656 cumPorpbyriouo:
1015 1592 1259 1657 «almodiislmeisl

169 1665 209 1713 oie
232 1661 354 1725 cornone]
379 1665 480 1728 «primo
504 1676 613 1728 quoque
639 1675 699 1714 ser·
735 1665 1039 1728 nieabonocompenset.»
1058 1667 1261 1732 Comigiturest

171 1751 262 1799 moue,
287 1739 332 1802 qui
356 1739 509 1802 importuno
533 1739 559 1788 in
582 1737 698 1788 buccam
736 1741 908 1804 praepositio,
922 1753 975 1791 uon
988 1742 1149 1804 coniunctio,
1163 1745 1192 1792 ut
1204 1741 1260 1792 aliis

170 1815 270 1864 venit.»
296 1839 323 1850 -
347 1814 378 1864 V.
396 1815 512 1864 mlestus
537 1814 609 1864 iunxi
634 1825 696 1864 cum
735 1812 823 1877 placet
833 1813 1174 1866 construentibus:dmicos
1184 1815 1263 1865 deicis

170 1887 410 1952 praecedentibus:
442 1889 583 1952 redeoque
612 1885 697 1939 mole·
734 1901 805 1950 cnm,
824 1893 1037 1952 diacoconem,
1056 1893 1261 1952 cmnpeneelmeo

170 1963 227 2013 stus
248 1961 320 2013 liat.»
357 1960 404 2013 nin
421 1961 456 2013 ab
474 1963 525 2012 buc
542 1975 607 2013 voce
624 1962 697 2012 dire-
734 1962 800 2012 bono
814 1962 895 2020 vitiim
914 1975 967 2025 qua
985 1962 1094 2026 quidem
1112 1965 1138 2014 in
1158 1965 1260 2015 ratione

170 2039 241 2086 ctam
280 2037 430 2088 orationem
466 2038 611 2102 incipiunt:
646 2049 698 2086 aar·
733 2041 818 2087 vuol
832 2049 941 2098 ocqmnn
951 2042 986 2086 est
1001 2036 1259 2089 suolococollocota

169 2125 256 2162 mone:
270 2112 403 2162 «notario
414 2113 481 2175 (est),
494 2113 621 2162 connnnni
632 2113 695 2171 cet,
734 2126 786 2163 uon
798 2113 869 2162 sunt.
888 2112 1014 2176 speciose
1027 2111 1135 2175 quidem
1147 2113 1261 2163 Diintzo-

170 2189 200 2236 ut
226 2187 296 2236 baec
326 2187 457 2237 sententia
489 2188 536 2238 sit:
567 2187 608 2236 «Si
637 2185 696 2248 quis
733 2199 779 2237 rus
803 2187 932 2249 «Quidni,
956 2187 1054 2250 iuquit,
1080 2189 1104 2238 si
1120 2189 1260 2252 praeposi-

171 2259 249 2324 paulo
266 2259 411 2324 simplicior
422 2263 475 2320 est,
494 2263 538 2322 ut,
557 2273 619 2310 cum
632 2257 696 2324 quid
734 2261 804 2312 tione
822 2261 860 2310 uti
877 2259 996 2324 volebat,
1019 2260 1139 2312 scribere
1156 2264 1260 2326 potuis-

170 2335 279 2398 babeat,
298 2336 370 2399 quod
388 2336 466 2386 amici
479 2335 697 2399 interesseputet
733 2337 788 2386 set:
815 2335 877 2386 Corn
896 2336 964 2384 vitiis
983 2349 1041 2386 mea
1057 2341 1195 2399 compenset
1214 2337 1259 2386 bo-

171 2410 278 2472 audire,
298 2409 383 2461 laetus
394 2412 517 2460 accurrat
534 2421 596 2460 cum
607 2422 695 2473 eoque
732 2411 803 2460 noll
828 2412 861 2462 At
885 2413 963 2474 poeta
990 2411 1123 2461 artissime
1149 2413 1258 2474 iungere

171 2485 251 2534 etiam
268 2485 356 2534 miuus
368 2484 511 2535 commodo
531 2487 652 2548 tempore
665 2481 697 2532 il·
732 2483 840 2534 volebat
856 2485 979 2536 vitiorum
992 2488 1019 2536 et
1029 2484 1163 2537 bonorum
1176 2487 1259 2535 notio-

171 2557 215 2608 lud
239 2560 433 2619 communicet,
458 2558 602 2610 molestum
624 2557 696 2608 hunc
733 2572 790 2610 nes.
804 2561 946 2610 Praeterea
955 2553 1112 2610 ἀσύνδετον
1125 2561 1168 2610 bic
1179 2559 1257 2624 longe

171 2633 284 2684 dicimus
302 2635 426 2698 vitaeque
446 2634 596 2684 communis
617 2631 695 2697 plane
733 2632 891 2684 alacriorem
904 2633 993 2684 reddit
1005 2635 1162 2696 orationem,
1176 2647 1258 2698 quam

170 2710 318 2771 ignarum.»
339 2736 366 2745 -
387 2709 517 2760 mummi
533 2707 613 2771 sensu]
632 2707 659 2759 b.
677 2705 693 2756 l.
732 2709 847 2772 protasis
873 2722 924 2772 per
952 2709 1166 2760 coniunctionem
1191 2721 1256 2759 mm.

170 2782 243 2832 acius
261 2781 335 2846 quod
357 2782 451 2842 decet;
477 2782 562 2845 qualis
586 2781 695 2846 quidem
732 2783 842 2833 Accedit
858 2781 932 2846 quod
954 2794 1115 2846 comportare
1131 2795 1186 2833 rem
1201 2795 1259 2832 ann

170 2869 266 2908 sensus
283 2858 403 2908 omnium
420 2857 559 2908 hominum
577 2869 638 2908 esse
650 2855 697 2906 de·
731 2870 760 2908 re
783 2856 809 2907 id
833 2856 911 2921 plane
929 2857 1072 2921 significat,
1100 2855 1173 2920 quod
1190 2857 1216 2907 b.
1238 2857 1256 2906 l.

171 2931 241 2982 bct·
276 2934 379 2983 Seneca
397 2933 431 2983 de
442 2932 533 2982 Benel.
547 2933 574 2992 l,
594 2933 639 2982 ιιι
657 2931 696 2981 Sit
732 2931 893 2996 requirimus
906 2931 1060 2996 «pausando
1072 2943 1257 2995 compararas

169 3006 321 3071 inbeneflcio
331 3020 417 3057 sonem
427 3007 577 3057 commonia·
601 3011 697 3068 mnne
732 3008 844 3071 dapepen
860 3006 886 3056 in
903 3007 943 3055 die
955 3006 1103 3070 Wapscbale
1114 3005 1195 3068 bpen,
1214 3006 1260 3055 de·

169 3082 251 3131 bono
268 3095 393 3144 personas
409 3081 531 3143 observet,
558 3080 618 3142 quio
639 3093 696 3130 mo-
731 3093 809 3144 pepen
825 3079 924 3141 bollan,
948 3081 979 3128 ut
996 3080 1051 3130 Cic.
1070 3081 1121 3129 Pis.
1141 3078 1187 3139 30,
1210 3079 1256 3129 lc:

167 3156 257 3205 medis
283 3157 410 3218 quaedem
436 3159 514 3220 prato
541 3160 565 3205 ct
591 3155 696 3219 inorata
731 3157 820 3206 Nonne
841 3153 1009 3216 conpuncto
1029 3167 1087 3203 mon
1107 3167 1159 3204 orio
1177 3155 1259 3203 cerei·

167 3234 233 3280 unt.
268 3231 417 3282 AGraecls
439 3231 552 3282 mutuati
575 3242 634 3280 esse
654 3229 696 3280 vi-
732 3230 788 3280 ento
806 3229 868 3293 (quo
891 3227 1010 3278 offensus
1033 3239 1094 3278 esse
1114 3226 1259 3291 putabatur

167 3305 266 3355 dentur
274 3306 366 3354 batim.
377 3303 622 3375 Philodemusnapt
633 3318 696 3354 noe
733 3303 884 3368 Pompeius)
902 3307 937 3352 tol
947 3313 1005 3353 mec
1014 3301 1144 3352 columina
1154 3301 1258 3352 medoen

167 3374 289 3446 ημάτων
306 3393 333 3444 p.
353 3381 396 3442 ll,
416 3381 456 3430 ic.
475 3379 575 3430 Diibn.:
593 3375 647 3444 τὴν
663 3375 695 3430 δὲ
731 3377 857 3428 suornm?
874 3377 972 3428 Contra
983 3389 1144 3440 cmnpnnam
1159 3389 1215 3427 ron
1229 3390 1258 3426 rc

165 3452 300 3506 διάνοιαν
316 3481 331 3493 -
348 3483 364 3494 -
379 3451 633 3525 παρεκβεβηκυῖαι
643 3449 695 3504 τὸν
731 3453 820 3517 potius
839 3454 882 3504 est
898 3450 1087 3516 «adpensando
1103 3463 1255 3515 reparare»,

166 3526 268 3581 κοινὸν
284 3527 363 3582 νοῦν.
400 3530 453 3581 Cir.
466 3528 571 3580 Ellendt
588 3529 622 3579 od
638 3529 692 3578 Cic.
732 3527 883 3590 mdwdpm,
907 3527 1001 3576 wieder
1016 3531 1062 3590 put
1077 3525 1196 3586 macben,
1215 3538 1258 3574 er·

166 3606 202 3656 de
223 3605 267 3656 Or.
291 3606 319 3654 T.
344 3606 375 3654 11.
398 3617 426 3668 p.
449 3604 481 3654 ld
501 3617 543 3668 sq.
571 3631 598 3640 —
616 3603 693 3667 libere]
731 3599 1154 3663 setrm,utCic.0rat.6l,2l6:
1174 3599 1257 3661 Spont-

166 3681 242 3731 llanc
270 3679 430 3744 scripturam
462 3680 527 3730 satis
559 3677 695 3728 vindicent
732 3678 791 3727 deus
803 3675 1060 3738 poncitotompedmn
1070 3675 1257 3738 pravitatem

165 3754 260 3819 optimi
290 3755 389 3817 quiquo
420 3753 521 3815 codd,
551 3752 581 3802 ut
611 3753 694 3803 nostri
731 3757 754 3802 ct
771 3752 891 3802 tarditate
906 3755 1056 3813 conponat
1084 3749 1123 3798 De
1141 3759 1258 3811 praepo-

165 3839 271 3880 omues.
313 3827 390 3878 Haud
415 3829 490 3878 Turs.
513 3829 549 3880 11.
576 3840 602 3891 p.
629 3826 691 3877 359:
731 3825 824 3876 sitione
836 3828 1015 3876 autemasuo
1028 3823 1135 3874 nomino
1153 3825 1257 3872 remote

166 3905 213 3953 uin
224 3905 347 3954 extremo
359 3915 440 3953 versu
451 3901 533 3952 nimia
545 3914 605 3953 esse
618 3901 694 3952 vide-
730 3900 783 3950 vid.
796 3914 822 3949 v.
837 3900 881 3951 68:
899 3899 987 3950 viliis
1002 3911 1074 3948 nono
1090 3899 1156 3948 eine
1171 3897 1258 3948 noad-

165 3981 210 4028 lor
226 3977 266 4028 vis
283 3976 396 4042 duplicis
413 3977 484 4027 ben».
504 3977 570 4027 Huic
587 3975 693 4026 diversa
729 3981 781 4026 tnr.
800 3976 853 4025 Sat.
876 3977 904 4036 l,
923 3975 968 4035 40,
995 3975 1040 4023 et:
1069 3973 1258 4035 cicimiano

165 4053 299 4104 sententia
317 4055 360 4102 est
376 4052 467 4102 Bacbii
483 4051 518 4102 ad
535 4051 610 4102 Ovid.
629 4051 691 4102 lllet.
730 4053 814 4101 inter
846 4049 916 4100 iubeo
939 4049 1045 4111 plorare
1072 4048 1254 4098 cathedrae.

165 4127 195 4188 3,
214 4126 272 4178 lea.
731 4123 806 4176 Coui.
826 4123 925 4174 Herbst
941 4124 1016 4173 Lecti.
1040 4123 1127 4173 Veneta
1142 4123 1159 4174 l.
1173 4135 1200 4186 p.
1214 4119 1254 4171 al.
1354 4161 1355 4166 ,

734 4227 760 4236 —-
774 4198 890 4262 plicibus
907 4197 979 4260 bisce]
998 4198 1111 4247 nonest
1128 4194 1257 4244 ablativus

200 4275 289 4326 nc-ra.
317 4275 379 4326 Com
399 4288 458 4326 mec
479 4276 541 4337 cet]
561 4275 691 4326 Construe
729 4273 877 4335 absolutus,
890 4272 1018 4322 ulvisum
1032 4271 1195 4331 estAcroui,
1208 4269 1257 4320 sed
