3022 4984
333 445 396 515 760
457 429 462 438 '
576 445 578 450 ’
671 472 692 480 ..
813 446 943 502 uoauru

375 605 467 674 Grais
490 605 668 693 ingenium,
694 604 786 672 Grais
808 604 898 672 dedit
918 625 977 673 ore
999 605 1136 674 rotundo

374 728 464 793 Musa
487 726 592 814 ioqui,
615 737 745 814 praeter
768 725 898 794 laudem
918 727 1038 794 nullius
1059 729 1175 796 avaris.

374 848 506 916 Romani
530 850 621 935 pueri
642 847 745 936 longis
768 846 946 916 rationibus
968 869 1074 916 assem

373 969 508 1036 Discunt
529 970 561 1034 in
583 979 692 1056 partes
713 978 842 1036 centum
863 969 1028 1038 diducere.
1073 971 1166 1038 Dicat

397 1167 454 1217 323.
474 1167 550 1217 Graia
559 1193 571 1202 ·
581 1193 592 1203 ·
604 1166 680 1216 Grais
697 1166 762 1215 bed:
791 1165 877 1216 Graiis
887 1192 899 1202 -
909 1193 920 1202 -
931 1167 1017 1216 Graiis
1032 1167 1091 1217 BST
1104 1168 1130 1218 et
1142 1169 1166 1218 Μ
1178 1180 1240 1219 cum
1254 1169 1321 1220 Edd.
1334 1169 1381 1234 ple·

363 1241 464 1305 risque.
484 1241 558 1292 Coni.
572 1241 620 1291 Od.
633 1241 659 1300 Ξ,
677 1239 701 1302 i,
719 1241 759 1290 ii.
781 1267 808 1276 -
828 1239 884 1291 326.
904 1241 980 1290 Dicar
995 1239 1129 1292 Bentleius
1146 1241 1215 1292 coni.
1231 1269 1260 1280 —
1275 1245 1331 1293 227.
1343 1244 1381 1293 At-

363 1316 423 1366 bani
438 1315 477 1366 Bb
496 1321 559 1379 (nou
576 1315 665 1378 STcd).
687 1342 713 1351 -
732 1315 790 1366 328.
812 1321 915 1379 ceperat
935 1315 1049 1367 BbSTcd
1071 1317 1100 1366 et
1116 1328 1210 1367 omues
1227 1319 1344 1369 Pottierii
1359 1321 1382 1368 et

364 1389 527 1452 Hechederi,
547 1391 631 1441 ectr:
650 1395 761 1453 superest
772 1403 856 1442 «uuus
867 1394 895 1441 et
906 1389 986 1440 aiter»
999 1389 1124 1451 Bentleii,
1143 1397 1240 1453 saperet
1258 1389 1290 1453 ύ,
1308 1394 1382 1443 lient-

365 1557 423 1608 323.
444 1557 501 1609 stt.
532 1557 609 1608 Grais
626 1559 688 1620 cet]
715 1557 856 1619 «Verump
894 1555 976 1608 veluti
993 1558 1048 1608 Cic.
1062 1557 1133 1608 Brut.
1147 1557 1189 1619 78,
1203 1559 1264 1609 sis.
1284 1560 1319 1610 de
1336 1561 1363 1612 C.
1375 1561 1408 1610 Pi·

331 1635 426 1698 inquit,
447 1635 577 1684 «maximo
597 1633 790 1698 impedimento
811 1633 858 1683 Le·
895 1645 977 1682 sone:
995 1632 1194 1682 metumtot-ten
1210 1638 1233 1682 ct
1250 1635 1356 1685 detectus
1369 1635 1408 1684 010-

332 1711 403 1760 tinee
429 1710 506 1773 poesi
532 1711 573 1758 est
598 1709 655 1774 ipsa
678 1709 857 1758 Romanorum
894 1719 959 1770 pem
978 1711 1002 1756 σι
1022 1711 1085 1770 epta
1101 1711 1124 1758 et
1140 1709 1213 1768 quati
1231 1711 1346 1759 rotunde
1360 1723 1409 1758 cm-

333 1783 464 1834 educatio.
499 1783 568 1832 Seue
586 1783 678 1832 Graeci
700 1781 734 1832 iili
757 1783 858 1846 antiqui
894 1782 1005 1831 stntctic.
1020 1787 1164 1843 -praeur
1175 1782 1315 1834 tamenin.
1328 1783 1408 1846 murts]

332 1857 367 1908 ab
386 1858 501 1908 Homero
518 1869 604 1920 usque
625 1856 659 1906 ad
683 1857 858 1908 Menandrum
896 1856 990 1906 eunius
1000 1854 1086 1906 laudis
1094 1857 1407 1920 appetentibuspedieu.

332 1933 360 1982 in
371 1928 496 1982 omnibus
507 1931 554 1991 iis,
567 1944 636 1994 quae
648 1931 681 1980 ad
694 1933 787 1996 poesin
799 1943 859 1996 spe·
896 1931 983 1979 auam-r
1000 1942 1063 1993 ergo
1080 1930 1107 1982 h.
1123 1929 1140 1980 Ι.
1160 1929 1285 1992 laudam,
1309 1945 1360 1983 neu
1375 1945 1410 1982 re·

334 2007 419 2067 etant,
445 2004 521 2069 longe
546 2005 624 2056 uobis
647 2005 777 2058 feliciores
799 2006 859 2056 iue-
895 2005 1103 2069 prehensiouem
1112 2007 1238 2056 continet.
1253 2005 1410 2058 ninhacsoit

335 2084 413 2140 runt,
441 2081 541 2144 quippe
568 2080 666 2144 quibus
690 2084 784 2132 natura
802 2081 858 2144 ipsa
896 2078 1038 2143 cupiditate
1054 2078 1284 2142 promerebantur
1302 2081 1409 2138 taudem.

333 2155 467 2219 ingenium
491 2167 554 2204 vere
577 2156 710 2219 poeticum
733 2159 760 2206 et
777 2154 859 2206 incili·
896 2155 1034 2217 tamquam
1045 2155 1208 2216 Protogenes
1219 2153 1277 2215 iiie,
1298 2155 1411 2219 quiiaiy-

333 2233 417 2280 tatem
435 2230 514 2278 etiarn
533 2229 685 2280 reconditos
703 2231 783 2280 animi
796 2243 860 2281 sen·
896 2241 956 2278 sum
973 2228 1048 2279 fluxit
1063 2227 1159 2278 decem
1177 2229 1269 2290 auum,
1290 2229 1333 2280 usi
1347 2227 1412 2294 ipat

334 2317 380 2354 sus
408 2303 473 2352 scite
503 2304 668 2367 exprimendi
695 2303 787 2368 largitu
816 2305 857 2356 ait.
897 2303 950 2361 ies.
970 2303 1015 2366 qui
1031 2302 1143 2354 totidem
1160 2305 1244 2368 pinxit
1265 2307 1412 2356 aunisim-

334 2379 427 2439 Neque
455 2389 520 2426 vero
545 2376 602 2426 iilos
631 2377 707 2428 uilius
736 2376 802 2428 eiius
819 2381 858 2429 rei
897 2379 1059 2440 dycrneueu.
1084 2380 1140 2428 Non
1162 2380 1234 2429 euim
1257 2383 1291 2430 ut
1318 2381 1412 2443 accipe-

336 2463 418 2512 quem
436 2463 517 2500 verae
535 2449 633 2512 gloriae
649 2451 759 2516 cupidus
776 2453 858 2504 fuisse
897 2454 958 2503 rent
975 2451 1148 2514 testerbant,
1166 2453 1216 2504 sed
1232 2457 1265 2504 ut
1287 2453 1413 2519 placarent

332 2525 469 2580 videmus:
489 2527 579 2574 nostre
597 2538 723 2587 perverse
736 2526 858 2576 educatio
897 2525 1097 2578 merebantur.»
1110 2527 1413 2594 rorenxmopuouue

335 2601 462 2662 quaestus
479 2603 541 2647 ante
560 2600 648 2648 omnia
671 2603 698 2649 et
719 2599 784 2650 lucri
802 2603 859 2652 siu-
896 2601 1000 2652 merab.
1015 2601 1045 2665 3,
1067 2603 1096 2664 3,
1116 2602 1160 2652 ts:
1182 2595 1264 2652 Ἀλλά
1279 2601 1342 2670 μὴν
1358 2599 1413 2653 οὔτε

335 2672 409 2722 diurn
426 2673 521 2722 animis
542 2672 682 2733 instillans,
701 2676 755 2724 vim
773 2676 860 2740 poeti·
897 2671 1026 2744 εὐφωνίᾳ
1057 2673 1200 2726 τοσοῦτον
1231 2674 1413 2750 διαφέρουσιν

335 2759 395 2799 cam
413 2745 533 2798 debilitet
548 2750 629 2812 utque
650 2749 790 2812 infringit.»
819 2751 860 2800 Si·
894 2746 1041 2817 Ἀθηναῖοι
1057 2745 1113 2800 τῶν
1131 2745 1224 2802 ἄλλων
1235 2746 1308 2804 otiu
1324 2749 1413 2816 σωμά-

335 2821 404 2874 milis
423 2826 463 2872 est
480 2821 554 2873 iocus
571 2823 636 2888 Epp.
650 2825 678 2884 2,
699 2825 729 2884 i,
748 2825 780 2874 93
798 2837 858 2890 sqq.
896 2841 953 2876 των
964 2825 1141 2892 pays-iatum
1154 2821 1246 2897 ῥώμῃ,
1258 2821 1414 2890 ὅσονφιλο

335 2896 482 2950 Menander
497 2897 570 2961 apud
587 2897 674 2948 Schoi.
695 2898 799 2950 Aristid.
814 2899 857 2950 ed.
896 2903 992 2969 τιμύᾳ,
1018 2893 1093 2972 ἤπερ
1113 2899 1243 2967 μάλιστα
1269 2899 1413 2975 παροξύνει

335 2969 466 3023 Frommel
491 2985 518 3036 p.
539 2971 600 3022 ets:
625 2966 760 3038 Ἕλληνές
787 2975 860 3024 εἰσιν
898 2973 969 3047 πρὸς
986 2971 1022 3024 τὰ
1038 2973 1114 3026 καλὰ
1129 2977 1180 3028 καὶ
1198 2971 1314 3039 ἔντιμα.

335 3041 436 3117 ἄνδρες
453 3040 508 3096 οὐκ
525 3040 692 3112 ἀγνώμονες
713 3049 769 3099 Καὶ
786 3045 859 3113 μετὰ
930 3050 1068 3100 &ti-332.
1098 3051 1178 3114 mepte
1202 3052 1359 3116 rmtonibas]
1389 3053 1415 3098 is

335 3116 858 3192 λογισμούνιάνταπράττονσίντινος.
897 3125 1016 3188 tangar
1048 3125 1412 3186 seempetterecnecep

338 3225 365 3233 -
385 3207 428 3245 ere
448 3195 573 3260 rotundo]
601 3191 661 3246 «Τό
684 3195 860 3268 στρογγύλον
897 3198 1004 3250 Arncid.
1045 3197 1141 3249 Simiiis
1169 3199 1204 3249 dc
1230 3199 1414 3251 chrismatismo

336 3271 458 3320 rhetores
470 3271 562 3320 Graeci
574 3273 600 3320 iu
612 3285 711 3334 genere
726 3274 859 3332 dixerunt,
897 3273 1063 3337 querimonia
1086 3273 1128 3322 est
1145 3272 1215 3335 apud
1233 3272 1372 3326 Plutonem
1387 3273 1414 3320 da

336 3343 467 3409 quidquid
492 3343 582 3395 verbis
610 3347 637 3395 et
661 3348 798 3398 sententiis
824 3349 860 3396 ita
899 3350 962 3410 itep.
977 3347 1001 3396 6.
1014 3360 1040 3410 p.
1054 3345 1111 3396 i98.
1125 3349 1155 3396 Α.
1177 3341 1324 3412 θραύει]
1354 3349 1415 3397 ιλιι·

336 3420 502 3471 enuntiatum
520 3420 605 3479 esset,
624 3422 654 3469 ui
666 3421 690 3469 iu
703 3433 796 3471 eorum
809 3422 862 3472 ior·
898 3423 1009 3482 cticuea,
1023 3421 1166 3471 Britain.»
1185 3422 1315 3472 Ceterum
1327 3429 1415 3472 centua·

336 3506 379 3545 me
398 3493 575 3554 concinnitas,
595 3492 723 3558 elegantia
741 3495 861 3545 etartiii-
897 3497 923 3546 h.
946 3495 963 3546 Ι.
985 3507 1017 3544 ex
1040 3494 1203 3545 duodenaria
1225 3496 1283 3546 sive
1307 3497 1414 3546 unciaru

336 3570 407 3620 cium
419 3569 570 3632 appareret.
590 3569 666 3632 Apud
678 3571 787 3633 Dionys.
802 3569 858 3620 Hei.
897 3569 967 3636 apu'd
985 3572 1117 3620 Romanos
1135 3571 1307 3634 computandi
1323 3573 1414 3621 ratione

336 3645 371 3696 de
383 3645 408 3694 vi
417 3643 555 3694 Demosth.
567 3655 590 3691 c.
601 3643 641 3692 49.
651 3639 687 3692 τὰ
698 3641 861 3714 στρογγύλα
898 3645 1005 3710 proprie
1022 3645 1107 3708 accipi
1116 3646 1216 3708 nequit,
1235 3645 1284 3697 sed
1293 3647 1415 3710 significat

337 3720 509 3782 opponuntur
525 3720 587 3778 τοῖς
604 3715 740 3768 πλατέοιν
760 3722 787 3768 et
803 3735 861 3783 μα-
899 3718 955 3768 evei
973 3719 1190 3770 minutissimas.»
1207 3718 1301 3772 ultima
1314 3721 1414 3784 quidem

337 3797 449 3864 κροτς.»
467 3792 583 3842 Eauesrr.
605 3793 772 3856 aristophan.
787 3794 860 3857 apud
898 3793 971 3853 finis,
997 3792 1032 3842 ud
1055 3805 1136 3856 quam
1158 3794 1184 3844 in
1208 3795 1276 3845 assis
1295 3793 1415 3846 distribu

338 3867 403 3918 Piut.
423 3867 457 3917 de
475 3865 536 3915 aud.
554 3869 626 3929 poet.
646 3881 673 3931 p.
687 3867 744 3916 tta.
763 3869 805 3917 W.
825 3869 859 3918 de
898 3869 969 3917 tione
982 3868 1151 3931 progreditur
1171 3868 1199 3918 L.
1213 3867 1337 3920 Volusius
1352 3871 1414 3920 tiae-

338 3941 474 4005 Euripide:
496 3937 612 4011 χρῶμαι
628 3936 683 4010 γὰρ
700 3936 860 3993 αὐτοῦτοῦ
898 3942 991 3992 cianus
1003 3941 1027 4005 ἕ.
1038 3942 1096 4004 39.,
1118 3941 1185 3992 haec
1203 3945 1259 3994 est:
1285 3943 1414 3992 mm

336 4014 485 4080 στόματος
495 4012 534 4082 τῷ
546 4013 721 4086 στρογγύλῳ.
742 4019 859 4068 Demetr.
898 4017 1046 4079 seriptutten
1062 4018 1139 4067 audio
1150 4019 1271 4079 quoscum
1281 4019 1414 4068 ratiocin-

337 4090 409 4142 Phui.
422 4091 466 4141 20:
486 4085 539 4156 τῆς
554 4087 585 4140 δὲ
596 4085 751 4160 ῥητορικῆς
762 4089 861 4162 neptri-
898 4097 964 4142 teres
980 4092 1138 4143 sturmius
1158 4105 1263 4154 eoem,
1286 4094 1355 4154 qued
1375 4091 1414 4139 erit

337 4164 391 4217 δον
408 4166 662 4234 συνεστραμμένον
679 4161 713 4215 τὸ
725 4163 860 4229 ελδοςκσιλ
899 4167 973 4216 λούειν
994 4168 1057 4216 asaia
1079 4167 1275 4231 praeposuerim
1290 4171 1415 4229 κρινομ-

337 4235 473 4290 κυκλικὸν
482 4239 530 4288 uui
538 4235 861 4312 διόμενονστρογγύλον
899 4241 962 4292 ncta
978 4247 1064 4301 tectu,
1084 4253 1162 4303 σνσιιι
1183 4245 1207 4292 et
1229 4243 1309 4303 pacm
1322 4245 1414 4303 parim

338 4310 486 4376 στόματος
503 4310 561 4360 κτλ.
581 4315 636 4364 Nee
646 4327 708 4364 raro
720 4317 754 4365 ita
768 4317 859 4378 Latini,
897 4318 995 4382 infinita
1006 4317 1221 4380 sepmarapceats.
1241 4315 1411 4367 micanum.
