3130 4966
619 457 678 506 mn
699 458 717 506 1.
753 459 870 509 sunu.
1248 463 1289 527 35

203 609 289 689 Quid
311 610 549 698 responderet?
572 663 579 676 .
603 661 610 676 .
635 661 642 677 .
666 613 780 702 Magno
802 626 893 701 patre
918 625 991 684 nata
1013 617 1121 705 puella
1143 628 1201 685 est.

201 733 241 798 lt
261 741 382 819 quanto
404 730 539 800 meliora
560 745 670 802 monet
691 737 932 825 pugnantiaque
954 738 1023 806 istis

202 854 300 920 Dives
322 855 393 941 opis
415 865 531 922 natura
552 876 647 934 suae,
671 867 704 924 tu
727 859 754 924 si
777 858 876 926 modo
898 871 986 928 recte

202 977 399 1065 Dispensare
420 975 500 1044 velis
523 998 562 1046 ao
583 1000 648 1068 non
669 979 822 1067 fugienda
843 982 992 1068 petendis
1249 986 1289 1050 75

202 1099 396 1168 lmmiseere.
441 1101 508 1165 Tuo
531 1100 607 1167 vitio
630 1121 782 1170 rerumne
806 1101 955 1184 labores,

200 1220 248 1287 Nil
271 1221 394 1288 reterre
416 1222 534 1310 putas?
554 1224 680 1302 Quare,
705 1243 746 1290 ne
768 1224 931 1311 poeniteat
952 1237 998 1298 te.

200 1344 319 1410 Desine
340 1352 503 1409 matronas
528 1344 699 1420 sectarim,
724 1344 810 1411 unde
832 1345 954 1413 laboris

199 1463 276 1531 Plus
297 1464 428 1531 haurire
450 1464 524 1531 mali
547 1477 597 1532 est
617 1486 716 1552 quam
738 1487 779 1532 er
801 1489 837 1534 re
860 1468 1038 1557 decerpere
1061 1472 1192 1539 tructus.

265 1709 306 1760 rt.
326 1711 347 1758 a
364 1715 391 1760 a·
409 1713 436 1760 n.
458 1739 485 1748 -
504 1712 545 1761 ro.
564 1725 679 1762 rme
696 1725 737 1776 pr.
757 1714 782 1762 a.
804 1741 831 1750 -
851 1715 891 1763 rs.
911 1716 1002 1764 serari·
1018 1705 1148 1766 nami-ms
1164 1719 1211 1782 op.

197 1939 261 1988 dam
285 1939 424 1996 Faustam,
449 1941 480 1988 ut
502 1937 607 2002 gloriari
632 1941 725 2002 posset
762 1939 863 2000 Fragm.
878 1937 932 1988 Cic.
946 1951 973 2002 p.
993 1937 1049 1988 tta.
1071 1967 1098 1974 -
1113 1941 1213 1990 Diceret
1227 1941 1287 1992 hooc

196 2011 247 2062 sibi
264 2025 323 2066 rem
342 2025 403 2063 esse
416 2024 478 2062 eum
495 2013 631 2064 dictatoris
643 2011 721 2063 lilia.»
760 2012 869 2076 animos]
884 2012 925 2061 «Si
942 2013 1047 2064 animus
1058 2013 1121 2076 (dor
1136 2014 1288 2066 stnoliole

198 2115 227 2124 -
244 2087 332 2152 usqua]
351 2099 453 2150 «usque
471 2087 588 2152 eoquod
605 2089 670 2140 satis
683 2101 724 2140 es·
761 2086 860 2150 Trioo)
879 2099 941 2136 eum
953 2100 985 2137 eo
999 2088 1115 2151 mutonis
1127 2101 1237 2138 oausam
1248 2091 1287 2142 sic

195 2165 264 2215 set.»
285 2190 313 2198 —
332 2163 457 2213 secturae
472 2164 535 2228 sora]
553 2157 723 2214 ἀποκεκλειὲ
760 2165 877 2225 ageret.»
897 2189 924 2196 —
943 2163 1056 2223 Quidvis
1070 2161 1144 2225 aaut]
1164 2162 1286 2216 Formula

195 2239 305 2302 σμένος
321 2233 378 2286 τῶν
389 2231 494 2288 πυλῶν.
513 2239 646 2303 aristoph.
660 2241 721 2302 Lys.
759 2239 801 2288 est
812 2237 1286 2300 reprehensioniscumadmiratione

194 2312 253 2364 t23.
275 2340 302 2348 —
316 2313 489 2376 tenporemts]
507 2313 575 2363 alius
591 2313 722 2364 moechus
759 2313 931 2362 coniunctae:
962 2312 1041 2360 att'os
1067 2312 1113 2362 soti
1140 2312 1205 2362 dor?
1240 2315 1287 2364 Wo

195 2388 308 2438 Faustae
326 2386 508 2447 cumtfutvio,
533 2386 635 2438 lullonis
653 2386 720 2450 filio,
759 2386 843 2438 deniko
864 2387 899 2436 do
921 2385 1002 2436 lini»
1032 2387 1087 2438 Cio.
1107 2387 1141 2437 de
1163 2388 1234 2438 Orat.
1253 2389 1284 2449 ἲ,

195 2465 223 2513 et
231 2463 358 2526 Pompeio
368 2461 720 2528 ttlaoulaaliisquetlteorob.
759 2463 803 2523 67,
822 2461 879 2511 269.
899 2463 927 2511 et
950 2462 1069 2524 Propert.
1090 2463 1117 2522 t,
1144 2461 1190 2512 53:
1222 2463 1287 2526 Quid

194 2537 299 2587 saturn.
321 2537 350 2596 ἓ,
373 2537 398 2586 2.
420 2549 448 2600 p.
467 2535 544 2600 m).
572 2549 655 2600 quern
680 2534 722 2586 illa
758 2536 802 2585 ttot
818 2537 869 2598 oia,
886 2533 995 2586 insono?
1013 2536 1084 2585 Pers.
1099 2535 1129 2597 5,
1150 2535 1211 2586 tta:
1231 2539 1285 2600 Quo

194 2609 343 2661 tuanillio
354 2609 532 2675 praeferebat.
552 2611 619 2661 Huic
631 2612 721 2662 nutem
758 2611 858 2671 uatum
877 2611 978 2672 insono,
997 2611 1065 2672 rote,
1079 2608 1149 2670 ooo?
1167 2609 1286 2674 Qomttot

194 2684 304 2738 excluso
325 2687 498 2749 Longarenus
517 2697 567 2749 per
587 2687 721 2748 grassato-
757 2685 813 2736 ote?
831 2715 858 2721 -
877 2685 950 2749 stolo]
968 2685 1026 2734 Vid.
1044 2683 1078 2733 ad
1096 2697 1121 2734 v.
1137 2683 1176 2734 63.
1192 2713 1219 2722 -
1232 2686 1284 2748 iro]

193 2773 239 2812 rea
261 2763 406 2811 nocturnas
428 2758 538 2811 lusidius
561 2761 719 2811 tetenderat.
759 2761 848 2812 «furor
862 2759 993 2821 libidinis,
1017 2760 1129 2822 tentigo,
1151 2761 1283 2824 prurigo.»

194 2838 233 2887 De
244 2834 340 2886 Milone
353 2837 425 2886 enim
438 2835 564 2902 explicari
576 2848 628 2886 nou
640 2849 721 2900 posse
760 2864 787 2872 -
804 2835 897 2900 pioetto]
921 2835 955 2884 de
973 2833 1173 2886 adolescentula
1191 2837 1283 2899 nupta,

193 2911 390 2962 demonstravit
404 2908 517 2973 Madvig.
531 2911 643 2974 Opusoo.
657 2912 677 2960 l.
692 2924 719 2974 p.
758 2913 786 2960 ut
803 2923 894 2975 saepe.
929 2908 988 2959 Vid.
1008 2909 1043 2958 ad
1060 2908 1107 2958 Od.
1123 2907 1151 2968 3,
1176 2907 1221 2969 tt,
1240 2909 1282 2960 to.

193 2988 235 3038 at.
256 3013 284 3022 -
297 2985 413 3050 mitione]
432 2982 654 3056 προσωποποιΐα
671 2984 720 3035 ad·
759 3013 787 3022 -
806 2985 868 3050 istie]
887 2985 992 3047 «nugis,
1011 2997 1079 3048 quas
1102 2985 1129 3034 tu
1151 2983 1282 3047 profers.»

194 3060 306 3114 modum
339 3059 464 3120 ridicula,
500 3074 552 3124 que
580 3060 642 3124 peni
670 3060 720 3124 ipsi
760 3087 786 3097 -
805 3059 867 3122 opis]
888 3058 1087 3120 nonuauxiliin,
1109 3058 1282 3122 sedentique

193 3135 388 3199 oeuli,quibus
400 3135 496 3185 viderit
508 3134 577 3186 mala
588 3133 643 3194 illa,
658 3147 719 3184 oum
757 3147 805 3198 pro
823 3147 906 3195 opum.
943 3131 1025 3182 Plaut.
1046 3133 1122 3195 Capt.
1139 3131 1208 3182 Prol.
1235 3134 1280 3182 to:

193 3209 285 3260 Villius
301 3210 397 3274 pugnis
415 3209 574 3260 caederetur
594 3210 719 3272 ferroque
761 3211 806 3258 l'os
822 3209 865 3271 qut
878 3207 982 3272 potestis
998 3219 1043 3268 opo
1053 3211 1137 3254 vostra
1148 3207 1278 3256 causerior.

193 3287 340 3350 peteretur,
353 3289 381 3336 et
391 3284 474 3336 verba
484 3284 645 3336 tribuuntur.
660 3287 720 3335 usa·
759 3312 784 3322 -
813 3282 974 3346 Dispensat-e]
1001 3277 1229 3346 quemadmodum
1255 3281 1282 3330 in

193 3361 308 3424 pientior
325 3363 367 3411 est
382 3373 445 3424 pars
457 3359 598 3411 libidinosa
610 3360 718 3410 domino
755 3359 836 3410 diuite
854 3357 935 3408 domo
948 3368 1042 3408 omues
1058 3366 1104 3404 res
1115 3356 1188 3404 recte
1199 3357 1281 3416 atque

193 3447 267 3485 suo·
303 3437 379 3484 (issu.
409 3435 452 3484 Sic
475 3436 505 3496 Q.
529 3437 658 3486 secianus
681 3436 716 3498 (s.
756 3434 877 3484 ordinea
894 3431 1079 3496 dispensatore
1096 3427 1282 3478 administrau-

194 3509 258 3560 Lud.
277 3508 442 3572 Sargardius)
469 3511 522 3559 sat.
546 3509 575 3569 l,
602 3512 631 3570 5,
660 3510 716 3560 ⁴93.
754 3511 807 3558 tur.
829 3534 856 3543 —
877 3507 926 3556 Tou
947 3507 1008 3556 uitio
1029 3503 1090 3568 oet]
1113 3503 1169 3554 lloo
1190 3503 1280 3564 varie,

193 3595 313 3646 ganeone
332 3582 468 3648 descripto
485 3584 654 3636 stomachum
677 3585 719 3634 in·
755 3580 890 3632 interdum
924 3580 1008 3640 mire,
1039 3577 1189 3642 expositum
1217 3576 1281 3626 nihil

194 3659 280 3710 ducit:
302 3659 417 3710 Miratur
430 3659 501 3722 smpt
516 3659 656 3710 stootoeltm
672 3661 719 3710 do-
755 3653 985 3718 uliudsignificare
996 3654 1084 3716 potest
1095 3651 1159 3700 nisi:
1174 3651 1280 3700 «utrum

192 3735 324 3796 masmae
339 3733 719 3798 mammarumque
755 3731 863 3796 propria
879 3732 925 3778 tua
942 3727 1020 3792 culpa
1036 3724 1156 3784 labores,
1174 3737 1209 3774 an
1221 3737 1282 3787 pro-

194 3809 269 3872 dopaa
281 3809 436 3872 interropot,
453 3810 520 3859 uode
533 3809 566 3858 Et
579 3822 631 3871 quo
642 3813 720 3871 porte
755 3809 816 3870 pter
837 3805 975 3854 externam
996 3800 1112 3863 aliquam
1133 3799 1281 3848 necessita-

192 3886 286 3946 paona·
308 3895 376 3947 quos
392 3895 489 3934 versus
505 3884 612 3934 Horatio
629 3885 719 3948 impu·
755 3885 825 3939 tem,
850 3879 894 3928 oui
916 3876 1000 3928 obniti
1021 3887 1074 3924 uon
1098 3874 1188 3936 potem
1216 3871 1280 3924 illud

193 3961 250 4008 tue
275 3971 329 4009 non
353 3956 472 4009 debehat
496 3959 717 4009 Wtistemauuus.
755 3957 846 4005 eutem
870 3951 949 4016 longe
973 3951 1049 4015 peius
1073 3948 1211 4012 magisque
1235 3961 1281 3998 re-

193 4032 309 4084 l'ueruut
324 4035 428 4093 autem,
447 4033 493 4096 qui
510 4045 720 4098 perperammo-
754 4027 1004 4093 prehendendum.»
1026 4051 1053 4060 ·-
1073 4022 1165 4088 Quare]
1184 4023 1282 4072 «Hora-

193 4113 275 4158 touom
290 4109 317 4158 in
333 4109 461 4160 naamam
481 4109 616 4158 mutarent
637 4107 717 4170 atque
754 4105 807 4154 tius
824 4103 850 4152 iu
862 4097 1033 4152 sermonibus
1045 4099 1083 4162 (t,
1102 4099 1132 4160 2,
1150 4097 1190 4148 77.
1210 4098 1240 4158 2,
1254 4095 1278 4156 3,

193 4181 227 4232 de
240 4183 270 4242 0.
279 4183 386 4233 llutone
397 4180 582 4244 intelligerent,
595 4181 642 4244 qut
655 4193 718 4232 eum
756 4175 822 4238 tto.)
840 4188 893 4226 non
911 4173 1038 4225 abstimit
1055 4187 1070 4224 a
1083 4171 1181 4224 causali
1200 4183 1281 4234 quoae

194 4254 268 4308 tillio
276 4254 378 4307 Auuele
387 4256 577 4320 coniungiture
587 4256 717 4306 Cicerone
755 4253 782 4302 in
792 4253 866 4302 recta
876 4247 995 4300 oratione
1007 4248 1094 4314 posito
1105 4260 1155 4312 pro
1165 4244 1279 4309 eoquod

193 4343 243 4396 pro
263 4329 382 4384 funden.
405 4332 492 4394 Frgm.
512 4331 535 4380 t.
554 4329 613 4382 Vid.
631 4329 718 4380 Beieri
755 4330 797 4380 est
809 4331 957 4390 propterea,
976 4323 1103 4378 abstinuit
1114 4324 1139 4372 in
1152 4318 1278 4386 epistolis,
