3178 4972
610 425 670 476 tiu.
689 426 708 475 1.
743 425 841 476 urisr.
859 425 924 476 XlV.

264 580 534 668 Quandoounque
557 579 685 646 trahunt
706 579 809 646 invisa
831 581 960 668 negotia
982 582 1124 648 Romam.

263 705 332 769 Non
357 701 474 769 eadem
495 702 664 782 miramur,
688 723 729 770 eo
751 700 954 769 disconvenit
975 701 1057 768 inter

264 825 381 911 licque
403 835 436 890 et
457 834 505 890 te:
529 843 618 900 nam,
642 843 728 912 quae
751 822 880 890 deserta
903 833 935 889 et
956 822 1116 912 inhospita
1135 835 1224 894 tesca

264 945 392 1026 Credis,
416 965 554 1013 amoena
576 954 685 1020 vocat,
710 965 839 1012 mecum
861 945 916 1033 qui
940 945 1049 1022 sentit,
1074 945 1205 1024 alodii,
1268 947 1309 1015 io

263 1067 355 1146 Quae
377 1076 411 1133 tu
432 1065 566 1154 pulchra
587 1077 691 1155 putas.
736 1066 854 1133 Fornix
876 1064 931 1132 tibi
955 1076 988 1134 et
1007 1075 1105 1134 uncta
1127 1068 1247 1156 popina

287 1283 327 1333 tl.
339 1295 434 1333 murac
444 1283 462 1334 d
474 1285 502 1332 et
512 1295 582 1334 unus
592 1283 670 1334 leae.
681 1311 709 1321 -
720 1283 760 1334 ts.
771 1285 845 1348 quoe]
857 1295 910 1346 quo
921 1296 983 1334 cum
994 1281 1128 1348 glossarii
1138 1286 1158 1336 li
1171 1287 1199 1336 et
1210 1286 1275 1337 Cod.

253 1353 372 1409 Blandin.
392 1358 529 1420 antiquiss.
554 1383 581 1392 —
603 1362 691 1420 motta
708 1357 772 1409 cod.
798 1361 872 1410 certe
894 1357 1083 1410 Einsiedlensis
1107 1360 1134 1409 et
1150 1359 1217 1410 Edd.
1236 1359 1275 1410 Cl.

252 1444 308 1481 var.
327 1431 388 1482 lect.
408 1433 461 1482 Sat.
480 1433 505 1492 2,
524 1433 540 1482 5
557 1431 598 1482 36.
619 1459 648 1470 -
665 1433 706 1482 2⁴.
721 1433 806 1499 putas]
823 1447 898 1483 cocos
918 1431 1002 1484 Codd.
1015 1431 1087 1498 apud
1106 1433 1275 1484 Lambinum.

255 1507 294 1568 (lit
305 1519 364 1568 nos,
382 1507 466 1558 nostri
479 1509 507 1556 et
516 1507 632 1557 Pottiarii
649 1508 763 1570 omues.)

221 1684 423 1748 praeposuisse;
442 1693 511 1748 quae
529 1683 638 1748 quidem
656 1685 745 1748 opinio
781 1681 895 1748 praetuli
918 1685 1078 1748 scripturam
1100 1689 1174 1735 usco.
1210 1685 1308 1751 alem]

221 1757 283 1808 inde
300 1759 431 1808 maiorem
449 1757 664 1823 probabilitatem
678 1771 746 1808 nau·
782 1757 840 1808 loca
859 1757 973 1818 inutilia,
993 1770 1063 1820 quae
1080 1759 1167 1822 subigi
1184 1771 1237 1809 ooo
1249 1771 1310 1823 pos-

221 1832 283 1882 ciaei
300 1831 420 1893 videtur,
440 1833 511 1896 quod
529 1845 582 1883 nou
600 1833 657 1883 sine
680 1845 746 1883 con-
782 1833 852 1881 sunt.
871 1831 999 1894 Loquitur
1008 1832 1035 1880 in
1048 1829 1164 1882 vilicum.
1195 1831 1309 1882 Lucilius

221 1903 278 1954 aiio
297 1906 417 1956 iloraiius
433 1919 459 1956 v.
474 1908 514 1956 ⁴5.
529 1908 637 1971 praeter
647 1905 745 1956 urbem
783 1905 809 1954 ln
827 1905 858 1954 ll.
879 1904 957 1967 (Gerl.
970 1918 998 1969 p.
1012 1905 1036 1954 9.
1050 1906 1112 1968 98.);
1127 1919 1175 1968 per
1185 1907 1309 1970 tniorpliu

220 1982 249 2029 et
265 1977 342 2042 ludos
359 1979 449 2030 Minoo
464 1993 572 2044 quoque
591 1982 744 2031 nominavit.
782 1983 848 2029 tacu
863 1985 999 2042 coponium
1015 1981 1107 2030 lienum
1123 1982 1208 2031 mino
1224 1983 1309 2042 sequi-

220 2053 326 2105 Soilicet
343 2053 385 2104 ille
403 2056 430 2106 io
446 2053 514 2106 urbe
527 2055 589 2106 olim
605 2053 746 2106 etbalneis
782 2058 825 2103 tur
840 2058 976 2115 captam
985 2055 1193 2117 praecinetur.»
1216 2057 1306 2108 Barth.

220 2131 278 2179 erat
294 2131 363 2178 oet·
389 2129 490 2179 Verum
508 2130 678 2180 haecomnia
695 2142 746 2194 pa·
783 2126 866 2178 low.
890 2129 933 2188 tii,
961 2127 985 2178 3.
1014 2139 1029 2177 e
1055 2127 1134 2192 gloss.
1157 2131 1307 2182 Horatiana.

219 2215 280 2254 rum
298 2206 360 2254 sunt
375 2203 532 2268 probabilia.
552 2207 607 2254 Av.
616 2205 746 2254 mediati-
783 2202 823 2254 Cl.
837 2205 964 2266 interprr.
976 2201 1011 2252 ad
1023 2203 1130 2255 Festum
1142 2218 1169 2269 p.
1180 2207 1237 2256 its.
1251 2208 1310 2258 Lin-

218 2276 410 2328 ausduountur
421 2291 464 2327 vv.
474 2279 609 2340 meschino,
622 2280 744 2341 mosia,
783 2277 855 2328 dem.
869 2277 1018 2328 llommseo
1036 2278 1076 2328 dic
1092 2280 1220 2330 meant.
1237 2282 1307 2332 Diui.

218 2353 348 2414 mcum,
367 2351 465 2415 quibus
482 2355 643 2403 nuocexuta
656 2354 746 2418 pn'mi-
782 2364 808 2415 p.
821 2351 879 2402 300.
899 2350 956 2402 soi.
987 2352 1060 2402 llaec
1077 2355 1168 2403 autem
1183 2352 1307 2416 Lucilius,

218 2427 271 2475 tiva
288 2425 747 2488 significationenominumtenuio-
782 2427 812 2475 ut
836 2423 957 2476 similiter
986 2427 1120 2488 Horatius,
1150 2429 1309 2492 opposuisse

220 2513 280 2550 rom
308 2501 434 2552 miseram
463 2505 563 2552 sortem
589 2502 743 2566 designant3
782 2499 964 2550 videturvilici
974 2502 1015 2551 sui
1023 2503 1093 2550 vitae
1102 2503 1216 2553 rusticae
1226 2503 1310 2567 impa-

220 2573 262 2625 ilie
280 2577 372 2626 contra
390 2578 510 2626 cernitur
530 2578 556 2628 in
579 2579 671 2630 Dentis
694 2581 746 2629 Fu·
782 2575 900 2632 tientiae;
913 2574 1131 2625 hooeuimdicii:
1146 2576 1308 2630 «dummoc

219 2651 317 2699 riarum
331 2651 586 2715 circumscriptione,
604 2653 704 2716 intenso
719 2653 743 2714 9,
782 2649 888 2698 muerls
905 2660 937 2698 ac
954 2647 1075 2700 solitariis
1092 2650 1161 2701 mois
1177 2653 1258 2703 tescia
1269 2651 1309 2702 la·

219 2721 263 2773 lb:
288 2724 450 2774 oncense
466 2726 657 2789 (mediastinus)
672 2727 747 2777 Delio
782 2724 923 2783 manuus,
953 2735 1002 2786 ego
1030 2736 1080 2787 per
1108 2723 1204 2774 eadem
1232 2726 1308 2777 hilari

218 2799 309 2862 raptae
328 2799 382 2848 dati'
399 2805 482 2849 eterno
496 2801 596 2861 planto
616 2825 645 2836 -
663 2805 682 2850 t.
701 2813 743 2862 pr.
783 2800 872 2850 animo
884 2809 984 2860 vagans
996 2799 1139 2862 imagines,
1152 2800 1235 2860 iocos,
1248 2813 1309 2852 seu·

218 2885 242 2922 r.
252 2873 362 2937 mabar]
383 2877 427 2923 aut
438 2885 483 2924 rus
501 2874 653 2935 mitterere,
672 2878 747 2939 opta-
783 2873 892 2932 tenuas,
910 2871 1010 2934 quibus
1026 2874 1120 2936 postea
1139 2873 1165 2922 in
1176 2877 1308 2937 poematis

220 2946 281 3008 bas,
301 2950 329 2997 ot
346 2947 457 3011 quidem
472 2949 564 3009 tacite,
583 2950 692 3010 timens,
711 2963 745 3000 ns
783 2949 857 3006 utar,
885 2943 1009 3009 colligere
1035 2944 1135 2996 soleo.»
1161 2973 1189 2984 ·-
1211 2961 1309 3000 morien

219 3022 301 3073 beros
320 3022 346 3072 id
366 3022 413 3072 tibi
433 3024 555 3086 negaret3
583 3036 633 3086 ego
656 3025 745 3075 tamen
782 3023 826 3084 qui
847 3020 927 3083 sentit]
953 3020 1013 3082 «qui
1037 3019 1134 3070 eodem
1156 3021 1236 3085 etque
1258 3037 1308 3088 ego

219 3098 308 3160 optata
319 3099 363 3145 toa
375 3097 540 3160 perspiciens
549 3098 590 3148 bis
601 3097 745 3149 satuieci.»
783 3108 864 3147 sensu
890 3095 1022 3144 animatus
1048 3095 1120 3154 esim
1149 3108 1215 3146 noo:
1247 3101 1308 3162 aqui

222 3197 248 3206 -
284 3169 389 3234 mbae]
425 3171 555 3223 Videlicet
588 3173 613 3222 iu
647 3171 745 3222 Sabino
783 3171 847 3221 mihi
873 3171 941 3220 haec
969 3169 1111 3220 affirmanti
1139 3172 1307 3224 assentitur.»

219 3244 340 3296 thermae
368 3245 507 3309 publicae,
544 3244 642 3309 quibus
667 3247 746 3296 otiosi
814 3245 903 3295 it-io.
930 3243 1036 3307 Fomic]
1061 3242 1142 3294 roella
1165 3244 1306 3306 ioroioaia,

220 3317 301 3370 eoam
319 3320 388 3368 inter
407 3333 436 3370 se
457 3319 645 3371 contabulandi
664 3331 745 3370 causa
782 3319 809 3369 in
827 3332 878 3383 qua
895 3319 1053 3370 meretrices
1074 3316 1243 3380 habitabant,
1266 3319 1308 3370 lu·

219 3389 590 3454 delectabantur,uouereut.
604 3395 744 3459 -tn'stch
781 3407 891 3459 panan-
920 3395 1012 3444 Scaea.
1038 3417 1066 3429 -
1090 3395 1176 3456 meto]
1198 3393 1307 3444 «nidore

220 3467 324 3532 uinique
351 3471 456 3528 mente,
483 3468 695 3534 iibcllounip.»
715 3495 742 3506 -
782 3467 907 3519 redolens
930 3469 958 3518 et
979 3469 1086 3533 optimis
1109 3467 1176 3520 cibis
1198 3467 1306 3534 plausa

218 3541 292 3604 lesco]
310 3541 504 3605 flcrpbclilca
515 3542 666 3607 (Steppen,
684 3546 746 3594 Pss-
781 3545 821 3594 sio
833 3555 895 3593 oum
908 3543 1012 3593 Comm.
1026 3543 1107 3606 Cruq.
1122 3541 1308 3607 explicandum

218 3613 291 3677 sort),
309 3615 470 3670 vocabulum
489 3617 624 3669 Sabinum.
661 3621 743 3668 Acro:
782 3617 887 3668 videtur
903 3615 946 3666 vel
963 3616 1307 3681 propterconsuetudinem

220 3687 294 3740 «locs
311 3689 418 3742 dasena
442 3695 469 3742 et
491 3690 615 3743 difficilia.
647 3693 746 3755 Lingua
782 3691 962 3742 Horatianam.
992 3691 1101 3755 lippi,
1121 3691 1166 3752 tl,
1186 3691 1231 3740 ta:
1261 3702 1307 3740 oc-

218 3761 378 3815 Sabioorum
395 3765 502 3816 deserta
520 3770 548 3816 et
567 3765 669 3830 repieta
686 3779 747 3816 sen·
781 3767 850 3816 cedet
865 3766 1112 3816 monumemtum.
1141 3764 1251 3829 Eppl,
1265 3765 1305 3825 lii,

219 3836 290 3890 tibus
306 3833 563 3890 sicnominantum.
582 3840 742 3903 Porphmm:
781 3838 828 3891 il:
855 3839 898 3889 ubi
915 3839 976 3900 auid
991 3838 1211 3902 melituconttapit
1227 3843 1308 3888 eluse

219 3910 293 3963 «loos
305 3925 400 3978 aspera
412 3913 606 3966 etsilvesiria.»
629 3911 743 3964 Glossar.
780 3914 852 3963 etuas.
883 3915 933 3977 (Sic
946 3911 1038 3964 Catuli.
1056 3913 1101 3975 ⁴0,
1120 3915 1159 3963 tt.
1183 3912 1229 3974 29,
1247 3912 1263 3963 l
1280 3914 1308 3962 et

218 3985 333 4038 labbei:
359 3983 568 4058 Kaveiqupmcc
583 3982 745 4057 καὶράχεις
780 3987 822 4038 23.
853 3987 961 4039 llartiel.
983 3988 1011 4048 a,
1039 3986 1086 4046 ii,
1113 3987 1142 4036 7:
1171 3992 1260 4049 capitu
1282 3999 1308 4038 rt

218 4061 268 4112 nat
278 4053 384 4132 ἔρημοι
395 4057 491 4111 τόποι.
515 4062 610 4111 Accius
623 4062 649 4111 in
661 4060 745 4111 Philo-
779 4062 894 4124 mutiam
909 4061 1007 4124 coeto.)
1035 4060 1084 4111 Alii
1096 4063 1232 4125 exponunt
1244 4061 1307 4114 «im-

218 4135 289 4186 cteis
302 4136 426 4186 Lemnio:
453 4137 513 4197 ortis
528 4139 556 4186 tu
570 4147 595 4185 cs
615 4135 742 4198 metatu,
782 4134 911 4195 munden
939 4137 968 4184 ui
984 4135 1026 4185 est
1048 4147 1113 4186 sane
1132 4135 1200 4199 virg.
1223 4134 1305 4186 catal.

218 4209 526 4270 embammatum
542 4213 566 4258 ta
582 4209 745 4270 apporteslo-
781 4211 812 4270 o,
831 4209 876 4258 tl:
903 4209 989 4270 Neque
1009 4209 1037 4258 in
1057 4209 1168 4258 miron
1189 4214 1212 4260 et
1230 4215 1308 4260 uncto

217 4282 272 4333 co?
286 4283 358 4347 apud
370 4283 445 4334 verr.
460 4285 488 4333 L.
503 4284 530 4334 ι.
542 4283 566 4342 l,
581 4283 632 4342 tr..
646 4296 678 4334 ex
690 4296 744 4346 quo
781 4282 934 4345 &mietio
951 4283 1084 4346 Dopetquc
1099 4284 1304 4335 cosmum
