<?xml version="1.0" encoding="UTF-8"?>
<!DOCTYPE html PUBLIC "-//W3C//DTD XHTML 1.0 Transitional//EN"
    "http://www.w3.org/TR/xhtml1/DTD/xhtml1-transitional.dtd">
<html xmlns="http://www.w3.org/1999/xhtml" xml:lang="en" lang="en">
 <head>
  <title>
</title>
<meta http-equiv="Content-Type" content="text/html;charset=utf-8" />
  <meta name='ocr-system' content='tesseract 3.04.00' />
  <meta name='ocr-capabilities' content='ocr_page ocr_carea ocr_par ocr_line ocrx_word'/>
</head>
<body>
  <div class='ocr_page' id='page_1' title='image "./qhoratiusflaccu01baitgoog_0406.png"; bbox 0 0 3192 4974; ppageno 0'>
   <div class='ocr_carea' id='block_1_1' title="bbox 647 403 1326 484">
    <p class='ocr_par' dir='ltr' id='par_1_1' title="bbox 647 403 1326 484">
     <span class='ocr_line' id='line_1_1' title="bbox 647 403 1326 484; baseline 0.003 -16"><span class='ocrx_word' id='word_1_1' title='bbox 647 419 706 468; x_wconf 86' lang='grc'><strong>444.</strong></span> <span class='ocrx_word' id='word_1_2' title='bbox 725 419 745 470; x_wconf 90' lang='lat'><strong>1.</strong></span> <span class='ocrx_word' id='word_1_3' title='bbox 780 419 918 470; x_wconf 73' lang='lat' dir='ltr'><strong>aursni.</strong></span> <span class='ocrx_word' id='word_1_4' title='bbox 1013 403 1016 412; x_wconf 85' lang='lat'><em>&#39;</em></span> <span class='ocrx_word' id='word_1_5' title='bbox 1269 417 1326 484; x_wconf 81' lang='grc'><strong>394</strong></span> 
     </span>
    </p>
   </div>
   <div class='ocr_carea' id='block_1_2' title="bbox 285 572 1218 906">
    <p class='ocr_par' dir='ltr' id='par_1_2' title="bbox 285 572 1218 906">
     <span class='ocr_line' id='line_1_2' title="bbox 286 572 1218 661; baseline 0.006 -22"><span class='ocrx_word' id='word_1_6' title='bbox 286 572 335 639; x_wconf 78' lang='lat' dir='ltr'><strong>ld</strong></span> <span class='ocrx_word' id='word_1_7' title='bbox 357 591 531 640; x_wconf 89' lang='lat' dir='ltr'><strong>summam:</strong></span> <span class='ocrx_word' id='word_1_8' title='bbox 556 574 685 661; x_wconf 87' lang='lat' dir='ltr'><strong>sapiens</strong></span> <span class='ocrx_word' id='word_1_9' title='bbox 708 595 773 641; x_wconf 92' lang='lat' dir='ltr'><strong>uuo</strong></span> <span class='ocrx_word' id='word_1_10' title='bbox 796 574 900 642; x_wconf 90' lang='lat' dir='ltr'><strong>minor</strong></span> <span class='ocrx_word' id='word_1_11' title='bbox 921 583 972 642; x_wconf 85' lang='lat' dir='ltr'><strong>cst</strong></span> <span class='ocrx_word' id='word_1_12' title='bbox 994 576 1086 654; x_wconf 82' lang='lat' dir='ltr'><strong>lova,</strong></span> <span class='ocrx_word' id='word_1_13' title='bbox 1111 578 1218 656; x_wconf 88' lang='lat' dir='ltr'><strong>dives,</strong></span> 
     </span>
     <span class='ocr_line' id='line_1_3' title="bbox 286 693 1186 788; baseline 0.006 -26"><span class='ocrx_word' id='word_1_14' title='bbox 286 693 399 772; x_wconf 86' lang='lat' dir='ltr'><strong>Liber,</strong></span> <span class='ocrx_word' id='word_1_15' title='bbox 424 693 614 773; x_wconf 76' lang='lat' dir='ltr'><strong>honoratuS,</strong></span> <span class='ocrx_word' id='word_1_16' title='bbox 638 693 786 783; x_wconf 83' lang='lat' dir='ltr'>pulcher,</span> <span class='ocrx_word' id='word_1_17' title='bbox 811 717 868 764; x_wconf 83' lang='lat' dir='ltr'><strong>rex</strong></span> <span class='ocrx_word' id='word_1_18' title='bbox 889 695 1031 786; x_wconf 89' lang='lat' dir='ltr'><strong>danique</strong></span> <span class='ocrx_word' id='word_1_19' title='bbox 1054 719 1186 788; x_wconf 85' lang='lat' dir='ltr'><strong>regum;</strong></span> 
     </span>
     <span class='ocr_line' id='line_1_4' title="bbox 285 816 1156 906; baseline 0.003 -23"><span class='ocrx_word' id='word_1_20' title='bbox 285 817 464 905; x_wconf 79' lang='lat' dir='ltr'>Praecipue</span> <span class='ocrx_word' id='word_1_21' title='bbox 487 837 601 892; x_wconf 88' lang='grc'><strong>44444,</strong></span> <span class='ocrx_word' id='word_1_22' title='bbox 625 816 687 883; x_wconf 86' lang='grc'><strong>4444</strong></span> <span class='ocrx_word' id='word_1_23' title='bbox 709 838 783 886; x_wconf 88' lang='lat' dir='ltr'><strong>oum</strong></span> <span class='ocrx_word' id='word_1_24' title='bbox 805 818 917 906; x_wconf 81' lang='lat' dir='ltr'><strong>pituita</strong></span> <span class='ocrx_word' id='word_1_25' title='bbox 938 818 1075 887; x_wconf 87' lang='lat' dir='ltr'><strong>molesta</strong></span> <span class='ocrx_word' id='word_1_26' title='bbox 1097 832 1156 888; x_wconf 90' lang='lat' dir='ltr'><strong>est.</strong></span> 
     </span>
    </p>
   </div>
   <div class='ocr_carea' id='block_1_3' title="bbox 231 1127 1335 3216">
    <p class='ocr_par' dir='ltr' id='par_1_3' title="bbox 231 1127 1335 3216">
     <span class='ocr_line' id='line_1_5' title="bbox 245 1127 1335 1196; baseline 0.006 -16"><span class='ocrx_word' id='word_1_27' title='bbox 245 1129 305 1181; x_wconf 86' lang='lat' dir='ltr'><strong>adv.</strong></span> <span class='ocrx_word' id='word_1_28' title='bbox 328 1130 407 1181; x_wconf 82' lang='lat' dir='ltr'><strong>Stolo.</strong></span> <span class='ocrx_word' id='word_1_29' title='bbox 431 1127 481 1190; x_wconf 77' lang='grc'><strong>33.)</strong></span> <span class='ocrx_word' id='word_1_30' title='bbox 518 1128 648 1180; x_wconf 85' lang='grc'><strong>44444444</strong></span> <span class='ocrx_word' id='word_1_31' title='bbox 675 1129 769 1180; x_wconf 85' lang='lat' dir='ltr'><strong>eadem</strong></span> <span class='ocrx_word' id='word_1_32' title='bbox 806 1129 899 1194; x_wconf 84' lang='lat' dir='ltr'><strong>protes</strong></span> <span class='ocrx_word' id='word_1_33' title='bbox 926 1130 990 1181; x_wconf 85' lang='lat' dir='ltr'><strong>mihi</strong></span> <span class='ocrx_word' id='word_1_34' title='bbox 1016 1131 1094 1182; x_wconf 89' lang='lat' dir='ltr'><strong>notos</strong></span> <span class='ocrx_word' id='word_1_35' title='bbox 1119 1133 1200 1183; x_wconf 86' lang='lat' dir='ltr'><strong>etiam</strong></span> <span class='ocrx_word' id='word_1_36' title='bbox 1213 1133 1335 1196; x_wconf 82' lang='lat' dir='ltr'><strong>pituitam</strong></span> 
     </span>
     <span class='ocr_line' id='line_1_6' title="bbox 245 1201 1333 1268; baseline 0.005 -13"><span class='ocrx_word' id='word_1_37' title='bbox 245 1208 325 1268; x_wconf 87' lang='lat' dir='ltr'><strong>atque</strong></span> <span class='ocrx_word' id='word_1_38' title='bbox 356 1203 479 1254; x_wconf 76' lang='lat' dir='ltr'><strong>Horatius</strong></span> <span class='ocrx_word' id='word_1_39' title='bbox 511 1204 594 1254; x_wconf 86' lang='lat' dir='ltr'><strong>ironia</strong></span> <span class='ocrx_word' id='word_1_40' title='bbox 626 1215 691 1254; x_wconf 89' lang='lat' dir='ltr'><strong>usus</strong></span> <span class='ocrx_word' id='word_1_41' title='bbox 718 1201 878 1266; x_wconf 74' lang='lat' dir='ltr'><strong>victui</strong></span> <span class='ocrx_word' id='word_1_42' title='bbox 898 1203 1000 1268; x_wconf 83' lang='lat' dir='ltr'><strong>trisyll.)</strong></span> <span class='ocrx_word' id='word_1_43' title='bbox 1025 1217 1040 1256; x_wconf 88' lang='lat' dir='ltr'><strong>c</strong></span> <span class='ocrx_word' id='word_1_44' title='bbox 1062 1205 1210 1258; x_wconf 89' lang='lat' dir='ltr'><strong>Stoicorum</strong></span> <span class='ocrx_word' id='word_1_45' title='bbox 1235 1207 1333 1260; x_wconf 86' lang='lat' dir='ltr'><strong>scholis</strong></span> 
     </span>
     <span class='ocr_line' id='line_1_7' title="bbox 245 1267 1334 1344; baseline 0.005 -14"><span class='ocrx_word' id='word_1_46' title='bbox 245 1282 314 1330; x_wconf 85' lang='lat' dir='ltr'><strong>auct.</strong></span> <span class='ocrx_word' id='word_1_47' title='bbox 331 1279 373 1329; x_wconf 84' lang='grc'><strong>46.</strong></span> <span class='ocrx_word' id='word_1_48' title='bbox 392 1278 426 1328; x_wconf 87' lang='grc'><strong>(44</strong></span> <span class='ocrx_word' id='word_1_49' title='bbox 445 1277 545 1328; x_wconf 84' lang='lat' dir='ltr'><strong>Stoico:</strong></span> <span class='ocrx_word' id='word_1_50' title='bbox 574 1273 666 1344; x_wconf 82' lang='grc' dir='ltr'><em>μόνος</em></span> <span class='ocrx_word' id='word_1_51' title='bbox 683 1267 769 1341; x_wconf 75' lang='grc' dir='ltr'><em>οὗτος</em></span> <span class='ocrx_word' id='word_1_52' title='bbox 806 1279 916 1343; x_wconf 85' lang='lat' dir='ltr'><strong>petitam</strong></span> <span class='ocrx_word' id='word_1_53' title='bbox 934 1293 1008 1331; x_wconf 88' lang='lat' dir='ltr'><strong>esse:</strong></span> <span class='ocrx_word' id='word_1_54' title='bbox 1027 1279 1188 1332; x_wconf 86' lang='lat' dir='ltr'><strong>obilclebaut</strong></span> <span class='ocrx_word' id='word_1_55' title='bbox 1205 1284 1279 1334; x_wconf 87' lang='lat' dir='ltr'><strong>anim</strong></span> <span class='ocrx_word' id='word_1_56' title='bbox 1295 1285 1334 1335; x_wconf 89' lang='lat' dir='ltr'><strong>si-</strong></span> 
     </span>
     <span class='ocr_line' id='line_1_8' title="bbox 244 1348 1333 1419; baseline 0.003 -13"><span class='ocrx_word' id='word_1_57' title='bbox 244 1353 353 1418; x_wconf 84' lang='grc' dir='ltr'><strong>σοφός,</strong></span> <span class='ocrx_word' id='word_1_58' title='bbox 379 1349 472 1418; x_wconf 78' lang='grc' dir='ltr'><strong><em>μόνος</em></strong></span> <span class='ocrx_word' id='word_1_59' title='bbox 488 1348 592 1416; x_wconf 84' lang='grc' dir='ltr'><strong>καλός,</strong></span> <span class='ocrx_word' id='word_1_60' title='bbox 618 1351 711 1418; x_wconf 82' lang='grc' dir='ltr'>μόνος</span> <span class='ocrx_word' id='word_1_61' title='bbox 727 1352 769 1405; x_wconf 85' lang='grc'><strong>64-</strong></span> <span class='ocrx_word' id='word_1_62' title='bbox 806 1352 891 1405; x_wconf 84' lang='grc'><strong>4444444</strong></span> <span class='ocrx_word' id='word_1_63' title='bbox 908 1355 970 1419; x_wconf 89' lang='lat' dir='ltr'><strong>ipsi,</strong></span> <span class='ocrx_word' id='word_1_64' title='bbox 996 1353 1049 1406; x_wconf 89' lang='lat' dir='ltr'><strong>hoc</strong></span> <span class='ocrx_word' id='word_1_65' title='bbox 1066 1355 1268 1408; x_wconf 87' lang='lat' dir='ltr'><strong>incommodum</strong></span> <span class='ocrx_word' id='word_1_66' title='bbox 1290 1358 1333 1410; x_wconf 87' lang='lat' dir='ltr'><strong>lu-</strong></span> 
     </span>
     <span class='ocr_line' id='line_1_9' title="bbox 243 1423 1332 1520; baseline 0.003 -40"><span class='ocrx_word' id='word_1_67' title='bbox 243 1445 336 1493; x_wconf 77' lang='grc' dir='ltr'><strong>κωος,</strong></span> <span class='ocrx_word' id='word_1_68' title='bbox 349 1423 492 1499; x_wconf 74' lang='grc' dir='ltr'><strong>ἀνδρεῖος,</strong></span> <span class='ocrx_word' id='word_1_69' title='bbox 503 1424 679 1493; x_wconf 65' lang='grc' dir='ltr'><strong>βασιλεύςῇ</strong></span> <span class='ocrx_word' id='word_1_70' title='bbox 663 1427 767 1520; x_wconf 76' lang='grc' dir='ltr'><strong>ρήτωρ,</strong></span> <span class='ocrx_word' id='word_1_71' title='bbox 806 1429 914 1480; x_wconf 88' lang='lat' dir='ltr'><strong>terdurn</strong></span> <span class='ocrx_word' id='word_1_72' title='bbox 942 1427 1052 1482; x_wconf 90' lang='lat' dir='ltr'><strong>obstare</strong></span> <span class='ocrx_word' id='word_1_73' title='bbox 1079 1430 1165 1482; x_wconf 84' lang='lat' dir='ltr'><strong>videri</strong></span> <span class='ocrx_word' id='word_1_74' title='bbox 1196 1431 1332 1496; x_wconf 82' lang='lat' dir='ltr'><strong>perlectae</strong></span> 
     </span>
     <span class='ocr_line' id='line_1_10' title="bbox 231 1499 1335 1570; baseline 0.004 -15"><span class='ocrx_word' id='word_1_75' title='bbox 231 1501 398 1566; x_wconf 64' lang='lat' dir='ltr'><strong>utorium,</strong></span> <span class='ocrx_word' id='word_1_76' title='bbox 420 1503 585 1570; x_wconf 75' lang='grc' dir='ltr'><strong><em>νομοθέτης</em></strong></span> <span class='ocrx_word' id='word_1_77' title='bbox 601 1505 651 1556; x_wconf 71' lang='lat' dir='ltr'><strong>aot</strong></span> <span class='ocrx_word' id='word_1_78' title='bbox 666 1499 768 1567; x_wconf 76' lang='grc' dir='ltr'><strong>τᾶλλα,</strong></span> <span class='ocrx_word' id='word_1_79' title='bbox 805 1504 976 1567; x_wconf 85' lang='lat' dir='ltr'><strong>beatitudiui;</strong></span> <span class='ocrx_word' id='word_1_80' title='bbox 995 1519 1028 1558; x_wconf 92' lang='lat' dir='ltr'><strong>eo</strong></span> <span class='ocrx_word' id='word_1_81' title='bbox 1044 1505 1145 1558; x_wconf 85' lang='lat' dir='ltr'><strong>scilicet</strong></span> <span class='ocrx_word' id='word_1_82' title='bbox 1162 1506 1286 1570; x_wconf 82' lang='lat' dir='ltr'><strong>consilio,</strong></span> <span class='ocrx_word' id='word_1_83' title='bbox 1304 1509 1335 1559; x_wconf 90' lang='lat' dir='ltr'><strong>ut</strong></span> 
     </span>
     <span class='ocr_line' id='line_1_11' title="bbox 244 1575 1334 1645; baseline 0.001 -14"><span class='ocrx_word' id='word_1_84' title='bbox 244 1575 342 1632; x_wconf 81' lang='grc' dir='ltr'><strong><em>ὁπόσα</em></strong></span> <span class='ocrx_word' id='word_1_85' title='bbox 361 1579 449 1632; x_wconf 70' lang='lat' dir='ltr'><strong>toro.</strong></span> <span class='ocrx_word' id='word_1_86' title='bbox 482 1581 521 1632; x_wconf 71' lang='grc'><strong>(44.</strong></span> <span class='ocrx_word' id='word_1_87' title='bbox 541 1582 595 1632; x_wconf 90' lang='lat' dir='ltr'><strong>Sat.</strong></span> <span class='ocrx_word' id='word_1_88' title='bbox 616 1583 646 1643; x_wconf 98' lang='grc'><strong>4,</strong></span> <span class='ocrx_word' id='word_1_89' title='bbox 669 1582 698 1644; x_wconf 96' lang='grc'><strong>3,</strong></span> <span class='ocrx_word' id='word_1_90' title='bbox 720 1582 769 1633; x_wconf 89' lang='grc'><strong>444</strong></span> <span class='ocrx_word' id='word_1_91' title='bbox 805 1579 874 1632; x_wconf 81' lang='lat' dir='ltr'><strong>lucili</strong></span> <span class='ocrx_word' id='word_1_92' title='bbox 892 1594 974 1645; x_wconf 87' lang='lat' dir='ltr'><strong>opera</strong></span> <span class='ocrx_word' id='word_1_93' title='bbox 985 1579 1259 1632; x_wconf 82' lang='lat' dir='ltr'><strong>talamobiectionem</strong></span> <span class='ocrx_word' id='word_1_94' title='bbox 1271 1593 1334 1632; x_wconf 91' lang='lat' dir='ltr'><strong>con·</strong></span> 
     </span>
     <span class='ocr_line' id='line_1_12' title="bbox 243 1653 1332 1720; baseline 0 -12"><span class='ocrx_word' id='word_1_95' title='bbox 243 1671 285 1720; x_wconf 86' lang='lat' dir='ltr'><strong>sq.</strong></span> <span class='ocrx_word' id='word_1_96' title='bbox 306 1683 334 1694; x_wconf 87' lang='lat'>-</span> <span class='ocrx_word' id='word_1_97' title='bbox 347 1655 491 1719; x_wconf 74' lang='grc'><strong>4444444444]</strong></span> <span class='ocrx_word' id='word_1_98' title='bbox 511 1655 561 1708; x_wconf 67' lang='lat' dir='ltr'><strong>aad</strong></span> <span class='ocrx_word' id='word_1_99' title='bbox 578 1655 770 1708; x_wconf 81' lang='lat' dir='ltr'><strong>honoresere·</strong></span> <span class='ocrx_word' id='word_1_100' title='bbox 806 1653 929 1706; x_wconf 82' lang='grc'><strong>44444444.</strong></span> <span class='ocrx_word' id='word_1_101' title='bbox 966 1657 1063 1708; x_wconf 85' lang='grc'><strong>44444·</strong></span> <span class='ocrx_word' id='word_1_102' title='bbox 1056 1654 1332 1720; x_wconf 80' lang='lat' dir='ltr'><strong>upsamratiunculam</strong></span> 
     </span>
     <span class='ocr_line' id='line_1_13' title="bbox 244 1728 1333 1794; baseline -0.002 -12"><span class='ocrx_word' id='word_1_103' title='bbox 244 1734 329 1782; x_wconf 80' lang='lat' dir='ltr'><strong>ctus.»</strong></span> <span class='ocrx_word' id='word_1_104' title='bbox 344 1757 371 1766; x_wconf 87' lang='lat'>-</span> <span class='ocrx_word' id='word_1_105' title='bbox 388 1730 500 1794; x_wconf 72' lang='grc'><strong>44444444]</strong></span> <span class='ocrx_word' id='word_1_106' title='bbox 515 1732 581 1782; x_wconf 80' lang='lat' dir='ltr'><strong>«etsi</strong></span> <span class='ocrx_word' id='word_1_107' title='bbox 596 1733 706 1782; x_wconf 82' lang='lat' dir='ltr'><strong>externa</strong></span> <span class='ocrx_word' id='word_1_108' title='bbox 718 1731 771 1782; x_wconf 89' lang='lat' dir='ltr'><strong>tor·</strong></span> <span class='ocrx_word' id='word_1_109' title='bbox 805 1728 875 1781; x_wconf 87' lang='grc'><strong>44444</strong></span> <span class='ocrx_word' id='word_1_110' title='bbox 892 1730 975 1780; x_wconf 85' lang='lat' dir='ltr'><strong>ridet:</strong></span> <span class='ocrx_word' id='word_1_111' title='bbox 999 1731 1065 1782; x_wconf 84' lang='lat' dir='ltr'><strong>«uisi</strong></span> <span class='ocrx_word' id='word_1_112' title='bbox 1082 1743 1145 1780; x_wconf 92' lang='lat' dir='ltr'><strong>cum</strong></span> <span class='ocrx_word' id='word_1_113' title='bbox 1161 1731 1254 1794; x_wconf 75' lang='lat' dir='ltr'><strong>pituita</strong></span> <span class='ocrx_word' id='word_1_114' title='bbox 1272 1743 1333 1780; x_wconf 92' lang='lat' dir='ltr'><strong>mo-</strong></span> 
     </span>
     <span class='ocr_line' id='line_1_14' title="bbox 243 1803 1333 1870; baseline -0.003 -14"><span class='ocrx_word' id='word_1_115' title='bbox 243 1807 314 1856; x_wconf 81' lang='lat' dir='ltr'><strong>tasse</strong></span> <span class='ocrx_word' id='word_1_116' title='bbox 331 1805 421 1870; x_wconf 88' lang='lat' dir='ltr'><strong>specie</strong></span> <span class='ocrx_word' id='word_1_117' title='bbox 439 1803 581 1864; x_wconf 82' lang='lat' dir='ltr'><strong>deformis,</strong></span> <span class='ocrx_word' id='word_1_118' title='bbox 604 1805 685 1856; x_wconf 91' lang='lat' dir='ltr'><strong>animi</strong></span> <span class='ocrx_word' id='word_1_119' title='bbox 707 1803 769 1870; x_wconf 94' lang='lat' dir='ltr'><strong>pul·</strong></span> <span class='ocrx_word' id='word_1_120' title='bbox 806 1803 873 1856; x_wconf 87' lang='grc'><strong>44444</strong></span> <span class='ocrx_word' id='word_1_121' title='bbox 890 1806 931 1856; x_wconf 89' lang='grc'><strong>444</strong></span> <span class='ocrx_word' id='word_1_122' title='bbox 948 1807 976 1856; x_wconf 88' lang='grc'><strong>44</strong></span> <span class='ocrx_word' id='word_1_123' title='bbox 993 1804 1052 1868; x_wconf 83' lang='lat' dir='ltr'><strong>tibi¹</strong></span> <span class='ocrx_word' id='word_1_124' title='bbox 1074 1807 1102 1855; x_wconf 95' lang='lat' dir='ltr'><strong>et</strong></span> <span class='ocrx_word' id='word_1_125' title='bbox 1113 1804 1190 1856; x_wconf 88' lang='lat' dir='ltr'><strong>nobis</strong></span> <span class='ocrx_word' id='word_1_126' title='bbox 1201 1803 1333 1855; x_wconf 82' lang='lat' dir='ltr'><strong>auditori·</strong></span> 
     </span>
     <span class='ocr_line' id='line_1_15' title="bbox 244 1877 1334 1943; baseline 0.001 -14"><span class='ocrx_word' id='word_1_127' title='bbox 244 1879 392 1930; x_wconf 89' lang='lat' dir='ltr'><strong>chritudiua</strong></span> <span class='ocrx_word' id='word_1_128' title='bbox 410 1879 480 1929; x_wconf 89' lang='lat' dir='ltr'><strong>inter</strong></span> <span class='ocrx_word' id='word_1_129' title='bbox 491 1892 586 1930; x_wconf 89' lang='lat' dir='ltr'><strong>omnes</strong></span> <span class='ocrx_word' id='word_1_130' title='bbox 598 1881 724 1930; x_wconf 75' lang='lat' dir='ltr'><strong>eminet.»</strong></span> <span class='ocrx_word' id='word_1_131' title='bbox 739 1908 767 1916; x_wconf 92' lang='lat'><em>-</em></span> <span class='ocrx_word' id='word_1_132' title='bbox 806 1877 883 1930; x_wconf 75' lang='lat' dir='ltr'><strong>bus.»</strong></span> <span class='ocrx_word' id='word_1_133' title='bbox 909 1879 1012 1930; x_wconf 80' lang='lat' dir='ltr'><strong>Arriau.</strong></span> <span class='ocrx_word' id='word_1_134' title='bbox 1027 1879 1111 1943; x_wconf 86' lang='lat' dir='ltr'><strong>Epict.</strong></span> <span class='ocrx_word' id='word_1_135' title='bbox 1125 1880 1153 1941; x_wconf 92' lang='grc'><strong>4,</strong></span> <span class='ocrx_word' id='word_1_136' title='bbox 1167 1878 1196 1940; x_wconf 88' lang='grc'><strong>6,</strong></span> <span class='ocrx_word' id='word_1_137' title='bbox 1211 1878 1254 1929; x_wconf 70' lang='grc'><strong>364</strong></span> <span class='ocrx_word' id='word_1_138' title='bbox 1276 1878 1334 1930; x_wconf 84' lang='lat' dir='ltr'><strong>Nat</strong></span> 
     </span>
     <span class='ocr_line' id='line_1_16' title="bbox 242 1947 1334 2019; baseline 0.002 -17"><span class='ocrx_word' id='word_1_139' title='bbox 242 1967 315 2004; x_wconf 80' lang='lat' dir='ltr'><strong>rac-</strong></span> <span class='ocrx_word' id='word_1_140' title='bbox 300 1952 422 2018; x_wconf 78' lang='lat' dir='ltr'><strong>-repum]</strong></span> <span class='ocrx_word' id='word_1_141' title='bbox 444 1955 475 2003; x_wconf 91' lang='lat' dir='ltr'><strong>ut</strong></span> <span class='ocrx_word' id='word_1_142' title='bbox 496 1954 639 2004; x_wconf 81' lang='lat' dir='ltr'><strong>Persarum</strong></span> <span class='ocrx_word' id='word_1_143' title='bbox 662 1967 766 2004; x_wconf 85' lang='lat' dir='ltr'><strong>rer.—</strong></span> <span class='ocrx_word' id='word_1_144' title='bbox 807 1953 956 2019; x_wconf 79' lang='grc' dir='ltr'><strong><em>(ἐτέτυχον</em></strong></span> <span class='ocrx_word' id='word_1_145' title='bbox 984 1947 1192 2018; x_wconf 72' lang='grc' dir='ltr'><strong>4456444μονίσ4ς4·</strong></span> <span class='ocrx_word' id='word_1_146' title='bbox 1219 1947 1282 2002; x_wconf 82' lang='grc' dir='ltr'><strong><em>ἀλλ’</em></strong></span> <span class='ocrx_word' id='word_1_147' title='bbox 1300 1955 1334 2004; x_wconf 84' lang='grc' dir='ltr'><strong>αἱ</strong></span> 
     </span>
     <span class='ocr_line' id='line_1_17' title="bbox 242 2025 1330 2095; baseline -0.001 -16"><span class='ocrx_word' id='word_1_148' title='bbox 242 2028 377 2090; x_wconf 76' lang='lat' dir='ltr'><strong>Praecipua</strong></span> <span class='ocrx_word' id='word_1_149' title='bbox 392 2027 479 2092; x_wconf 81' lang='lat' dir='ltr'><strong>sonus]</strong></span> <span class='ocrx_word' id='word_1_150' title='bbox 503 2029 653 2090; x_wconf 79' lang='lat' dir='ltr'><strong>«Praecipue</strong></span> <span class='ocrx_word' id='word_1_151' title='bbox 669 2041 719 2092; x_wconf 88' lang='lat' dir='ltr'><strong>per</strong></span> <span class='ocrx_word' id='word_1_152' title='bbox 738 2039 768 2078; x_wconf 88' lang='lat' dir='ltr'><strong>sa</strong></span> <span class='ocrx_word' id='word_1_153' title='bbox 805 2025 895 2095; x_wconf 78' lang='grc' dir='ltr'>μύξαι</span> <span class='ocrx_word' id='word_1_154' title='bbox 912 2029 1009 2094; x_wconf 73' lang='lat' dir='ltr'><strong>(mactis</strong></span> <span class='ocrx_word' id='word_1_155' title='bbox 1025 2033 1049 2078; x_wconf 86' lang='lat' dir='ltr'><strong>et</strong></span> <span class='ocrx_word' id='word_1_156' title='bbox 1063 2028 1134 2078; x_wconf 79' lang='grc'><strong>44444</strong></span> <span class='ocrx_word' id='word_1_157' title='bbox 1147 2029 1243 2091; x_wconf 75' lang='lat' dir='ltr'><strong>pituita</strong></span> <span class='ocrx_word' id='word_1_158' title='bbox 1258 2030 1330 2090; x_wconf 82' lang='grc'><strong>4444,</strong></span> 
     </span>
     <span class='ocr_line' id='line_1_18' title="bbox 242 2096 1332 2189; baseline -0.003 -34"><span class='ocrx_word' id='word_1_159' title='bbox 242 2103 305 2164; x_wconf 84' lang='lat' dir='ltr'><strong>stat,</strong></span> <span class='ocrx_word' id='word_1_160' title='bbox 324 2101 474 2165; x_wconf 77' lang='lat' dir='ltr'><strong>significuus</strong></span> <span class='ocrx_word' id='word_1_161' title='bbox 488 2103 555 2163; x_wconf 74' lang='lat' dir='ltr'><strong>cuod</strong></span> <span class='ocrx_word' id='word_1_162' title='bbox 570 2104 767 2153; x_wconf 73' lang='grc'><strong>4444444444</strong></span> <span class='ocrx_word' id='word_1_163' title='bbox 807 2103 900 2156; x_wconf 87' lang='lat' dir='ltr'><strong>catull.</strong></span> <span class='ocrx_word' id='word_1_164' title='bbox 913 2103 945 2154; x_wconf 86' lang='grc'><strong>43</strong></span> <span class='ocrx_word' id='word_1_165' title='bbox 955 2103 1024 2165; x_wconf 79' lang='grc'><strong>,4.74</strong></span> <span class='ocrx_word' id='word_1_166' title='bbox 1042 2117 1101 2169; x_wconf 83' lang='grc' dir='ltr'><strong>μου</strong></span> <span class='ocrx_word' id='word_1_167' title='bbox 1119 2096 1228 2189; x_wconf 81' lang='grc' dir='ltr'><strong><em>ῥέουσι</em></strong></span> <span class='ocrx_word' id='word_1_168' title='bbox 1248 2102 1332 2165; x_wconf 81' lang='grc' dir='ltr'><em>Τινος</em></span> 
     </span>
     <span class='ocr_line' id='line_1_19' title="bbox 241 2170 1333 2265; baseline -0.001 -36"><span class='ocrx_word' id='word_1_169' title='bbox 241 2177 338 2229; x_wconf 71' lang='grc'><strong>4144444</strong></span> <span class='ocrx_word' id='word_1_170' title='bbox 353 2177 432 2240; x_wconf 83' lang='lat' dir='ltr'><strong>igitur</strong></span> <span class='ocrx_word' id='word_1_171' title='bbox 447 2178 623 2241; x_wconf 83' lang='lat' dir='ltr'><strong>interpretes,</strong></span> <span class='ocrx_word' id='word_1_172' title='bbox 642 2178 687 2242; x_wconf 86' lang='lat' dir='ltr'><strong>qui</strong></span> <span class='ocrx_word' id='word_1_173' title='bbox 704 2177 769 2226; x_wconf 82' lang='lat' dir='ltr'><strong>red-</strong></span> <span class='ocrx_word' id='word_1_174' title='bbox 806 2170 858 2230; x_wconf 83' lang='grc' dir='ltr'><strong>ουν</strong></span> <span class='ocrx_word' id='word_1_175' title='bbox 870 2193 954 2229; x_wconf 75' lang='lat' dir='ltr'><strong>evm</strong></span> <span class='ocrx_word' id='word_1_176' title='bbox 970 2171 1095 2265; x_wconf 77' lang='grc' dir='ltr'><strong><em>χεῖρας</em></strong></span> <span class='ocrx_word' id='word_1_177' title='bbox 1081 2191 1171 2241; x_wconf 72' lang='grc' dir='ltr'><strong><em>εχεις</em></strong></span> <span class='ocrx_word' id='word_1_178' title='bbox 1189 2170 1333 2249; x_wconf 74' lang='grc' dir='ltr'><em>ἀνδράπο-</em></span> 
     </span>
     <span class='ocr_line' id='line_1_20' title="bbox 242 2246 1333 2340; baseline 0.003 -39"><span class='ocrx_word' id='word_1_179' title='bbox 242 2251 603 2315; x_wconf 65' lang='lat' dir='ltr'><strong>duntoottkommeupesuotlo</strong></span> <span class='ocrx_word' id='word_1_180' title='bbox 591 2252 766 2302; x_wconf 78' lang='grc'><strong>4444444444.</strong></span> <span class='ocrx_word' id='word_1_181' title='bbox 804 2252 870 2314; x_wconf 74' lang='lat' dir='ltr'><strong>too:</strong></span> <span class='ocrx_word' id='word_1_182' title='bbox 883 2246 1333 2342; x_wconf 70' lang='lat' dir='ltr'><strong>orixt&#39;vuxoloitropsiocpcuaao·</strong></span> 
     </span>
     <span class='ocr_line' id='line_1_21' title="bbox 241 2305 1332 2394; baseline 0.001 -16"><span class='ocrx_word' id='word_1_183' title='bbox 241 2327 283 2378; x_wconf 84' lang='lat' dir='ltr'><strong>lv.</strong></span> <span class='ocrx_word' id='word_1_184' title='bbox 296 2340 323 2391; x_wconf 87' lang='lat' dir='ltr'><strong>p.</strong></span> <span class='ocrx_word' id='word_1_185' title='bbox 339 2326 397 2378; x_wconf 81' lang='grc'><strong>4448.</strong></span> <span class='ocrx_word' id='word_1_186' title='bbox 428 2325 473 2376; x_wconf 79' lang='lat' dir='ltr'><strong>old</strong></span> <span class='ocrx_word' id='word_1_187' title='bbox 498 2339 564 2376; x_wconf 87' lang='lat' dir='ltr'><strong>varo</strong></span> <span class='ocrx_word' id='word_1_188' title='bbox 591 2327 653 2377; x_wconf 87' lang='grc'><strong>4444</strong></span> <span class='ocrx_word' id='word_1_189' title='bbox 678 2327 767 2376; x_wconf 86' lang='lat' dir='ltr'><strong>omnia</strong></span> <span class='ocrx_word' id='word_1_190' title='bbox 805 2325 870 2390; x_wconf 81' lang='grc' dir='ltr'><strong>τόν,·</strong></span> <span class='ocrx_word' id='word_1_191' title='bbox 895 2326 989 2380; x_wconf 79' lang='grc' dir='ltr'><em>Τοῦτο</em></span> <span class='ocrx_word' id='word_1_192' title='bbox 1014 2343 1067 2380; x_wconf 78' lang='grc' dir='ltr'><strong>ουν</strong></span> <span class='ocrx_word' id='word_1_193' title='bbox 1092 2305 1213 2394; x_wconf 77' lang='lat' dir='ltr'><strong>ait&#39;ioyov</strong></span> <span class='ocrx_word' id='word_1_194' title='bbox 1237 2323 1332 2392; x_wconf 72' lang='grc' dir='ltr'><em>μύξας</em></span> 
     </span>
     <span class='ocr_line' id='line_1_22' title="bbox 241 2397 1331 2471; baseline -0.002 -19"><span class='ocrx_word' id='word_1_195' title='bbox 241 2401 330 2452; x_wconf 89' lang='lat' dir='ltr'><strong>cuncti</strong></span> <span class='ocrx_word' id='word_1_196' title='bbox 348 2401 395 2451; x_wconf 85' lang='lat' dir='ltr'><strong>tibi</strong></span> <span class='ocrx_word' id='word_1_197' title='bbox 413 2401 577 2462; x_wconf 89' lang='lat' dir='ltr'><strong>concedant,</strong></span> <span class='ocrx_word' id='word_1_198' title='bbox 597 2412 660 2452; x_wconf 87' lang='lat' dir='ltr'><strong>eum</strong></span> <span class='ocrx_word' id='word_1_199' title='bbox 671 2413 767 2452; x_wconf 89' lang='lat' dir='ltr'><strong>sanum</strong></span> <span class='ocrx_word' id='word_1_200' title='bbox 804 2403 936 2471; x_wconf 72' lang='lat' dir='ltr'><strong>ytveooou</strong></span> <span class='ocrx_word' id='word_1_201' title='bbox 953 2402 984 2455; x_wconf 73' lang='grc' dir='ltr'><strong>ἐν</strong></span> <span class='ocrx_word' id='word_1_202' title='bbox 999 2400 1039 2470; x_wconf 71' lang='grc' dir='ltr'><strong>τῷ</strong></span> <span class='ocrx_word' id='word_1_203' title='bbox 1057 2397 1177 2470; x_wconf 74' lang='grc' dir='ltr'><strong>κόσμῳ,1</strong></span> <span class='ocrx_word' id='word_1_204' title='bbox 1199 2401 1257 2452; x_wconf 77' lang='grc'><strong>4444</strong></span> <span class='ocrx_word' id='word_1_205' title='bbox 1276 2398 1331 2452; x_wconf 77' lang='grc' dir='ltr'><strong>πό-</strong></span> 
     </span>
     <span class='ocr_line' id='line_1_23' title="bbox 242 2469 1333 2551; baseline 0.001 -25"><span class='ocrx_word' id='word_1_206' title='bbox 242 2488 318 2538; x_wconf 87' lang='grc'><strong>4444,</strong></span> <span class='ocrx_word' id='word_1_207' title='bbox 342 2475 391 2526; x_wconf 89' lang='grc'><strong>4444</strong></span> <span class='ocrx_word' id='word_1_208' title='bbox 408 2475 455 2525; x_wconf 89' lang='lat' dir='ltr'><strong>ubi</strong></span> <span class='ocrx_word' id='word_1_209' title='bbox 473 2475 540 2526; x_wconf 85' lang='lat' dir='ltr'><strong>torte</strong></span> <span class='ocrx_word' id='word_1_210' title='bbox 558 2475 651 2540; x_wconf 85' lang='lat' dir='ltr'><strong>pituita</strong></span> <span class='ocrx_word' id='word_1_211' title='bbox 669 2471 768 2547; x_wconf 76' lang='grc' dir='ltr'><strong><em>(κόρυ-</em></strong></span> <span class='ocrx_word' id='word_1_212' title='bbox 805 2494 848 2548; x_wconf 81' lang='grc' dir='ltr'><strong>σῳ</strong></span> <span class='ocrx_word' id='word_1_213' title='bbox 873 2482 1002 2551; x_wconf 75' lang='grc' dir='ltr'><strong>κρεῖττον</strong></span> <span class='ocrx_word' id='word_1_214' title='bbox 1026 2473 1238 2543; x_wconf 69' lang='grc' dir='ltr'><strong>α’πομύξασθαλ</strong></span> <span class='ocrx_word' id='word_1_215' title='bbox 1260 2469 1333 2542; x_wconf 81' lang='grc' dir='ltr'><strong>4εῆ</strong></span> 
     </span>
     <span class='ocr_line' id='line_1_24' title="bbox 241 2544 1332 2622; baseline 0.001 -22"><span class='ocrx_word' id='word_1_216' title='bbox 241 2554 290 2615; x_wconf 85' lang='grc' dir='ltr'><strong>ζα,</strong></span> <span class='ocrx_word' id='word_1_217' title='bbox 316 2544 493 2621; x_wconf 57' lang='lat' dir='ltr'><strong>anadiplosis,</strong></span> <span class='ocrx_word' id='word_1_218' title='bbox 518 2549 716 2620; x_wconf 71' lang='grc'><strong>8444444444)</strong></span> <span class='ocrx_word' id='word_1_219' title='bbox 743 2551 767 2600; x_wconf 87' lang='lat' dir='ltr'><strong>ai</strong></span> <span class='ocrx_word' id='word_1_220' title='bbox 805 2551 952 2622; x_wconf 58' lang='lat' dir='ltr'><strong>&amp;ysaiam</strong></span> <span class='ocrx_word' id='word_1_221' title='bbox 963 2551 1003 2603; x_wconf 75' lang='lat' dir='ltr'><strong>ld</strong></span> <span class='ocrx_word' id='word_1_222' title='bbox 1013 2551 1129 2603; x_wconf 84' lang='lat' dir='ltr'><strong>candem</strong></span> <span class='ocrx_word' id='word_1_223' title='bbox 1138 2552 1273 2616; x_wconf 78' lang='lat' dir='ltr'><strong>putidam</strong></span> <span class='ocrx_word' id='word_1_224' title='bbox 1267 2563 1332 2602; x_wconf 83' lang='lat' dir='ltr'><strong>rma</strong></span> 
     </span>
     <span class='ocr_line' id='line_1_25' title="bbox 241 2623 1329 2694; baseline 0.002 -20"><span class='ocrx_word' id='word_1_225' title='bbox 241 2623 354 2676; x_wconf 86' lang='lat' dir='ltr'><strong>molesta</strong></span> <span class='ocrx_word' id='word_1_226' title='bbox 377 2626 443 2676; x_wconf 89' lang='grc'><strong>444.</strong></span> <span class='ocrx_word' id='word_1_227' title='bbox 473 2627 550 2675; x_wconf 87' lang='lat' dir='ltr'><strong>Grata</strong></span> <span class='ocrx_word' id='word_1_228' title='bbox 578 2623 673 2688; x_wconf 84' lang='lat' dir='ltr'><strong>dilogia</strong></span> <span class='ocrx_word' id='word_1_229' title='bbox 698 2627 769 2676; x_wconf 86' lang='lat' dir='ltr'><strong>inest</strong></span> <span class='ocrx_word' id='word_1_230' title='bbox 805 2631 893 2694; x_wconf 76' lang='lat' dir='ltr'><strong>ginem</strong></span> <span class='ocrx_word' id='word_1_231' title='bbox 910 2627 1096 2690; x_wconf 68' lang='lat' dir='ltr'><strong>reverituri,</strong></span> <span class='ocrx_word' id='word_1_232' title='bbox 1116 2626 1160 2688; x_wconf 90' lang='grc'><strong>46,</strong></span> <span class='ocrx_word' id='word_1_233' title='bbox 1180 2625 1219 2676; x_wconf 89' lang='grc'><strong>43.</strong></span> <span class='ocrx_word' id='word_1_234' title='bbox 1239 2625 1269 2688; x_wconf 89' lang='grc'><strong>4,</strong></span> <span class='ocrx_word' id='word_1_235' title='bbox 1290 2626 1329 2688; x_wconf 95' lang='grc'><strong>44,</strong></span> 
     </span>
     <span class='ocr_line' id='line_1_26' title="bbox 241 2698 1333 2766; baseline 0 -16"><span class='ocrx_word' id='word_1_236' title='bbox 241 2702 267 2750; x_wconf 90' lang='grc'><strong>44</strong></span> <span class='ocrx_word' id='word_1_237' title='bbox 285 2715 309 2751; x_wconf 90' lang='lat' dir='ltr'><strong>v.</strong></span> <span class='ocrx_word' id='word_1_238' title='bbox 328 2713 417 2762; x_wconf 79' lang='grc'><strong>44444,</strong></span> <span class='ocrx_word' id='word_1_239' title='bbox 443 2699 516 2764; x_wconf 88' lang='lat' dir='ltr'><strong>quod</strong></span> <span class='ocrx_word' id='word_1_240' title='bbox 533 2711 595 2750; x_wconf 91' lang='lat' dir='ltr'><strong>cum</strong></span> <span class='ocrx_word' id='word_1_241' title='bbox 612 2700 640 2750; x_wconf 89' lang='lat' dir='ltr'><strong>b.</strong></span> <span class='ocrx_word' id='word_1_242' title='bbox 658 2699 674 2752; x_wconf 90' lang='lat' dir='ltr'><strong>l.</strong></span> <span class='ocrx_word' id='word_1_243' title='bbox 688 2713 768 2752; x_wconf 88' lang='lat' dir='ltr'><strong>usur</strong></span> <span class='ocrx_word' id='word_1_244' title='bbox 804 2705 829 2755; x_wconf 84' lang='lat'><strong>9.</strong></span> <span class='ocrx_word' id='word_1_245' title='bbox 859 2702 935 2754; x_wconf 85' lang='lat' dir='ltr'><strong>liaud</strong></span> <span class='ocrx_word' id='word_1_246' title='bbox 947 2714 1059 2766; x_wconf 89' lang='lat' dir='ltr'><strong>prorsus</strong></span> <span class='ocrx_word' id='word_1_247' title='bbox 1071 2702 1145 2751; x_wconf 90' lang='lat' dir='ltr'><strong>recte</strong></span> <span class='ocrx_word' id='word_1_248' title='bbox 1157 2703 1258 2751; x_wconf 82' lang='lat' dir='ltr'><strong>Acron.</strong></span> <span class='ocrx_word' id='word_1_249' title='bbox 1279 2698 1333 2751; x_wconf 83' lang='lat' dir='ltr'><strong>Pi·</strong></span> 
     </span>
     <span class='ocr_line' id='line_1_27' title="bbox 240 2773 1332 2841; baseline -0.005 -12"><span class='ocrx_word' id='word_1_250' title='bbox 240 2777 320 2841; x_wconf 86' lang='lat' dir='ltr'><strong>petor</strong></span> <span class='ocrx_word' id='word_1_251' title='bbox 336 2775 370 2826; x_wconf 84' lang='lat' dir='ltr'><strong>de</strong></span> <span class='ocrx_word' id='word_1_252' title='bbox 388 2787 515 2839; x_wconf 83' lang='lat' dir='ltr'><strong>corpore,</strong></span> <span class='ocrx_word' id='word_1_253' title='bbox 535 2777 625 2825; x_wconf 83' lang='lat' dir='ltr'><strong>tomen</strong></span> <span class='ocrx_word' id='word_1_254' title='bbox 637 2776 680 2825; x_wconf 81' lang='lat' dir='ltr'><strong>vix</strong></span> <span class='ocrx_word' id='word_1_255' title='bbox 692 2773 768 2825; x_wconf 86' lang='lat' dir='ltr'><strong>aliter</strong></span> <span class='ocrx_word' id='word_1_256' title='bbox 804 2779 869 2830; x_wconf 83' lang='grc'><strong>44444</strong></span> <span class='ocrx_word' id='word_1_257' title='bbox 886 2780 929 2828; x_wconf 83' lang='grc'><strong>444</strong></span> <span class='ocrx_word' id='word_1_258' title='bbox 944 2775 1056 2826; x_wconf 78' lang='lat' dir='ltr'><strong>morbus</strong></span> <span class='ocrx_word' id='word_1_259' title='bbox 1074 2775 1167 2839; x_wconf 81' lang='lat' dir='ltr'><strong>capitis</strong></span> <span class='ocrx_word' id='word_1_260' title='bbox 1185 2775 1332 2838; x_wconf 80' lang='lat' dir='ltr'><strong>(motapbo</strong></span> 
     </span>
     <span class='ocr_line' id='line_1_28' title="bbox 241 2847 1332 2916; baseline -0.003 -15"><span class='ocrx_word' id='word_1_261' title='bbox 241 2850 299 2901; x_wconf 86' lang='lat' dir='ltr'><strong>lieri</strong></span> <span class='ocrx_word' id='word_1_262' title='bbox 316 2852 418 2914; x_wconf 82' lang='lat' dir='ltr'><strong>potest,</strong></span> <span class='ocrx_word' id='word_1_263' title='bbox 437 2863 519 2913; x_wconf 86' lang='lat' dir='ltr'><strong>quam</strong></span> <span class='ocrx_word' id='word_1_264' title='bbox 536 2852 566 2900; x_wconf 89' lang='lat' dir='ltr'><strong>ut</strong></span> <span class='ocrx_word' id='word_1_265' title='bbox 579 2847 658 2901; x_wconf 85' lang='lat' dir='ltr'><strong>simul</strong></span> <span class='ocrx_word' id='word_1_266' title='bbox 669 2849 769 2900; x_wconf 80' lang='lat' dir='ltr'><strong>rataru-</strong></span> <span class='ocrx_word' id='word_1_267' title='bbox 803 2853 842 2916; x_wconf 85' lang='lat' dir='ltr'><strong>ra)</strong></span> <span class='ocrx_word' id='word_1_268' title='bbox 855 2851 889 2902; x_wconf 87' lang='lat' dir='ltr'><strong>ad</strong></span> <span class='ocrx_word' id='word_1_269' title='bbox 905 2851 999 2901; x_wconf 77' lang='lat' dir='ltr'><strong>vitium</strong></span> <span class='ocrx_word' id='word_1_270' title='bbox 1016 2847 1173 2914; x_wconf 77' lang='lat' dir='ltr'><strong>gallinarum</strong></span> <span class='ocrx_word' id='word_1_271' title='bbox 1189 2847 1233 2900; x_wconf 84' lang='lat' dir='ltr'><strong>vel</strong></span> <span class='ocrx_word' id='word_1_272' title='bbox 1244 2847 1332 2913; x_wconf 90' lang='lat' dir='ltr'><strong>pullo-</strong></span> 
     </span>
     <span class='ocr_line' id='line_1_29' title="bbox 241 2921 1331 2989; baseline -0.004 -13"><span class='ocrx_word' id='word_1_273' title='bbox 241 2924 348 2976; x_wconf 87' lang='lat' dir='ltr'><strong>musad</strong></span> <span class='ocrx_word' id='word_1_274' title='bbox 364 2926 516 2976; x_wconf 88' lang='lat' dir='ltr'><strong>Stoicorum</strong></span> <span class='ocrx_word' id='word_1_275' title='bbox 534 2939 614 2976; x_wconf 88' lang='lat' dir='ltr'><strong>usum</strong></span> <span class='ocrx_word' id='word_1_276' title='bbox 630 2923 766 2989; x_wconf 86' lang='lat' dir='ltr'><strong>loquendi,</strong></span> <span class='ocrx_word' id='word_1_277' title='bbox 803 2941 891 2980; x_wconf 82' lang='lat' dir='ltr'><strong>rum.»</strong></span> <span class='ocrx_word' id='word_1_278' title='bbox 919 2925 1025 2977; x_wconf 84' lang='lat' dir='ltr'><strong>Etenim</strong></span> <span class='ocrx_word' id='word_1_279' title='bbox 1046 2923 1134 2988; x_wconf 89' lang='lat' dir='ltr'><strong>potius</strong></span> <span class='ocrx_word' id='word_1_280' title='bbox 1156 2921 1191 2974; x_wconf 90' lang='lat' dir='ltr'><strong>ab</strong></span> <span class='ocrx_word' id='word_1_281' title='bbox 1214 2923 1331 2973; x_wconf 90' lang='lat' dir='ltr'><strong>bomini-</strong></span> 
     </span>
     <span class='ocr_line' id='line_1_30' title="bbox 241 2997 1330 3066; baseline -0.003 -16"><span class='ocrx_word' id='word_1_282' title='bbox 241 3000 287 3064; x_wconf 83' lang='lat' dir='ltr'><strong>qui</strong></span> <span class='ocrx_word' id='word_1_283' title='bbox 304 3000 455 3066; x_wconf 84' lang='lat' dir='ltr'><strong>sapientem</strong></span> <span class='ocrx_word' id='word_1_284' title='bbox 471 3013 551 3052; x_wconf 89' lang='lat' dir='ltr'><strong>suum</strong></span> <span class='ocrx_word' id='word_1_285' title='bbox 568 3001 646 3050; x_wconf 88' lang='lat' dir='ltr'><strong>unica</strong></span> <span class='ocrx_word' id='word_1_286' title='bbox 662 3013 765 3061; x_wconf 82' lang='grc'><strong>444444,</strong></span> <span class='ocrx_word' id='word_1_287' title='bbox 803 3003 855 3054; x_wconf 90' lang='lat' dir='ltr'><strong>bus</strong></span> <span class='ocrx_word' id='word_1_288' title='bbox 873 3001 1002 3066; x_wconf 80' lang='grc'><strong>(84444444,</strong></span> <span class='ocrx_word' id='word_1_289' title='bbox 1021 2997 1173 3062; x_wconf 69' lang='lat' dir='ltr'><strong>Subututtu)</strong></span> <span class='ocrx_word' id='word_1_290' title='bbox 1189 2997 1224 3048; x_wconf 87' lang='lat' dir='ltr'><strong>ad</strong></span> <span class='ocrx_word' id='word_1_291' title='bbox 1241 2999 1330 3049; x_wconf 84' lang='lat' dir='ltr'><strong>avium</strong></span> 
     </span>
     <span class='ocr_line' id='line_1_31' title="bbox 241 3070 1330 3139; baseline -0.002 -11"><span class='ocrx_word' id='word_1_292' title='bbox 241 3079 346 3128; x_wconf 85' lang='lat' dir='ltr'><strong>ceteros</strong></span> <span class='ocrx_word' id='word_1_293' title='bbox 364 3075 490 3129; x_wconf 78' lang='lat' dir='ltr'><strong>mortales</strong></span> <span class='ocrx_word' id='word_1_294' title='bbox 512 3078 615 3130; x_wconf 81' lang='grc'><strong>4444444</strong></span> <span class='ocrx_word' id='word_1_295' title='bbox 632 3079 660 3130; x_wconf 88' lang='grc'><strong>44</strong></span> <span class='ocrx_word' id='word_1_296' title='bbox 681 3077 767 3128; x_wconf 81' lang='grc'><strong>4444444</strong></span> <span class='ocrx_word' id='word_1_297' title='bbox 803 3076 930 3128; x_wconf 85' lang='lat' dir='ltr'><strong>morbum</strong></span> <span class='ocrx_word' id='word_1_298' title='bbox 941 3073 1037 3139; x_wconf 82' lang='lat' dir='ltr'><strong>(Pipps)</strong></span> <span class='ocrx_word' id='word_1_299' title='bbox 1049 3070 1208 3126; x_wconf 89' lang='lat' dir='ltr'><strong>translatum</strong></span> <span class='ocrx_word' id='word_1_300' title='bbox 1223 3072 1330 3123; x_wconf 83' lang='lat' dir='ltr'><strong>videtur</strong></span> 
     </span>
     <span class='ocr_line' id='line_1_32' title="bbox 241 3149 1153 3216; baseline -0.004 -14"><span class='ocrx_word' id='word_1_301' title='bbox 241 3151 401 3204; x_wconf 79' lang='lat' dir='ltr'><strong>vocitabant.</strong></span> <span class='ocrx_word' id='word_1_302' title='bbox 431 3152 483 3203; x_wconf 81' lang='lat' dir='ltr'><strong>Sed</strong></span> <span class='ocrx_word' id='word_1_303' title='bbox 500 3151 566 3216; x_wconf 77' lang='lat' dir='ltr'><strong>fugit</strong></span> <span class='ocrx_word' id='word_1_304' title='bbox 582 3153 671 3204; x_wconf 86' lang='lat' dir='ltr'><strong>adhuc</strong></span> <span class='ocrx_word' id='word_1_305' title='bbox 682 3153 766 3204; x_wconf 88' lang='lat' dir='ltr'><strong>inter·</strong></span> <span class='ocrx_word' id='word_1_306' title='bbox 804 3167 819 3203; x_wconf 91' lang='lat' dir='ltr'><strong>a</strong></span> <span class='ocrx_word' id='word_1_307' title='bbox 836 3151 934 3204; x_wconf 81' lang='lat' dir='ltr'><strong>Latinis</strong></span> <span class='ocrx_word' id='word_1_308' title='bbox 952 3162 1033 3214; x_wconf 85' lang='lat' dir='ltr'><strong>quam</strong></span> <span class='ocrx_word' id='word_1_309' title='bbox 1051 3149 1153 3199; x_wconf 88' lang='lat' dir='ltr'><strong>contra.</strong></span> 
     </span>
    </p>
   </div>
   <div class='ocr_carea' id='block_1_4' title="bbox 708 3359 858 3370">
    <p class='ocr_par' dir='ltr' id='par_1_4' title="bbox 708 3359 858 3370">
     <span class='ocr_line' id='line_1_33' title="bbox 708 3359 858 3370; baseline -0.013 0"><span class='ocrx_word' id='word_1_310' title='bbox 708 3359 858 3370; x_wconf 56' lang='grc' dir='ltr'>...ω-..-</span> 
     </span>
    </p>
   </div>
   <div class='ocr_carea' id='block_1_5' title="bbox 598 3541 972 3602">
    <p class='ocr_par' dir='ltr' id='par_1_5' title="bbox 598 3541 972 3602">
     <span class='ocr_line' id='line_1_34' title="bbox 598 3541 972 3602; baseline -0.003 -1"><span class='ocrx_word' id='word_1_311' title='bbox 598 3541 972 3602; x_wconf 72' lang='lat' dir='ltr'><strong>taxantibus</strong></span> 
     </span>
    </p>
   </div>
   <div class='ocr_carea' id='block_1_6' title="bbox 239 3699 1328 4357">
    <p class='ocr_par' dir='ltr' id='par_1_6' title="bbox 239 3699 1328 4357">
     <span class='ocr_line' id='line_1_35' title="bbox 290 3699 1327 3769; baseline -0.007 -14"><span class='ocrx_word' id='word_1_312' title='bbox 290 3703 389 3766; x_wconf 85' lang='lat' dir='ltr'><strong>Quodsi</strong></span> <span class='ocrx_word' id='word_1_313' title='bbox 406 3705 466 3768; x_wconf 86' lang='lat' dir='ltr'><strong>quis</strong></span> <span class='ocrx_word' id='word_1_314' title='bbox 487 3699 628 3769; x_wconf 80' lang='grc' dir='ltr'><strong><em>ἐπιτομὴν</em></strong></span> <span class='ocrx_word' id='word_1_315' title='bbox 649 3703 762 3767; x_wconf 86' lang='lat' dir='ltr'><strong>requirit</strong></span> <span class='ocrx_word' id='word_1_316' title='bbox 778 3702 813 3753; x_wconf 85' lang='lat' dir='ltr'><strong>ad</strong></span> <span class='ocrx_word' id='word_1_317' title='bbox 829 3700 903 3752; x_wconf 90' lang='lat' dir='ltr'><strong>illum</strong></span> <span class='ocrx_word' id='word_1_318' title='bbox 920 3714 1003 3766; x_wconf 88' lang='lat' dir='ltr'><strong>quem</strong></span> <span class='ocrx_word' id='word_1_319' title='bbox 1020 3701 1092 3752; x_wconf 92' lang='lat' dir='ltr'><strong>initio</strong></span> <span class='ocrx_word' id='word_1_320' title='bbox 1109 3699 1254 3765; x_wconf 71' lang='lat' dir='ltr'><strong>significavi</strong></span> <span class='ocrx_word' id='word_1_321' title='bbox 1266 3711 1327 3762; x_wconf 82' lang='lat' dir='ltr'><strong>grn-</strong></span> 
     </span>
     <span class='ocr_line' id='line_1_36' title="bbox 240 3781 1328 3848; baseline -0.005 -12"><span class='ocrx_word' id='word_1_322' title='bbox 240 3790 343 3840; x_wconf 79' lang='grc'><strong>4444444</strong></span> <span class='ocrx_word' id='word_1_323' title='bbox 359 3789 490 3840; x_wconf 85' lang='lat' dir='ltr'><strong>sentiendi</strong></span> <span class='ocrx_word' id='word_1_324' title='bbox 507 3787 620 3840; x_wconf 88' lang='lat' dir='ltr'><strong>modum</strong></span> <span class='ocrx_word' id='word_1_325' title='bbox 636 3788 786 3838; x_wconf 83' lang='lat' dir='ltr'><strong>accuratius</strong></span> <span class='ocrx_word' id='word_1_326' title='bbox 808 3784 986 3848; x_wconf 82' lang='lat' dir='ltr'><strong>elaboratam,</strong></span> <span class='ocrx_word' id='word_1_327' title='bbox 1013 3786 1083 3836; x_wconf 87' lang='lat' dir='ltr'><strong>banc</strong></span> <span class='ocrx_word' id='word_1_328' title='bbox 1104 3782 1175 3848; x_wconf 76' lang='lat' dir='ltr'><strong>legat</strong></span> <span class='ocrx_word' id='word_1_329' title='bbox 1190 3781 1328 3834; x_wconf 79' lang='lat' dir='ltr'><strong>Kirchuari</strong></span> 
     </span>
     <span class='ocr_line' id='line_1_37' title="bbox 240 3865 1326 3938; baseline -0.006 -16"><span class='ocrx_word' id='word_1_330' title='bbox 240 3873 267 3923; x_wconf 92' lang='lat' dir='ltr'><strong>in</strong></span> <span class='ocrx_word' id='word_1_331' title='bbox 284 3874 402 3934; x_wconf 85' lang='lat' dir='ltr'><strong>Quaestt.</strong></span> <span class='ocrx_word' id='word_1_332' title='bbox 415 3873 505 3924; x_wconf 85' lang='lat' dir='ltr'><strong>Horat.</strong></span> <span class='ocrx_word' id='word_1_333' title='bbox 518 3887 545 3938; x_wconf 93' lang='lat' dir='ltr'><strong>p.</strong></span> <span class='ocrx_word' id='word_1_334' title='bbox 559 3873 605 3923; x_wconf 84' lang='lat'><strong>36:</strong></span> <span class='ocrx_word' id='word_1_335' title='bbox 630 3871 842 3923; x_wconf 78' lang='lat' dir='ltr'><strong>«Sententiarum</strong></span> <span class='ocrx_word' id='word_1_336' title='bbox 860 3869 926 3920; x_wconf 87' lang='lat' dir='ltr'><strong>ordo</strong></span> <span class='ocrx_word' id='word_1_337' title='bbox 943 3869 998 3920; x_wconf 88' lang='lat' dir='ltr'><strong>iere</strong></span> <span class='ocrx_word' id='word_1_338' title='bbox 1016 3869 1060 3919; x_wconf 86' lang='lat' dir='ltr'><strong>hio</strong></span> <span class='ocrx_word' id='word_1_339' title='bbox 1077 3868 1131 3919; x_wconf 85' lang='lat' dir='ltr'><strong>est:</strong></span> <span class='ocrx_word' id='word_1_340' title='bbox 1150 3867 1191 3918; x_wconf 80' lang='lat' dir='ltr'><strong>sd</strong></span> <span class='ocrx_word' id='word_1_341' title='bbox 1208 3865 1326 3916; x_wconf 89' lang='lat' dir='ltr'><strong>carmina</strong></span> 
     </span>
     <span class='ocr_line' id='line_1_38' title="bbox 241 3949 1325 4022; baseline -0.007 -15"><span class='ocrx_word' id='word_1_342' title='bbox 241 3957 395 4022; x_wconf 79' lang='lat' dir='ltr'><strong>pangenda,</strong></span> <span class='ocrx_word' id='word_1_343' title='bbox 412 3954 471 4020; x_wconf 78' lang='lat' dir='ltr'><strong>lyra</strong></span> <span class='ocrx_word' id='word_1_344' title='bbox 483 3958 536 4008; x_wconf 89' lang='lat' dir='ltr'><strong>iam</strong></span> <span class='ocrx_word' id='word_1_345' title='bbox 548 3955 677 4022; x_wconf 83' lang='lat' dir='ltr'><strong>deposita,</strong></span> <span class='ocrx_word' id='word_1_346' title='bbox 696 3954 862 4016; x_wconf 78' lang='lat' dir='ltr'><strong>damonia,</strong></span> <span class='ocrx_word' id='word_1_347' title='bbox 879 3955 1029 4013; x_wconf 67' lang='lat' dir='ltr'><strong>mecenas,</strong></span> <span class='ocrx_word' id='word_1_348' title='bbox 1048 3952 1149 4014; x_wconf 71' lang='grc'><strong>4444444</strong></span> <span class='ocrx_word' id='word_1_349' title='bbox 1161 3951 1212 4014; x_wconf 86' lang='lat' dir='ltr'><strong>(vv.</strong></span> <span class='ocrx_word' id='word_1_350' title='bbox 1227 3949 1325 4012; x_wconf 81' lang='grc'><strong>4-3.);</strong></span> 
     </span>
     <span class='ocr_line' id='line_1_39' title="bbox 240 4035 1327 4112; baseline -0.006 -21"><span class='ocrx_word' id='word_1_351' title='bbox 240 4040 289 4092; x_wconf 85' lang='grc'><strong>444</strong></span> <span class='ocrx_word' id='word_1_352' title='bbox 306 4043 364 4092; x_wconf 90' lang='lat' dir='ltr'><strong>tum</strong></span> <span class='ocrx_word' id='word_1_353' title='bbox 381 4043 456 4092; x_wconf 86' lang='grc'><strong>44444</strong></span> <span class='ocrx_word' id='word_1_354' title='bbox 473 4041 604 4092; x_wconf 87' lang='lat' dir='ltr'><strong>senectuti</strong></span> <span class='ocrx_word' id='word_1_355' title='bbox 622 4040 731 4105; x_wconf 87' lang='lat' dir='ltr'><strong>propior</strong></span> <span class='ocrx_word' id='word_1_356' title='bbox 748 4041 776 4090; x_wconf 91' lang='lat' dir='ltr'><strong>at</strong></span> <span class='ocrx_word' id='word_1_357' title='bbox 792 4037 898 4090; x_wconf 83' lang='lat' dir='ltr'><strong>iuvenili</strong></span> <span class='ocrx_word' id='word_1_358' title='bbox 915 4037 1011 4088; x_wconf 86' lang='lat' dir='ltr'><strong>ardore</strong></span> <span class='ocrx_word' id='word_1_359' title='bbox 1026 4035 1151 4087; x_wconf 86' lang='lat' dir='ltr'><strong>destituta</strong></span> <span class='ocrx_word' id='word_1_360' title='bbox 1168 4036 1272 4112; x_wconf 81' lang='lat' dir='ltr'><strong>mouet,</strong></span> <span class='ocrx_word' id='word_1_361' title='bbox 1296 4035 1327 4085; x_wconf 89' lang='lat' dir='ltr'><strong>ut</strong></span> 
     </span>
     <span class='ocr_line' id='line_1_40' title="bbox 239 4119 1326 4190; baseline -0.006 -16"><span class='ocrx_word' id='word_1_362' title='bbox 239 4122 327 4176; x_wconf 88' lang='lat' dir='ltr'><strong>lusum</strong></span> <span class='ocrx_word' id='word_1_363' title='bbox 353 4125 489 4190; x_wconf 80' lang='lat' dir='ltr'><strong>poeticum</strong></span> <span class='ocrx_word' id='word_1_364' title='bbox 516 4125 632 4184; x_wconf 71' lang='grc'><strong>44444444,</strong></span> <span class='ocrx_word' id='word_1_365' title='bbox 660 4126 717 4174; x_wconf 88' lang='lat' dir='ltr'><strong>tum</strong></span> <span class='ocrx_word' id='word_1_366' title='bbox 742 4135 819 4175; x_wconf 88' lang='lat' dir='ltr'><strong>mens</strong></span> <span class='ocrx_word' id='word_1_367' title='bbox 843 4124 871 4173; x_wconf 89' lang='grc'><strong>44</strong></span> <span class='ocrx_word' id='word_1_368' title='bbox 886 4120 1008 4173; x_wconf 80' lang='lat' dir='ltr'><strong>voluntas</strong></span> <span class='ocrx_word' id='word_1_369' title='bbox 1025 4133 1041 4171; x_wconf 92' lang='lat' dir='ltr'><strong>a</strong></span> <span class='ocrx_word' id='word_1_370' title='bbox 1058 4119 1134 4185; x_wconf 76' lang='lat' dir='ltr'><strong>potsi</strong></span> <span class='ocrx_word' id='word_1_371' title='bbox 1151 4130 1195 4170; x_wconf 91' lang='lat' dir='ltr'><strong>me</strong></span> <span class='ocrx_word' id='word_1_372' title='bbox 1213 4119 1326 4170; x_wconf 80' lang='lat' dir='ltr'><strong>avocant</strong></span> 
     </span>
     <span class='ocr_line' id='line_1_41' title="bbox 241 4204 1326 4273; baseline -0.006 -13"><span class='ocrx_word' id='word_1_373' title='bbox 241 4208 292 4271; x_wconf 75' lang='lat' dir='ltr'><strong>(vv.</strong></span> <span class='ocrx_word' id='word_1_374' title='bbox 305 4208 417 4272; x_wconf 87' lang='grc'><strong>4-44.),</strong></span> <span class='ocrx_word' id='word_1_375' title='bbox 434 4208 499 4273; x_wconf 85' lang='lat' dir='ltr'><strong>quid</strong></span> <span class='ocrx_word' id='word_1_376' title='bbox 514 4221 626 4271; x_wconf 83' lang='lat' dir='ltr'><strong>varum,</strong></span> <span class='ocrx_word' id='word_1_377' title='bbox 646 4209 750 4260; x_wconf 81' lang='lat' dir='ltr'><strong>rectum</strong></span> <span class='ocrx_word' id='word_1_378' title='bbox 767 4209 847 4272; x_wconf 82' lang='lat' dir='ltr'><strong>atque</strong></span> <span class='ocrx_word' id='word_1_379' title='bbox 859 4206 1018 4268; x_wconf 75' lang='lat' dir='ltr'><strong>accensuit,</strong></span> <span class='ocrx_word' id='word_1_380' title='bbox 1037 4205 1115 4256; x_wconf 88' lang='lat' dir='ltr'><strong>unice</strong></span> <span class='ocrx_word' id='word_1_381' title='bbox 1127 4204 1180 4255; x_wconf 87' lang='lat' dir='ltr'><strong>iam</strong></span> <span class='ocrx_word' id='word_1_382' title='bbox 1192 4216 1326 4268; x_wconf 86' lang='lat' dir='ltr'><strong>quaereu-</strong></span> 
     </span>
     <span class='ocr_line' id='line_1_42' title="bbox 240 4288 1325 4357; baseline -0.006 -13"><span class='ocrx_word' id='word_1_383' title='bbox 240 4295 296 4344; x_wconf 88' lang='lat' dir='ltr'><strong>tem</strong></span> <span class='ocrx_word' id='word_1_384' title='bbox 313 4295 341 4344; x_wconf 84' lang='lat' dir='ltr'><strong>et</strong></span> <span class='ocrx_word' id='word_1_385' title='bbox 358 4305 390 4344; x_wconf 87' lang='lat' dir='ltr'><strong>ea</strong></span> <span class='ocrx_word' id='word_1_386' title='bbox 407 4293 612 4357; x_wconf 80' lang='lat' dir='ltr'><strong>procurantem,</strong></span> <span class='ocrx_word' id='word_1_387' title='bbox 631 4305 700 4356; x_wconf 80' lang='lat' dir='ltr'><strong>quea</strong></span> <span class='ocrx_word' id='word_1_388' title='bbox 717 4293 840 4356; x_wconf 88' lang='lat' dir='ltr'><strong>prompta</strong></span> <span class='ocrx_word' id='word_1_389' title='bbox 858 4290 892 4340; x_wconf 89' lang='lat' dir='ltr'><strong>ad</strong></span> <span class='ocrx_word' id='word_1_390' title='bbox 909 4301 989 4340; x_wconf 90' lang='lat' dir='ltr'><strong>usurn</strong></span> <span class='ocrx_word' id='word_1_391' title='bbox 1006 4289 1072 4340; x_wconf 90' lang='lat' dir='ltr'><strong>sint:</strong></span> <span class='ocrx_word' id='word_1_392' title='bbox 1098 4289 1132 4338; x_wconf 90' lang='grc'><strong>444</strong></span> <span class='ocrx_word' id='word_1_393' title='bbox 1150 4288 1273 4352; x_wconf 63' lang='lat' dir='ltr'><strong>midam,</strong></span> <span class='ocrx_word' id='word_1_394' title='bbox 1297 4289 1325 4337; x_wconf 90' lang='grc'><strong>44</strong></span> 
     </span>
    </p>
   </div>
   <div class='ocr_carea' id='block_1_7' title="bbox 0 0 1600 4974">
    <p class='ocr_par' dir='ltr' id='par_1_7' title="bbox 0 0 1600 4974">
     <span class='ocr_line' id='line_1_43' title="bbox 0 0 1600 4974; baseline 0 3"><span class='ocrx_word' id='word_1_395' title='bbox 0 0 1600 4974; x_wconf 95' lang='lat' dir='ltr'><strong> </strong></span> 
     </span>
    </p>
   </div>
  </div>
 </body>
</html>
