3174 4974
291 431 354 496 620
655 435 783 485 uomru
800 434 1018 508 nrisromuuu

334 587 482 655 Floribus
503 589 631 655 alvino
654 589 790 656 Genium
812 610 989 657 memorem
1011 589 1119 656 brevis
1141 590 1223 656 aevi.

334 709 532 777 Fescennina
554 731 614 797 per
635 709 720 777 hunc
742 711 870 778 inventa
891 711 1018 778 licentia
1040 729 1164 777 morem
1316 711 1379 778 tte

334 831 487 898 Versibus
509 830 639 898 alternis
662 830 837 919 opprobria
859 830 978 898 rustica
1000 831 1093 908 ludit,

358 1010 414 1062 tte.
433 1011 530 1060 inuecta
547 1009 680 1060 Bentleius
698 1023 760 1063 cum
778 1011 884 1060 Barthio
901 1009 934 1060 ad
952 1008 1088 1060 Claudiau.
1108 1023 1134 1074 p.
1153 1011 1226 1072 766,
1246 1013 1292 1076 qui
1307 1012 1346 1063 sic

324 1085 479 1134 memoriter
495 1097 545 1148 per
556 1095 662 1134 morum
673 1095 792 1134 errorem
804 1081 892 1134 locum
905 1082 1022 1134 attulisse
1035 1083 1153 1145 videtur,
1172 1085 1346 1148 quemadmo-

251 1150 254 1167 '
324 1157 519 1292 glffmlllllsse
542 1159 623 1208 etiam
645 1155 797 1208 politianus.
828 1158 951 1218 (lituos,
979 1170 1074 1208 omnes
1094 1159 1188 1218 nostri,
1215 1161 1343 1219 Pettierii.

292 1392 446 1457 culparum,
465 1403 579 1455 quarum
597 1389 646 1453 ipsi
664 1388 741 1439 nobis
753 1401 817 1439 con·
853 1389 916 1436 nina
932 1387 1031 1438 locutio.
1052 1387 1126 1439 Conl.
1141 1388 1174 1440 de
1193 1390 1272 1442 initiis
1288 1394 1379 1456 poesis

292 1467 340 1518 scii
354 1466 466 1516 tortasse
478 1476 531 1514 non
543 1476 644 1514 sumus.
659 1491 686 1500 —
701 1462 814 1526 derium]
854 1461 977 1512 scenicae
1002 1461 1073 1526 apud
1098 1464 1231 1515 Romanos
1258 1466 1291 1529 (a.
1306 1479 1334 1516 u.
1352 1480 1377 1517 c.

293 1539 552 1604 ci.Epp.t‚e‚t87.
572 1537 817 1588 Censorin.3:Ge·
854 1535 921 1598 set.)
948 1537 1002 1585 Liv.
1024 1537 1053 1596 Ἰ,
1074 1537 1098 1586 6.
1130 1537 1161 1586 Et
1180 1538 1248 1588 haec
1269 1540 1379 1603 quidem

291 1615 349 1664 nica
372 1619 408 1664 est
428 1613 499 1674 deus,
528 1613 598 1662 cuiue
622 1613 650 1662 in
674 1611 763 1669 misia,
788 1615 817 1660 et
854 1609 1006 1660 communis
1023 1613 1050 1660 et
1066 1614 1175 1675 recepta
1193 1614 1264 1677 apud
1281 1615 1379 1665 Roma-

292 1690 478 1752 qcisquenctnr
487 1693 530 1749 cst,
548 1688 617 1736 vivit.
635 1687 681 1736 liic
690 1687 817 1748 sioeqrmd
854 1696 903 1734 nos
928 1686 970 1734 est
994 1686 1108 1747 notatio,
1136 1699 1217 1750 quam
1238 1689 1378 1740 manifesto

291 1768 320 1813 ot
341 1775 467 1826 potemur
486 1767 573 1823 corat,
600 1761 651 1811 sive
676 1761 743 1822 quod
764 1771 817 1808 uno
852 1760 961 1809 secutus
971 1761 1013 1809 est
1023 1761 1102 1810 etiam
1112 1760 1229 1812 Catullus
1241 1766 1269 1813 et
1277 1765 1379 1814 Seneca

291 1838 392 1902 ponitur
414 1836 555 1897 nobemm,
582 1836 632 1885 sive
653 1835 731 1884 etiam
751 1834 817 1896 quod
853 1832 964 1882 Medeae
981 1847 1007 1883 v.
1027 1834 1087 1883 tta:
1106 1835 1180 1884 Festo
1196 1837 1274 1886 dicae
1288 1838 1379 1900 sumam

291 1925 338 1961 nos
354 1911 450 1975 pentem
465 1910 818 1972 septicolomnem
853 1907 967 1956 convicio
982 1908 1154 1958 Fescenninus.
1181 1908 1255 1961 Klotz
1270 1925 1336 1962 vero
1352 1915 1378 1964 ln

292 1985 442 2049 egenendo
458 1986 546 2049 penius
563 1982 818 2046 appellatur.--Ge-
853 1980 921 2030 Jahn
939 1983 969 2032 N.
985 1982 1008 2032 J.
1030 1982 1086 2032 Vol.
1105 1983 1144 2034 36.
1158 1985 1182 2034 2.
1200 1997 1228 2049 p.
1242 1987 1297 2038 466.
1316 2001 1376 2039 voc.

291 2061 448 2110 siccantes
464 2060 502 2108 ito
517 2058 587 2108 omis
607 2058 721 2106 medeas
738 2056 818 2106 ober-
854 2057 995 2117 cognatum
1012 2059 1087 2120 putat
1111 2070 1172 2110 cum
1195 2071 1238 2108 vv.
1257 2061 1376 2123 sominae,

291 2134 565 2196 octorappositusast,
582 2135 752 2194 utnapnncto
764 2131 817 2192 qui-
852 2131 1009 2194 praefiscini,
1035 2128 1219 2194 βασκαίνειν,
1243 2134 1377 2187 advocans

292 2211 348 2260 dem
370 2209 486 2270 iuniperis
507 2207 605 2271 loupiac
620 2206 750 2267 abscedat,
776 2205 818 2254 scd
854 2203 918 2252 item
936 2205 1004 2254 Festi
1015 2205 1171 2267 Feresntnoe,
1190 2210 1220 2258 ut
1231 2209 1305 2258 dedit
1315 2209 1379 2261 littl-

292 2282 324 2333 nb
346 2287 417 2332 utero
439 2283 530 2331 matris
551 2287 665 2342 acceptos
686 2283 720 2329 ad
736 2284 818 2329 scire
854 2275 894 2328 ler
911 2290 936 2341 p.
950 2278 992 2328 86.
1005 2281 1084 2342 atque
1100 2283 1379 2345 oermmfascsneloma

291 2368 362 2405 marn
386 2356 455 2404 vitoe
479 2355 544 2404 darn
567 2355 705 2404 cantitatur.
743 2352 816 2401 Genii
854 2352 1001 2414 significare
1020 2367 1150 2406 «versum
1167 2355 1257 2409 fascini
1275 2371 1298 2410 s.
1317 2373 1378 2410 ora-

292 2439 382 2478 maras
395 2429 420 2477 in
433 2427 619 2490 iconographia
633 2427 740 2488 antiqua
753 2423 817 2474 nudi
854 2425 932 2474 tionis
960 2427 1104 2478 invidiosae
1132 2428 1267 2493 plenum.»
1305 2435 1377 2493 Quae

293 2518 356 2556 eum
371 2503 512 2555 volucrum
529 2503 590 2566 alis,
618 2502 748 2553 leminiles
761 2503 817 2566 (lu-
855 2499 964 2562 quidem
981 2501 1158 2553 incertissima
1176 2506 1218 2555 est
1233 2507 1331 2570 opinio.
1348 2535 1375 2546 —

292 2579 384 2641 nones)
411 2576 530 2629 vestibus
554 2578 662 2628 indutae
684 2590 747 2627 cnm
769 2575 816 2626 alis
853 2573 963 2638 incesta]
982 2577 1065 2626 «Cum
1083 2578 1127 2627 hic
1144 2591 1203 2630 mos
1220 2580 1324 2634 dierum
1341 2583 1378 2634 le-

293 2652 455 2719 papilionum
468 2652 636 2715 effinguntur.
654 2652 685 2700 V.
697 2651 778 2702 Bechi
789 2652 816 2702 in
854 2651 957 2698 storum
973 2663 988 2698 a
1006 2651 1112 2702 rusticis
1124 2652 1320 2706 celebratorum
1332 2669 1377 2707 se-

292 2729 378 2780 Musao
395 2726 469 2776 liorl.
488 2727 553 2776 lilll.
572 2725 636 2776 lab.
654 2725 678 2774 8.
696 2739 722 2789 p.
740 2726 766 2774 2.
786 2749 814 2760 -
855 2721 908 2772 mel
925 2723 1093 2787 invaluisset,
1112 2741 1143 2778 ex
1160 2729 1299 2784 hocmore
1310 2743 1377 2795 pau-

291 2817 426 2854 memorem
448 2802 528 2851 breuis
547 2800 616 2864 aaut]
642 2802 702 2864 lpse
720 2799 817 2850 Genius
854 2795 928 2848 latim
940 2811 973 2848 eo
985 2803 1118 2864 progressi
1130 2807 1201 2865 sunt,
1219 2807 1250 2853 ut
1260 2808 1377 2856 carmina

293 2878 419 2940 quoniam
436 2888 569 2926 unacum
587 2888 632 2932 eo.
651 2886 733 2938 quem
751 2875 818 2924 tuta-
854 2872 1017 2923 Fescennina
1027 2876 1201 2928 invenirent.»
1217 2879 1327 2931 Bentleii
1337 2880 1376 2932 le-

292 2953 350 3011 tur,
378 2954 405 3001 et
422 2951 540 3001 nascitur
557 2951 585 3000 et
601 2949 689 2999 interit
706 2947 818 2998 eadam·
854 2947 906 2997 ctio
930 2949 1029 2998 inuecta
1045 2948 1115 3000 nulla
1133 2955 1205 3002 certa
1224 2954 1313 3004 nititur
1328 2968 1377 3006 au-

293 3038 346 3090 qne
371 3024 468 3075 laetitia
494 3026 521 3076 et
545 3023 677 3074 maestitia
694 3022 816 3084 allicitur,
855 3023 990 3085 ctoritate,
1010 3024 1059 3075 etsi
1075 3025 1126 3074 Fea
1144 3027 1212 3076 teste
1229 3039 1290 3078 eam
1302 3029 1378 3080 alleri

293 3113 346 3164 qua
372 3101 466 3160 homo,
494 3111 546 3148 non
570 3099 658 3148 minus
675 3109 757 3160 quam
773 3097 817 3146 hic
854 3095 1014 3148 alicubiiam
1023 3096 1173 3150 Politianus.
1186 3101 1378 3156 verumverba

292 3186 399 3225 memor
419 3177 460 3224 ost
482 3172 573 3222 brevis
595 3173 678 3232 vitae,
706 3173 816 3236 eiusque
854 3172 911 3237 ipsa
925 3185 973 3234 por
988 3172 1053 3221 lunc
1068 3185 1164 3222 moron
1179 3175 1377 3228 manifestorio-

292 3262 388 3300 cursus
404 3251 434 3299 ut
450 3260 531 3311 quam
554 3248 735 3311 prosperrime
752 3261 816 3311 pro-
854 3249 917 3298 cent
927 3249 1034 3311 poetam
1045 3259 1098 3297 non
1110 3248 1163 3298 hoc
1175 3248 1284 3301 dixisse:
1304 3265 1378 3302 «ver-

293 3323 371 3374 cadat
388 3324 469 3387 optat.
495 3319 587 3384 tolose.
601 3321 707 3372 Codicis
723 3322 743 3370 E
761 3321 816 3371 iere
853 3337 914 3374 snm
934 3323 1124 3372 fescenninum
1141 3337 1175 3373 ee
1197 3323 1258 3374 urta
1274 3326 1377 3376 revoa-

292 3403 323 3450 nt
347 3397 526 3464 Porphyrion:
555 3398 623 3458 uQui
646 3398 718 3446 enirn
738 3398 815 3460 genio
853 3398 915 3446 nino
941 3397 1048 3460 (Festus
1065 3398 1092 3446 in
1108 3397 1261 3459 Fescennini)
1286 3399 1312 3449 iu
1329 3401 1378 3452 llr·

292 3474 441 3538 indulgent,
454 3485 591 3523 memores
602 3475 664 3524 sunt
674 3475 744 3523 vitae
756 3473 817 3524 bre·
852 3470 917 3521 hem
933 3472 1070 3520 invectum
1087 3483 1159 3532 esse,
1187 3472 1235 3523 sed
1256 3473 1298 3524 his
1314 3487 1377 3524 ver-

292 3550 414 3612 onulla»)
853 3544 895 3596 bis
917 3546 1029 3609 primam
1053 3547 1140 3596 omnis
1156 3547 1245 3611 poesis
1262 3547 1377 3598 rusticae

326 3623 382 3675 lit.
400 3621 457 3674 lid.
482 3623 634 3673 Fescennina
648 3649 662 3659 -
676 3648 690 3659 -
704 3621 815 3685 licentia]
854 3621 914 3681 (non
938 3618 1024 3670 solum
1042 3621 1191 3670 carminum
1211 3620 1375 3685 nuptialium)

293 3699 436 3749 Fescennia
455 3697 501 3760 (sic
519 3695 583 3747 Plin.
597 3697 627 3746 H.
641 3697 671 3746 N.
686 3697 714 3756 6,
727 3697 755 3756 6,
769 3695 814 3759 8.),
854 3695 982 3757 originem
991 3693 1139 3757 significare
1149 3693 1239 3746 voluit.
1250 3695 1303 3746 Cir.
1314 3695 1379 3746 illil-

292 3773 411 3823 Etruriae
437 3771 565 3836 oppidum
589 3785 673 3837 prope
699 3771 816 3822 Tiberim
852 3767 892 3818 ler
916 3767 1038 3819 Etruslrer
1053 3770 1084 3819 ll.
1108 3783 1135 3832 p.
1152 3770 1210 3821 28l.
1236 3771 1316 3821 liunk
1342 3771 1377 3822 de

293 3849 363 3906 erat,
397 3845 444 3896 ubi
472 3845 597 3910 nuptialia
621 3848 729 3897 inventa
755 3849 817 3898 sunt
852 3842 977 3895 Atellanis
1002 3856 1029 3906 p.
1049 3843 1089 3893 46,
1113 3867 1140 3879 -
1168 3845 1282 3907 dumis]
1305 3843 1378 3896 Alter

292 3921 409 3972 earmina
434 3921 588 3985 pmcacium
613 3933 645 3971 ac
665 3919 817 3972 licentioso-
854 3919 927 3972 enim
954 3916 1029 3968 alteri
1055 3917 1199 3982 opprobria
1224 3917 1376 3982 regerebant,

292 4007 352 4046 rum
364 3996 482 4046 iocorum
495 3993 582 4059 plena,
596 4007 710 4058 quorum
721 3994 816 4046 similia
853 3993 908 4044 iere
926 3995 956 4043 ut
972 3995 998 4043 in
1015 3993 1147 4043 Theocriti
1168 3995 1196 4044 et
1210 3992 1309 4056 Virgilii
1326 3993 1378 4044 bu-

293 4069 356 4120 dicit
376 4071 528 4120 Latinorum
551 4067 694 4134 opprobria
711 4068 752 4119 illa
770 4083 816 4120 rn-
853 4067 943 4118 culcis
959 4060 1137 4132 dpocdototp.
1163 4068 1329 4132 Acpropius‚
1348 4071 1378 4117 ut

293 4143 367 4194 stica.
387 4142 468 4205 (Serv.
482 4143 516 4193 ad
531 4147 597 4194 Aen.
610 4144 638 4204 i,
656 4143 723 4204 695..
744 4143 816 4208 apud
853 4143 1065 4193 consentaneum
1077 4143 1126 4204 est,
1140 4141 1307 4193 accedebant
1317 4155 1378 4192 car-

293 4229 374 4281 quem
397 4216 633 4278 estrumentum.)
659 4216 752 4268 Catuli.
772 4217 814 4279 et,
853 4217 923 4266 mina
936 4215 978 4267 illa
990 4215 1173 4282 triumphalia,
1193 4229 1263 4280 quae
1275 4229 1378 4267 memo·

294 4290 354 4340 tte:
381 4291 419 4342 Ne
441 4293 696 4356 dowcmproccn
712 4292 815 4342 limen-
853 4293 895 4341 rat
912 4290 1008 4342 Plinius
1029 4293 1059 4344 ll.
1077 4293 1107 4342 N.
1129 4291 1171 4352 49,
1194 4291 1223 4352 6,
1244 4290 1289 4342 ll:
1318 4291 1378 4342 Olus
