3178 4972
304 434 367 500 548
663 431 792 484 nonani
810 431 1031 502 nrrsronanuu

347 591 440 658 Dicet
462 611 583 678 eques;
609 587 668 656 sed
690 590 767 678 equi
790 589 912 656 frenato
935 595 985 654 est
1006 587 1095 654 euris
1118 586 1149 652 io
1172 605 1239 652 ore.
1255 621 1305 652 .-

349 712 449 779 Maior
471 721 577 776 utrum
598 709 754 798 populum
775 709 923 776 frumenti
945 709 1040 796 eopia
1061 717 1186 796 paseat,

349 831 549 900 Coiieotosne
570 830 682 899 bibant
703 831 824 898 imbres
845 841 1005 919 puteosne
1028 849 1189 918 perennes
1354 827 1393 893 45

349 955 435 1042 iugis
458 974 579 1042 aquae3
601 991 645 1004 -
665 973 740 1020 nam
761 953 837 1020 vina
858 952 935 1020 nihil
957 971 1068 1020 moror
1089 949 1174 1018 iilius
1195 971 1290 1029 orae3

349 1077 435 1143 Rure
457 1095 530 1142 meo
555 1095 689 1162 possum
710 1073 839 1160 quidvis
862 1073 1007 1162 perferre
1029 1073 1180 1161 petiqne;

348 1195 398 1264 ad
421 1217 511 1266 mare
533 1217 608 1264 oum
629 1195 717 1274 veni,
741 1216 936 1284 generosum
958 1205 991 1262 et
1010 1193 1084 1263 lene
1105 1179 1253 1283 requiro,

349 1317 445 1398 Quod
467 1337 562 1385 ouras
584 1317 705 1405 abigat,
728 1316 817 1405 quod
840 1337 915 1384 oum
937 1337 996 1405 spe
1018 1316 1117 1383 divite
1138 1325 1247 1383 manet

349 1441 385 1506 ln
407 1459 507 1508 vonas
529 1439 736 1527 animumque
758 1459 883 1515 meum,
906 1437 995 1526 quod
1017 1437 1117 1508 verba
1135 1438 1307 1514 ministret,
1351 1437 1395 1504 20

375 1611 415 1662 43.
433 1612 491 1673 equi
507 1610 554 1672 bd,
572 1611 674 1660 Veneta
684 1608 768 1672 4484,
781 1609 866 1660 actu:
884 1609 1011 1671 44444843,
1024 1611 1057 1671 tx
1068 1610 1112 1658 «et
1122 1609 1190 1658 alter
1200 1609 1360 1670 recentior,-

340 1684 487 1744 BentIeius,
506 1686 573 1738 FMJ.
594 1711 623 1722 -
642 1686 681 1735 to.
697 1690 833 1746 praesesque
854 1683 880 1734 d.
902 1707 930 1720 -
949 1683 990 1734 46.
1008 1683 1096 1734 num
1116 1685 1172 1734 tres
1195 1683 1311 1734 Pottierii
1334 1685 1362 1733 et

341 1761 402 1810 LCt.
428 1761 507 1824 (Iopis
528 1760 638 1824 bSEdp,
664 1756 742 1826 γδζκ,
761 1759 815 1810 duo
833 1758 917 1810 Codd.
936 1758 1117 1823 Oudendorpii
1133 1757 1169 1808 ad
1186 1759 1264 1809 Caes.
1281 1759 1311 1808 B.
1330 1761 1360 1808 G.

341 1835 366 1892 8,
380 1833 432 1894 tn,
451 1835 568 1884 Pottierii
585 1833 719 1898 plerique,
738 1835 838 1885 Veneto
858 1832 942 1893 4484..
961 1832 1105 1894 3444444444,
1125 1832 1191 1894 440.)
1211 1859 1239 1870 -
1254 1833 1293 1882 tr.
1304 1845 1363 1894 poe·

340 1909 388 1959 aim
399 1909 446 1972 Ep.
459 1932 487 1945 —
498 1910 602 1971 quodvis
612 1910 642 1960 N.
655 1911 776 1960 Heinsius
789 1911 817 1958 et
828 1907 1003 1971 cuninghern.
1018 1908 1058 1972 (Ut
1069 1919 1127 1969 noe,
1146 1905 1260 1970 bSEdp.)
1272 1933 1299 1944 -
1312 1907 1363 1970 aaa(-

308 2059 400 2118 eatan
426 2058 488 2119 sed,
515 2058 635 2118 uineis,
663 2069 725 2108 oum
748 2055 834 2106 brutis
871 2056 1096 2120 Frequentissime
1125 2055 1160 2106 de
1191 2057 1396 2122 municipiorum

309 2133 393 2184 verba
411 2131 472 2183 nihii
495 2133 597 2191 iuveot;
625 2132 696 2182 auris
713 2131 776 2194 equi
793 2130 835 2180 est
872 2129 964 2180 incolis
980 2133 1007 2181 iu
1024 2131 1156 2195 iuscriptt.
1175 2134 1332 2195 usurpatur:
1353 2131 1396 2182 Se

310 2207 337 2257 in
349 2220 396 2258 ore
407 2206 522 2266 frenato,
541 2206 569 2256 id
586 2207 642 2267 444,
661 2218 747 2268 equos
758 2203 834 2253 irene
870 2209 947 2254 44444
964 2205 1119 2268 peponesque
1143 2204 1241 2266 444444,
1267 2207 1395 2268 Lotum,

311 2280 446 2332 moderari
463 2281 584 2343 oportet,
603 2281 625 2329 st
642 2277 766 2329 volumus
786 2290 834 2328 eos
870 2278 1027 2342 ammeio.
1050 2279 1134 2330 inser.
1148 2293 1185 2330 m.
1200 2279 1255 2330 Lat.
1267 2279 1323 2330 443.
1337 2279 1394 2330 tat.

310 2353 387 2404 nobis
404 2353 515 2404 obedire
526 2354 651 2416 rumque
663 2351 741 2403 nobie
751 2351 835 2416 pieoi-
872 2353 930 2404 tio.
962 2351 1147 2417 «Hyperbolus»
1170 2355 1250 2416 igitur
1270 2354 1395 2418 «lyrica,-

309 2431 365 2478 tarn
382 2427 475 2478 inire.»
504 2427 556 2488 Sic,
573 2427 620 2478 ubi
632 2429 694 2477 ante
706 2427 795 2477 omnia
807 2425 836 2478 44-
872 2429 901 2477 44
918 2427 1076 2478 Hoohedero
1088 2427 1177 2477 visum
1189 2429 1242 2488 est,
1262 2428 1323 2478 huto
1335 2441 1395 2480 voe.

311 2499 357 2550 lud
374 2502 513 2562 statueris,
535 2501 619 2552 verba
636 2502 693 2551 Non
704 2529 719 2540 -
731 2527 745 2538 -
756 2502 837 2552 444444
872 2515 926 2552 nou
938 2503 1016 2554 inest.
1029 2529 1056 2540 -·
1065 2501 1303 2566 eonem-imore}
1316 2501 1397 2554 «voto

311 2573 373 2636 fingi
382 2571 434 2624 alta
442 2575 650 2639 vooeahequite
659 2577 833 2639 pronuntiari,
872 2589 970 2640 aquam
988 2578 1136 2638 fontanam,
1159 2589 1212 2628 non
1233 2575 1350 2641 pluriam
1370 2577 1398 2628 in

311 2661 366 2700 non
382 2646 470 2699 sotum
488 2649 567 2698 444444
585 2651 707 2713 cogitari,
730 2666 774 2704 vv.
793 2653 836 2702 sed
872 2653 994 2706 cisternis
1011 2652 1163 2712 collectam,
1183 2655 1210 2704 et
1225 2651 1334 2716 quidem
1346 2665 1399 2717 pu-

311 2724 368 2786 equi
385 2725 437 2774 oet.
451 2720 515 2772 nihii
532 2721 736 2788 habentinepti¹
756 2729 784 2776 et
794 2729 836 2776 44-
872 2731 931 2780 teos
947 2741 1096 2793 44444444,
1115 2728 1161 2791 qui
1178 2739 1288 2792 semper
1297 2739 1398 2792 aquam

312 2811 375 2850 men
393 2795 469 2848 multi
485 2797 645 2861 interpretes
666 2797 694 2848 in
716 2797 748 2848 iis
769 2803 836 2852 hae·
872 2803 1048 2868 praebeant.»
1074 2799 1397 2866 semiseptenaria

313 2875 415 2924 serunt.
443 2871 566 2933 Habeaa,
586 2872 692 2936 «Zttpet,
713 2871 835 2934 Transeo
873 2874 1046 2943 euvroioyta
1070 2877 1399 2940 interitionem

311 2947 420 3010 fretum,
434 2947 542 2998 «zema»
553 2944 719 3009 (Doederlein
731 2947 793 3009 sen.
803 2948 835 2997 V.
870 2962 991 3010 puennes
1002 2955 1030 3005 et
1039 2955 1108 3018 14944
1118 2966 1213 3018 aqam,
1226 2965 1296 3016 quae
1307 2952 1397 3014 lectio,

312 3033 340 3086 p.
351 3020 391 3073 44.
402 3021 445 3072 vl.
459 3034 485 3085 p.
500 3021 578 3085 itti,
592 3020 663 3085 apud
675 3024 768 3086 poetas
781 3021 836 3072 iere
875 3035 938 3073 oum
954 3035 980 3072 v.
997 3029 1062 3086 iupis
1078 3029 1112 3079 sit
1132 3028 1218 3079 mrius
1234 3040 1267 3078 ae
1284 3029 1399 3094 scripto-

313 3107 474 3160 synonyme.
508 3096 582 3147 0vid.
603 3100 662 3146 Am.
684 3095 715 3156 3,
737 3096 766 3160 4,
789 3097 835 3147 to:
876 3096 951 3146 ribus
967 3095 1082 3148 librariis
1093 3103 1180 3153 nunus
1192 3105 1299 3163 4444444,
1318 3113 1399 3167 prae-

315 3171 346 3220 444
358 3172 471 3232 primum
486 3183 615 3221 4444444444
629 3171 704 3221 sensu
719 3170 837 3234 4444444,
875 3169 984 3222 terenda
1001 3169 1107 3221 videtur
1123 3169 1198 3222 alteri
1210 3175 1309 3238 4444444,
1328 3189 1398 3240 quae

313 3244 444 3308 Frenaque
459 3246 486 3295 in
503 3247 582 3308 emero
598 3246 662 3295 4444
675 3246 836 3296 temtabo.
876 3257 941 3296 eane
958 3243 1140 3310 interpolatori
1152 3246 1275 3298 debetur.
1295 3251 1333 3300 ci.
1343 3253 1398 3302 sat.

315 3321 442 3371 Ceterum
453 3332 486 3370 eo
503 3320 611 3370 nomine
628 3322 748 3384 praestat
758 3319 838 3372 lectio
875 3321 907 3381 4,
925 3320 957 3382 o,
975 3320 999 3370 4.
1015 3347 1043 3357 -
1055 3319 1400 3386 attttmeror11Vinatilius

313 3396 371 3457 equi
387 3393 463 3444 alteri
478 3395 560 3456 44444,
582 3394 655 3457 quod
672 3395 698 3444 in
716 3393 757 3445 iiia
774 3409 839 3460 per·
876 3397 977 3446 tractus
994 3405 1057 3446 oum
1073 3405 1217 3458 asperner,
1236 3394 1299 3446 nihii
1316 3397 1350 3448 de
1369 3397 1400 3448 444

314 3481 395 3534 quem
426 3469 555 3520 concinne
587 3470 665 3531 444444
696 3472 839 3535 opponitur
876 3473 902 3520 te
914 3472 1074 3535 perceptum
1087 3483 1149 3522 nem
1158 3472 1325 3536 propositum
1336 3472 1401 3522 mihi

315 3545 379 3594 item
402 3555 471 3594 unus
494 3544 553 3595 eius
577 3557 668 3607 epaon
696 3545 719 3595 ei
742 3543 839 3609 legeris
878 3547 931 3604 est,
958 3543 1016 3596 aliis
1041 3557 1123 3608 quam
1147 3547 1250 3611 asperis
1274 3544 1324 3596 iliis
1349 3559 1401 3598 neo

314 3619 397 3682 epota,
421 3618 468 3668 4444
484 3617 558 3670 iocos
575 3621 727 3671 communis
744 3619 840 3671 admo-
878 3617 955 3670 vaide
973 3621 1111 3683 generosis
1127 3621 1173 3672 uti.
1203 3623 1289 3685 atque
1307 3621 1334 3672 44
1350 3623 1402 3672 sa-

317 3694 382 3746 dum
398 3691 546 3758 languidus.
877 3693 941 3744 bino
967 3693 1077 3756 quidem
1101 3707 1165 3746 meo
1189 3696 1300 3758 4444444,
1331 3695 1403 3760 {aras

348 3768 437 3820 44-44.
460 3769 546 3820 tiator
557 3771 621 3834 444]
637 3769 685 3823 Ubi
701 3769 788 3820 444444·
799 3772 842 3822 eet
877 3769 1020 3833 4449444444
1037 3771 1124 3821 omnia
1146 3771 1252 3834 generis
1272 3769 1348 3821 cibos
1369 3783 1402 3822 44

316 3840 401 3892 vilitna
418 3855 553 3904 annones,
571 3843 697 3896 omnihus
713 3844 739 3894 in
757 3843 841 3898 rebus
878 3845 952 3908 vina,
972 3843 1092 3909 perterre
1109 3857 1220 3910 possum
1237 3847 1347 3910 propter
1358 3849 1402 3896 44-

315 3916 483 3967 oommodius
506 3919 610 3969 vivitrn.
640 3919 751 3982 Propter
772 3919 839 3981 hoo,
878 3931 951 3980 rem,
978 3920 1023 3984 qui
1045 3920 1248 3971 oonoootionem
1264 3920 1349 3980 iuvat,
1375 3923 1403 3972 et

317 4003 370 4042 non
382 3989 418 4042 ob
430 3991 615 4056 nescioquam
627 3991 842 4044 sordidamara-
878 3995 989 4060 propter
1010 3993 1165 4060 trequentes
1187 3993 1239 4046 sub
1262 3994 1323 4045 divo
1343 4007 1404 4046 am·

316 4067 417 4128 ritiam,
436 4067 471 4118 de
488 4067 613 4118 frumenti
630 4069 706 4134 eopia
723 4071 840 4121 amioum
878 4067 1043 4122 ouationes:
1073 4071 1167 4122 eontra
1194 4083 1244 4135 per
1268 4071 1401 4130 4444444444,

316 4140 469 4206 interrogat.
491 4139 638 4204 (Fertiiibue
651 4145 677 4194 in
688 4144 840 4210 regionibus
879 4156 942 4195 oum
958 4156 1083 4210 magnam
1100 4143 1153 4196 diei
1175 4147 1280 4210 portem
1297 4149 1403 4196 matra-

316 4213 480 4266 trumentum
497 4215 578 4268 etiam
595 4217 690 4271 meiius
710 4233 772 4272 ease
794 4233 841 4271 so·
878 4223 932 4270 4444
954 4219 1008 4284 tepo
1025 4220 1105 4286 (Epp.
1125 4221 1154 4283 4,
1173 4220 1202 4280 7,
1222 4219 1292 4284 44),
1310 4220 1403 4270 vinum

317 4287 373 4340 iere
391 4291 514 4356 opinatur
525 4290 661 4357 uuntzer.)
672 4321 698 4331 -
708 4293 840 4360 44444444]
877 4291 1025 4360 peterem
1042 4295 1066 4358 (a
1088 4291 1148 4345 ioco
1171 4296 1198 4344 44
1218 4293 1282 4358 vite)
1302 4307 1335 4346 44
1351 4293 1404 4345 tm
