3178 4972
283 427 345 490 lli
637 423 1010 504 ¹uonlrunmsrommou

647 906 913 970 nassum
937 905 1013 968 18.

332 1042 519 1131 Septimius,
544 1039 673 1115 Claudi,
698 1039 847 1105 nimirum
869 1037 1024 1126 intellegit
1045 1059 1142 1115 unus,

331 1164 448 1244 Quanti
470 1183 522 1228 me
545 1160 658 1239 inciam
681 1181 756 1226 nam
778 1181 852 1226 cum
875 1169 968 1247 rogat
989 1169 1022 1226 ol
1043 1181 1142 1247 prece
1164 1163 1262 1248 cogit,

331 1285 460 1352 Scilicet
483 1294 516 1350 ut
538 1283 593 1350 libi
618 1303 654 1349 se
677 1281 809 1348 laudaro
832 1291 863 1348 et
886 1281 1014 1349 tradere
1037 1302 1150 1358 coner,

355 1466 404 1516 ΕΡ.
423 1465 465 1515 tx.
495 1466 517 1514 l.
537 1464 699 1527 scripturam
725 1462 843 1526 inolente
860 1460 986 1512 exhibent
1002 1464 1065 1512 ScE.
1087 1489 1114 1498 -
1133 1464 1158 1514 i.
1177 1463 1247 1528 euni]
1270 1477 1309 1515 ine
1326 1479 1341 1514 e

324 1540 407 1590 Codd.
427 1543 453 1590 el
470 1539 537 1590 Edd.
555 1541 619 1590 velt.
637 1540 664 1588 F.
685 1539 724 1602 (Ul
742 1551 799 1600 nos,
818 1549 913 1588 omnes
930 1537 1013 1587 nostri
1031 1538 1058 1587 el
1075 1538 1211 1600 Pollierii.)

324 1690 365 1740 iii.
394 1691 536 1742 venustius
562 1702 627 1740 sane
651 1691 732 1751 alque
757 1685 814 1738 eie·
851 1685 927 1736 Hand
952 1687 1028 1738 Turs.
1046 1687 1089 1738 IV.
1116 1700 1143 1750 p.
1160 1687 1218 1738 iio.
1249 1713 1274 1726 -
1301 1692 1376 1752 ιιιιιιι]

291 1764 395 1828 gentius
414 1766 570 1830 Septimium
592 1776 671 1815 suum
695 1763 741 1826 (de
759 1775 813 1825 quo
852 1763 978 1827 epraeter
990 1763 1095 1812 ceteros
1103 1779 1130 1823 ,i
1149 1776 1212 1813 cum
1223 1767 1296 1826 grata
1308 1778 1377 1828 qua-

291 1837 460 1899 v.oct.s,6.
478 1842 669 1904 elingustum
686 1839 713 1888 in
730 1839 812 1903 Epist.
852 1837 914 1888 dam
930 1837 1024 1886 ironia.
1059 1835 1141 1886 Simul
1159 1838 1211 1888 iam
1227 1838 1285 1900 bic,
1303 1841 1333 1888 ut
1350 1839 1377 1888 in

292 1914 327 1964 ad
344 1913 479 1964 Horatium
496 1915 576 1966 missa
594 1915 621 1964 in
638 1915 746 1964 Sueton.
762 1912 812 1962 vil.
852 1909 983 1974 Epistolae
996 1911 1058 1970 line,
1072 1911 1224 1974 perurbane
1236 1912 1379 1976 significat·

293 1990 399 2040 Horat:
425 1987 469 2035 Tui
484 1990 583 2050 wolon
598 1989 705 2039 beleum
719 2001 815 2038 mano-
851 1982 956 2034 Tiberio
983 1996 1035 2034 nou
1060 1985 1209 2036 limandum
1235 1999 1309 2046 esse,
1342 2000 1378 2038 ue

291 2065 359 2114 iiam
384 2060 478 2123 porois
503 2077 534 2113 en
567 2064 686 2126 Septimio
719 2075 817 2125 qooqsle
852 2059 931 2110 nimis
956 2058 1111 2122 frequenter
1133 2058 1168 2109 ab
1186 2060 1293 2110 Horatio
1311 2059 1377 2112 tales

293 2141 403 2188 nostro
420 2133 526 2193 audire;
541 2151 602 2188 nom
618 2139 716 2198 incidit,
734 2142 762 2187 ιιι
772 2137 815 2186 illo
851 2133 952 2184 litteras
963 2135 1200 2185 commendaticias
1211 2136 1332 2200 accipiat.
1347 2163 1375 2172 -

295 2224 382 2261 eoram
402 2211 473 2272 Ιισνσι
493 2221 511 2256 α
527 2221 563 2256 me
579 2214 616 2261 lui
631 2213 744 2276 mentio.)
771 2212 816 2261 Ti-
851 2223 912 2258 eom
928 2209 993 2273 cem]
1012 2211 1124 2273 Propter
1145 2213 1213 2273 part.
1232 2225 1290 2260 eum
1305 2224 1331 2260 v.
1349 2213 1375 2260 ii.

293 2285 369 2335 berto
388 2281 496 2332 Claudio
513 2283 606 2336 Neroni
624 2286 815 2336 commendare
852 2285 993 2347 repetitam
1005 2285 1049 2334 bic
1059 2283 1176 2334 nonnulli
1185 2283 1379 2348 interpolarent

294 2372 348 2410 non
364 2356 450 2422 potuit
467 2367 548 2420 quam
565 2355 617 2404 boc
632 2359 770 2424 epistolio,
788 2362 814 2410 in
851 2373 912 2408 nom
928 2371 980 2417 me;
998 2357 1148 2408 inconsulto
1166 2363 1269 2420 lamen,
1291 2361 1320 2409 ul
1336 2362 1378 2410 est

295 2446 349 2498 quo
367 2431 491 2494 gratiam,
511 2442 563 2492 qua
581 2430 637 2493 ipse
650 2435 718 2494 apud
729 2439 817 2498 liugu-
852 2435 879 2484 in
895 2433 1052 2498 proverbio,
1077 2447 1173 2497 scopas
1189 2433 1376 2486 dissolverunt.

293 2509 326 2559 sti
339 2506 489 2570 privignum
503 2503 615 2564 irualur,
635 2503 720 2558 dedite
733 2522 814 2573 opera
856 2537 882 2544 -
900 2514 976 2572 repat
992 2514 1016 2559 el
1028 2522 1104 2571 prece
1120 2509 1194 2573 cepit]
1219 2509 1274 2559 «ila
1291 2512 1376 2573 rogat,

294 2579 501 2632 extenuares.
515 2577 609 2628 licobs
621 2579 704 2628 Licit-
717 2584 813 2634 Venus.
852 2587 881 2634 ut
898 2597 942 2634 me
959 2583 1085 2647 precibus
1102 2585 1158 2634 suis
1175 2585 1252 2647 quasi
1266 2587 1343 2646 cogat
1353 2599 1377 2644 ς»

291 2671 320 2722 p.
334 2657 374 2706 82.
402 2652 459 2704 Noli
470 2657 560 2704 autem
571 2651 692 2703 oblivisci
704 2667 737 2704 eo
748 2661 815 2709 tem-
852 2671 933 2722 quam
951 2654 1147 2724 πειθανάγκησ
1164 2660 1257 2709 Graeci
1277 2657 1377 2710 dieunt.

293 2743 374 2796 pore,
399 2743 452 2794 quo
478 2731 606 2792 scriplum
632 2731 673 2778 est
697 2729 813 2790 (e.u.‹·,.
855 2759 883 2770 -
910 2733 1016 2797 scilieet]
1050 2734 1153 2783 Sieiel
1187 2735 1259 2784 lion
1283 2734 1378 2784 denis

294 2806 351 2857 tsi.
370 2803 425 2865 rel,
456 2807 485 2854 ul
516 2801 556 2852 alii
582 2803 695 2854 fortasse
721 2802 819 2852 rectius
852 2811 924 2856 ner!
951 2809 1005 2857 elis
1024 2808 1076 2871 gibt
1101 2809 1145 2857 cler
1161 2808 1224 2858 llede
1246 2813 1324 2858 ιιισιιι
1339 2809 1379 2858 Ρι-

292 2880 436 2943 volunta.
457 2878 820 2942 teithberttmoresnon-
854 2883 963 2932 lantes»
983 2884 1107 2934 Diinizer,
1145 2885 1271 2934 Ceterum
1289 2883 1377 2934 minus

294 2957 359 3006 dum
383 2953 592 3018 reprehensione
615 2953 710 3016 dignos
727 2952 817 3003 luisse.
856 2959 926 3006 reete
949 2955 992 3006 elil
1012 2958 1123 3021 iungunt
1139 2958 1205 3021 sopit
1222 2958 1327 3007 Scilicet.
1348 2985 1375 2994 —

294 3031 375 3081 Tacit.
397 3031 464 3080 Anu.
489 3029 519 3087 6,
544 3029 593 3076 iil:
620 3028 743 3091 Eprepius
767 3027 820 3076 vito
856 3028 961 3096 trudere]
980 3031 1018 3082 cl.
1038 3035 1091 3082 Sat.
1111 3033 1138 3093 l,
1156 3033 1187 3092 o,
1206 3032 1246 3083 li.
1267 3033 1331 3096 app.
1352 3033 1376 3092 i,

294 3108 427 3168 fumoque,
446 3104 531 3164 quoad
544 3103 661 3164 privatus
676 3102 715 3152 vel
731 3103 758 3151 io
774 3103 821 3150 im-
858 3101 902 3162 ta,
921 3100 961 3151 78.
988 3107 1042 3158 Cic.
1066 3107 1100 3156 ad
1123 3106 1213 3158 Famil,
1233 3107 1261 3168 7,
1282 3108 1325 3166 47,
1343 3109 1376 3156 2:

292 3183 363 3243 perio
379 3179 544 3241 manupasto
559 3178 615 3240 fuit.
641 3179 678 3228 De
697 3179 821 3228 eiusstu-
857 3177 937 3226 Sicci
959 3181 982 3226 le
998 3181 1166 3231 enumerationi
1183 3186 1206 3231 ot
1222 3182 1329 3242 tradidi,
1350 3187 1379 3231 ιιι

296 3255 345 3306 diis
371 3254 481 3318 poeticis
505 3253 552 3301 cir.
574 3255 681 3303 Sueten.
700 3253 757 3303 Tib.
776 3254 817 3302 70.
856 3251 1003 3315 precisi-roe
1035 3255 1265 3318 diligentissimeque
1297 3255 1376 3316 politi.

294 3331 336 3380 Sic
362 3329 456 3391 insigni
479 3325 646 3378 simulatione
669 3341 735 3378 usus
751 3343 820 3378 emn-
858 3327 957 3376 Caesar
974 3327 1001 3375 B.
1016 3327 1044 3375 tl.
1059 3326 1087 3386 3,
1106 3329 1149 3377 st:
1176 3345 1249 3382 ιιιιιιιι
1263 3331 1379 3394 socdia-

290 3404 376 3467 posuit
402 3415 504 3451 commo
531 3401 656 3462 lyricum,
687 3404 759 3452 euius
786 3410 820 3453 est
854 3400 977 3452 reio-nb
993 3399 1035 3449 illo
1051 3402 1181 3451 traditum.

293 3479 379 3530 titulus
411 3476 557 3538 Conquestio
590 3478 621 3525 cle
646 3478 674 3526 L.
705 3479 820 3528 Caesaris
889 3476 950 3527 lt.
969 3474 1154 3538 Dipnumcell
1174 3479 1279 3541 «Ulpote
1293 3481 1337 3544 qui
1352 3481 1378 3529 iu

293 3557 381 3603 morte.
400 3551 527 3600 Celerum
539 3550 755 3614 deparoimonia,
766 3567 818 3617 qun
856 3549 1060 3601 contubernium
1078 3551 1284 3616 convictumque
1303 3557 1379 3604 tuum

295 3627 406 3679 comites
424 3637 487 3675 suos
505 3626 649 3686 tractabat,
672 3627 732 3678 vide
752 3630 819 3678 sue·
855 3625 937 3689 recipi
955 3627 1117 3674 mereatur.»
1138 3655 1164 3661 -
1182 3627 1270 3690 meite]
1289 3640 1379 3690 «egre-

294 3705 349 3751 tou.
368 3698 424 3750 Tib.
438 3698 478 3750 lo.
507 3701 579 3750 liaue
597 3704 625 3751 el
639 3703 702 3751 buie
719 3700 819 3752 similes
855 3701 949 3764 gialun
960 3698 1081 3750 indoleat
1093 3702 1379 3766 ingenioperspicaot..

295 3773 423 3840 Episloias
449 3773 510 3823 ideo
532 3788 640 3839 quoque
658 3777 817 3839 composuit,
855 3775 932 3824 Teste
949 3772 1057 3824 Philone
1074 3776 1137 3839 Leg.
1155 3775 1189 3825 ad
1206 3776 1298 3826 Caium
1316 3777 1340 3840 S.
1354 3777 1379 3828 θ.

294 3851 325 3899 ut
342 3851 425 3899 tolum
443 3849 494 3898 boc
512 3845 599 3914 σῶμα
616 3863 739 3899 verarum
757 3851 819 3914 Epi·
856 3847 883 3897 T.
898 3847 939 3896 Vl.
954 3860 980 3911 p.
991 3847 1031 3898 83.
1046 3849 1127 3912 Lips.:
1143 3843 1238 3921 ‘Oyeip
1251 3848 1382 3920 Τιβέριος

294 3923 421 3974 stolarum
446 3924 479 3973 nd
505 3923 648 3974 familiares
675 3925 819 3976 missarum
856 3918 998 4005 φρονήσει
1024 3919 1131 3991 βαθείᾳ
1157 3921 1307 3994 χρώμενος
1332 3926 1382 3976 και

294 3998 414 4061 speciem
432 4000 515 4062 magis
532 3999 653 4048 referret.
856 4011 913 4046 των
933 3996 998 4046 καθ’
1020 3991 1110 4048 αὑτὸν
1132 3993 1267 4050 ἁπάντων
1287 3996 1381 4051 δεινό-

328 4071 381 4121 t-s.
408 4071 536 4135 nimirum]
559 4073 666 4135 Proprie
684 4071 819 4138 explicari·
856 4084 942 4134 τατος
959 4064 1000 4121 ὢν
1011 4063 1123 4136 ἀφανὲς
1140 4069 1296 4144 ἀνθρώπου
1312 4071 1383 4134 βού-

294 4147 360 4197 dum
377 4149 432 4196 est:
452 4147 499 4196 «ni
517 4148 601 4207 esset,
621 4148 718 4198 mirum
736 4151 817 4208 esset,
856 4141 935 4210 λημα
957 4143 1081 4198 συνιδεῖν
1102 4149 1152 4200 nni
1174 4147 1382 4200 introveniens

293 4219 442 4287 δηλονότι,
471 4220 652 4280 manifesto.»
679 4235 740 4274 cum
766 4221 817 4274 leni
856 4221 971 4272 συνέσει
987 4219 1150 4290 διενεγκών,
1177 4223 1223 4286 ἐφ’
1241 4216 1315 4276 ὅσον
1332 4225 1382 4276 και

294 4295 409 4360 quadam
427 4295 518 4344 ironia.
547 4294 584 4345 Cl.
604 4297 698 4360 Sati,
716 4297 743 4358 3,
761 4297 816 4348 iii.
856 4291 973 4366 εὐτυχίᾳ
991 4295 1051 4348 κτλ.
1081 4299 1146 4350 ibid.
1167 4299 1190 4364 S.
1209 4301 1250 4351 il.
1269 4313 1296 4364 p.
1317 4299 1379 4350 iol:
