3116 4968
227 430 289 497 22AE
605 427 735 486 florarii
751 425 932 479 siriusnuii

271 590 343 667 Quo
365 584 468 673 magis
487 583 539 649 his
559 580 693 660 medae,
717 602 799 669 puer
813 581 899 648 hunc
914 601 976 669 ego
989 599 1110 668 parvus
1124 577 1261 648 Ofellam

272 707 408 795 Integris
429 704 547 794 opibus
568 704 643 771 novi
665 724 730 769 non
750 701 846 768 iatius
867 723 963 770 usum

271 831 377 910 Quam
399 847 484 894 nuuc
505 825 631 894 accisis.
675 823 792 892 Videas
813 833 932 890 metato
952 823 985 887 in
1007 820 1110 910 agello

273 952 354 1018 Cum
375 969 495 1038 pecore
518 957 550 1014 et
571 946 674 1034 gnatis
696 945 810 1010 fortem
832 943 984 1011 mercede
1010 942 1177 1023 colonum,
1255 941 1316 1009 tis

271 1075 341 1139 Nou
363 1091 442 1158 ego,
466 1077 661 1145 narrantem,
685 1077 807 1133 temere
830 1065 883 1133 edi
904 1064 979 1133 luce
1000 1065 1142 1153 proiesta

273 1192 459 1281 Quidquam
480 1197 610 1278 praeter
632 1187 704 1254 olus
726 1187 872 1254 fumosae
894 1207 969 1254 cum
990 1184 1077 1275 pede
1098 1207 1231 1275 pernae.

296 1447 353 1498 tia.
373 1444 486 1509 Ofellum]
504 1442 562 1494 vid.
582 1442 617 1492 ad
631 1455 659 1492 u.
678 1441 703 1492 2.
724 1469 751 1478 -
771 1441 828 1492 443.
846 1441 941 1490 iamim
956 1452 1026 1491 unus
1043 1440 1111 1490 Fene
1128 1452 1144 1489 a
1161 1451 1217 1490 sec.
1236 1452 1284 1501 ιιι,

263 1523 294 1573 ut
308 1518 417 1572 volebat
433 1520 465 1570 Η.
483 1519 648 1584 Stephanus;
675 1516 764 1567 4444444
779 1516 810 1566 N.
829 1515 962 1566 Heinsius.
988 1541 1016 1552 -
1041 1514 1097 1564 tte.
1115 1515 1183 1565 uotis
1197 1512 1284 1576 heic

265 1599 328 1661 (nou
344 1595 402 1659 Sp).

232 1818 304 1884 virg.
322 1820 388 1870 444.
402 1817 448 1880 40,
470 1816 528 1868 259,
549 1843 577 1853 —
591 1815 665 1881 puer]
684 1817 757 1866 certe
795 1815 902 1867 suenus
915 1813 1070 1874 facientem,
1089 1813 1139 1864 etsi
1150 1826 1221 1864 nune
1231 1813 1321 1878 potius

114 1949 125 1964 f
232 1908 256 1945 a.
266 1905 293 1944 ιι.
308 1907 331 1944 c.
344 1894 413 1952 ”1⁴23
426 1893 479 1942 hoc
490 1889 562 1941 euim
572 1888 615 1941 vcl
627 1891 757 1954 sequente
795 1903 865 1942 novo
890 1890 999 1940 domino
1025 1901 1106 1952 quam
1135 1887 1244 1940 sibimet
1270 1889 1321 1953 ipsi

232 1981 302 2020 anno
312 1963 760 2017 triumviroruminveteranosiau
796 1977 889 2030 agrum
907 1963 993 2016 colii.»
1023 1963 1076 2014 Gir.
1090 1963 1155 2027 Epp.
1169 1965 1198 2025 Ξ,
1212 1964 1242 2025 4,
1262 1964 1319 2015 isi).

232 2039 544 2106 gitioneOieliaiundum
566 2050 646 2090 suum
664 2037 760 2088 amise—
794 2042 866 2102 virg.
880 2042 926 2090 Ge.
946 2038 975 2100 3,
994 2037 1055 2089 288:
1083 2037 1129 2088 Hic
1154 2038 1240 2098 leton
1265 2040 1322 2089 tiso

232 2119 282 2168 rat.
310 2115 413 2166 Eadem
424 2117 514 2166 autem
526 2113 647 2163 condicio
660 2109 757 2162 0444444
795 2116 895 2165 4444444
917 2113 994 2178 sortes
1018 2118 1117 2175 sperate
1141 2113 1229 2162 444444.
1273 2112 1322 2163 44444

232 2194 313 2254 atque
330 2188 455 2240 Moeridis
468 2187 601 2251 virgiliani
613 2185 666 2236 Ecl.
679 2186 707 2248 9,
726 2185 757 2235 2:
796 2192 884 2241 minus
901 2189 1020 2253 apposite
1039 2188 1220 2238 «honestum»
1239 2185 1324 2251 expli·

232 2267 284 2316 uiui
296 2263 471 2327 pauentum,
485 2261 687 2322 odvmauostte',
705 2261 759 2322 Quo
796 2267 867 2315 cant,
894 2290 922 2299 -
945 2263 1057 2313 mercede
1080 2261 1203 2326 colonum]
1230 2261 1324 2312 Coloni

233 2351 364 2400 uunquam
379 2338 452 2387 ueriti
469 2349 567 2398 summ,
592 2341 620 2386 ιιι
632 2347 760 2397 possessor
797 2339 868 2389 enim
886 2339 932 2388 aut
947 2336 1065 2401 partiarii
1083 2338 1171 2398 erant,
1198 2338 1229 2386 ut
1244 2335 1324 2387 italo-

234 2407 543 2477 cadecissamanus
558 2414 699 2460 masau:
716 2421 760 2459 ee-
796 2427 857 2463 rum
884 2413 993 2474 messos,
1027 2414 1072 2461 aut
1100 2412 1217 2462 nummis
1244 2422 1324 2474 agros

234 2491 297 2539 teres
319 2487 429 2549 migrate
453 2485 563 2534 coloni.»
592 2511 619 2519 —
645 2481 759 2546 44449444]
796 2486 968 2552 locupletium
980 2484 1118 2536 colebant?
1133 2483 1197 2536 Ptin.
1211 2485 1277 2549 Epp.
1291 2485 1322 2548 9,

234 2560 380 2629 penultima
397 2558 541 2625 producta,
566 2559 596 2608 ut
612 2559 716 2607 Lucret.
730 2559 758 2617 4,
797 2563 842 2612 37:
860 2561 1131 2620 Medendiunaratio,
1150 2561 1171 2609 si
1187 2574 1238 2609 eon
1248 2573 1325 2609 emn-

234 2639 293 2690 sie.
325 2637 394 2699 Virg.
407 2633 461 2686 Ecl.
475 2635 504 2696 4,
523 2634 548 2682 ii.
569 2661 597 2672 -
614 2631 759 2696 oculatius]
797 2636 1022 2699 mo,sedparttbus
1033 2633 1236 2699 444444444ωά44
1245 2635 1323 2700 nuo),

236 2725 305 2762 «non
321 2709 433 2774 largius,
451 2721 505 2760 uon
522 2706 681 2772 profusius·
708 2708 760 2770 Ορ-
797 2712 832 2760 ita
850 2713 880 2760 ut
895 2708 1003 2762 dimidia
1020 2709 1063 2760 vc}
1084 2710 1161 2759 tertie
1177 2711 1325 2773 proventus

235 2786 342 2851 ponitur
363 2785 502 2848 augustius.
538 2783 662 2833 Cassii.
682 2781 758 2843 C.3,
797 2797 860 2850 pars
887 2783 973 2834 coloni
997 2783 1045 2846 sit,
1075 2783 1178 2847 reliqua
1204 2783 1323 2843 domium

236 2860 281 2911 tii:
308 2873 364 2910 rein
385 2858 617 2924 musterium„
636 2871 688 2920 qua
710 2871 760 2907 ou·
797 2859 895 2910 Oieiiae
918 2872 1011 2910 merces
1027 2873 1049 2912 s.
1069 2863 1141 2909 certa
1164 2859 1258 2923 pensio
1279 2871 1325 2910 as·

234 2939 306 3000 poste
320 2933 446 2984 44444444.
482 2935 592 2983 Prorsus
613 2933 692 2995 igitur
713 2943 760 2981 su·
797 2935 898 2997 signata
916 2935 983 2984 erat.
1013 2933 1051 2984 cf.
1065 2931 1212 2995 columi,
1231 2934 1256 2983 i.

236 3021 421 3074 pervaconsae
433 3008 510 3058 eraut
526 3008 694 3057 coniecturae
706 3006 762 3056 444-
831 3009 952 3058 tis-iii.
971 3008 1028 3057 Nou
1038 3033 1053 3045 -
1063 3033 1078 3044 -
1089 3006 1188 3071 wetere]
1207 3020 1277 3058 anon
1287 3006 1326 3058 ia·

236 3083 287 3133 tius
303 3085 331 3132 et
346 3083 442 3133 laetias.
463 3106 492 3118 -
511 3081 607 3146 4444444]
625 3083 761 3141 Quatenus
799 3081 863 3146 cilc,
881 3095 968 3134 raro.»
991 3107 1017 3118 -
1035 3082 1071 3132 ,44
1087 3081 1156 3146 mihi]
1174 3083 1230 3132 wie
1246 3082 1327 3132 dens

236 3159 291 3208 iam
307 3171 360 3208 non
376 3171 518 3222 possessor
530 3156 606 3222 agelli
624 3160 693 3217 erat,
712 3155 761 3208 scd
799 3159 885 3210 auci.
925 3157 1045 3208 Praestat
1069 3157 1137 3207 haec
1162 3155 1239 3208 alteri
1262 3155 1324 3208 leet.

237 3232 348 3286 colonus
365 3236 476 3284 tantum.
499 3259 523 3272 -
553 3233 649 3296 Videas]
668 3235 761 3293 etune,
800 3241 840 3296 44,
867 3233 929 3296 quia
952 3231 1022 3282 nulla
1041 3234 1083 3282 est
1103 3233 1235 3296 oppositio
1257 3227 1329 3282 iuter'

237 3305 313 3358 aiibi
324 3305 441 3368 icisses,
467 3307 559 3358 videre
578 3309 710 3370 poteras.»
733 3331 759 3342 -
800 3305 897 3358 Oieilae
909 3306 1009 3356 victum
1026 3305 1210 3370 quotidianum
1222 3309 1249 3358 et
1261 3321 1327 3358 con-

237 3385 330 3430 metcto
353 3381 380 3428 iu
404 3379 497 3444 444444]
525 3393 623 3445 equiem
649 3383 764 3430 metator
799 3381 898 3432 vivium
909 3378 1017 3443 aliquod
1029 3381 1183 3444 opiparum;
1201 3394 1265 3432 uam
1276 3382 1328 3432 ho-

238 3455 385 3516 assiguarat
397 3453 531 3505 Umbreno
542 3456 696 3504 veterano.»
717 3454 765 3503 Te-
801 3455 897 3519 spitem
915 3466 1036 3517 quoque,
1064 3456 1114 3505 etsi
1135 3458 1197 3519 post
1219 3454 1328 3520 longum

239 3531 280 3581 sie
305 3527 517 3592 4444444441.
539 3526 568 3589 4,
586 3528 610 3578 3.
637 3526 764 3578 militibus
801 3529 930 3593 temporis
950 3527 1117 3580 intervalium
1138 3529 1327 3580 advenientem

238 3603 358 3655 attributi
374 3603 437 3653 sunt
452 3603 621 3666 potissimum
639 3604 695 3667 agri
712 3604 764 3653 ho-
801 3607 880 3667 atque
892 3603 1062 3668 propterhoc
1073 3605 1161 3667 ipsum
1171 3605 1325 3668 gratiorem,

238 3692 299 3730 rum
316 3675 490 3742 oppidorum:
516 3679 639 3742 Capuae,
657 3679 764 3743 Rhegii,
802 3691 887 3742 aeque
905 3677 1009 3728 modica
1021 3691 1115 3729 mensa
1127 3679 1326 3743 excipiebat.-

238 3753 417 3814 Venusiae,
436 3753 593 3814 Beneventi,
618 3754 764 3815 Nuceriae,
802 3765 904 3816 opetum
923 3752 1011 3817 ocem]
1039 3767 1116 3804 «cum
1140 3756 1252 3818 propter
1276 3754 1329 3804 im·

238 3827 358 3888 Arimini,
370 3824 489 3877 Vibouis.
506 3826 559 3877 Cir.
572 3824 765 3879 ValeriusCato
801 3829 880 3880 brem
897 3830 992 3878 neuter
1014 3829 1089 3892 operi
1110 3830 1210 3879 rustico
1231 3841 1328 3878 vacare

239 3903 294 3953 Dir.
307 3900 352 3952 ie:
370 3901 544 3964 Perticoquae
559 3907 657 3952 austros
671 3907 767 3952 sumto
802 3903 921 3968 posset.»
941 3930 968 3939 -
990 3901 1049 3952 betta
1073 3907 1129 3953 erat
1154 3903 1218 3965 cet]
1243 3901 1326 3957 Plaut.

240 3977 488 4040 estimpiocpeiics.
525 3977 579 4028 Cic.
593 3973 704 4040 Philipp.
718 3975 763 4038 44,
803 3977 891 4028 Casin.
912 3977 942 4040 4,
961 3975 989 4039 3,
1007 3975 1057 4026 37:
1086 3977 1129 4027 444
1152 3977 1190 4026 itii
1214 3975 1274 4028 bene
1297 3977 1329 4026 sit

241 4050 270 4114 4,
289 4050 334 4100 4οι
361 4063 438 4113 quom
460 4050 572 4114 (urbem)
594 4051 648 4102 iam
669 4051 767 4114 pestem
802 4053 884 4115 44944,
903 4065 973 4114 apua
988 4051 1087 4113 calido,
1105 4051 1174 4114 eido,
1195 4053 1330 4102 444444444-

240 4128 348 4177 motor
372 4129 396 4174 et
419 4125 524 4176 44444444
549 4127 695 4189 &conpede
718 4139 766 4176 stc
801 4129 841 4177 tis.
862 4151 889 4163 -
908 4126 977 4191 arte]
995 4127 1081 4176 Etiam
1104 4127 1132 4177 iu
1148 4125 1253 4190 oppidis
1276 4125 1329 4176 mi·

242 4201 316 4250 Suco
327 4199 453 4250 4444444444.
472 4201 547 4252 coni.
561 4201 608 4252 0d.
621 4203 650 4263 2,
664 4200 709 4263 ts,
723 4202 763 4251 is.
802 4200 913 4252 noiibus
930 4204 957 4251 44
972 4213 1035 4252 rure
1056 4202 1145 4266 pisces
1163 4201 1259 4251 marini
1275 4201 1329 4251 iio-

243 4301 273 4314 -
289 4274 388 4342 torm]
406 4287 535 4340 «nomm,
553 4288 620 4342 opus
633 4276 766 4330 rusticum
802 4287 862 4328 mae
880 4275 987 4328 emendi
1004 4278 1096 4341 erant,
1115 4276 1214 4341 siquis
1231 4273 1328 4328 4444444
