3178 4972
289 441 351 508 5l0
652 443 781 494 nonani
798 442 1019 516 nrnronuauu

333 590 492 666 lnc'utiunt
513 599 603 665 urbis
626 598 840 678 desiderium,
864 599 974 676 video,
998 609 1031 666 et
1051 601 1141 687 quod
1187 653 1189 664 .

332 720 475 808 angulus
498 721 557 786 iste
579 720 660 788 leret
681 720 775 808 piper
796 731 828 786 et
849 720 923 786 thus
945 721 1036 788 ocius
1058 741 1135 798 ava,

334 844 401 910 Nec
422 842 528 910 vicina
550 840 664 909 subest
684 843 794 908 vinum
815 843 975 930 praebere
998 842 1132 910 taberna

333 967 425 1045 Quae
445 964 548 1053 possit
569 962 641 1041 tibi,
666 983 727 1031 nec
747 964 900 1031 meretrix
921 963 1067 1042 tibicina,
1090 964 1184 1033 cuius
1337 967 1379 1032 25

333 1087 381 1154 Ad
403 1086 571 1174 strepitum
593 1085 690 1152 salias
712 1095 819 1152 terrae
841 1086 964 1172 gravis:
987 1094 1149 1153 ettamen
1171 1105 1268 1175 urges

334 1209 528 1297 iampridem
550 1229 614 1276 non
636 1217 719 1274 tacta
741 1183 902 1294 ligonibus
924 1227 1001 1273 arva
1022 1206 1208 1296 bovemque

355 1445 396 1496 49.
415 1450 455 1495 trra
471 1445 500 1495 E.
521 1469 549 1480 -
568 1444 609 1494 46.
627 1455 720 1508 urpuer
735 1442 764 1494 E.
780 1469 809 1480 -
822 1443 863 1494 98.
876 1443 1027 1494 Deiunctum
1043 1445 1107 1494 Lex
1123 1446 1249 1508 quattuor
1266 1445 1348 1496 Codi-

325 1520 410 1572 cibua.
430 1521 543 1582 (Utres,
563 1520 645 1570 nostri
662 1522 689 1568 44
708 1519 876 1582 Pettieriani.)
897 1547 924 1556 --
943 1519 1027 1581 euplo
1043 1531 1180 1584 superscr.
1198 1521 1286 1584 imples
1302 1521 1345 1572 cd.

293 1696 373 1750 Laod.
387 1700 416 1758 4,
437 1697 469 1747 49
486 1695 564 1760 444444,
577 1709 604 1760 p.
617 1694 666 1759 ll:
685 1696 816 1760 Insanum,
853 1695 1005 1759 [4444444444.
1023 1696 1187 1748 Verrem.
1203 1697 1274 1770 4,4,
1292 1698 1334 1748 43.
1351 1725 1378 1736 -

292 1773 448 1824 inmundam
471 1777 617 1834 turpemque
642 1771 721 1821 4444444
742 1771 817 1833 popt-
855 1770 966 1834 44444444]
983 1773 1013 1821 ut
1035 1769 1077 1820 illa
1095 1771 1164 1832 Gopu
1184 1772 1288 1832 8444444
1304 1779 1381 1836 cupiat

291 1861 360 1898 acm.
387 1873 416 1884 -
441 1847 574 1908 lnamuut]
596 1847 625 1894 ut
642 1844 703 1896 alibi
726 1844 818 1895 dicunt
855 1845 937 1895 444444
967 1845 1085 1896 4444444444
1117 1847 1227 1907 44444444,
1257 1849 1284 1897 44
1312 1847 1379 1898 cod.

292 1925 402 1973 tumuere
417 1927 523 1984 nutum,
545 1926 680 1982 4444444444,
701 1920 818 1983 444444444-
854 1918 986 1970 Theodos.
1005 1919 1038 1980 9,
1063 1921 1096 1980 4,
1120 1922 1145 1970 4.
1169 1934 1195 1985 p.
1213 1922 1271 1972 640.
1296 1923 1378 1985 ilua:

292 2011 361 2059 4444,
380 1998 419 2047 slo
436 1996 464 2047 h.
477 1996 493 2046 1.
507 1997 541 2046 (44
554 1997 609 2046 acri
626 1995 773 2055 desiderio,
789 1996 819 2044 ut
853 1994 971 2044 4444444444
987 2007 1128 2056 ammonae,
1151 2008 1217 2057 puae
1232 1997 1382 2058 plenaeque

293 2073 398 2122 Lucret.
421 2072 449 2133 4,
475 2071 521 2121 ts:
551 2069 669 2120 Omnibus
697 2071 819 2120 4444444444
853 2068 910 2129 ipra
927 2068 1076 2142 potantibus
1098 2069 1306 2132 intemperantiae
1320 2073 1382 2122 uiae

217 2131 221 2147 '
292 2144 819 2208 murmuratricem-nu
850 2145 969 2206 44444444,Ι
993 2145 1382 2210 nummulariorum

292 2222 373 2286 putud
392 2219 638 2284 «quemadmodum
655 2221 683 2268 tu
696 2219 818 2268 contem·
853 2220 922 2269 rctto
942 2233 994 2268 uon
1016 2220 1164 2282 4444444444.
1185 2249 1213 2258 -
1230 2222 1270 2271 Ad
1290 2223 1383 2286 strept-

292 2297 360 2359 ptim
375 2296 477 2344 vocitas
490 2292 630 2357 praedium
643 2305 762 2342 meum.»
775 2292 818 2343 Sic
854 2293 915 2357 turn]
928 2293 979 2344 «ed
992 2293 1071 2344 tibine
1082 2296 1192 2345 cantum
1204 2297 1381 2360 crepitantem

294 2367 416 2418 Sidonius
427 2365 510 2430 Apoll.
523 2367 589 2431 Epp.
603 2367 631 2427 4,
645 2367 692 2425 47,
704 2366 750 2416 bl:
768 2366 819 2416 Διι-
855 2369 935 2430 atque
944 2367 1102 2418 absonum.»
1133 2368 1172 2418 Cl.
1187 2369 1235 2421 Od.
1248 2369 1277 2428 4,
1296 2370 1324 2431 3,
1338 2367 1380 2420 49.

292 2442 366 2507 putus
386 2443 432 2492 4444
449 2441 534 2504 placet
551 2439 819 2502 paupertinusque
857 2469 885 2478 -
901 2443 980 2492 sullae
994 2443 1082 2507 procia
1092 2443 1183 2506 444444]
1198 2443 1381 2506 «4444444344-

292 2529 409 2568 racemus.
439 2517 531 2566 iocose
549 2519 640 2565 autem
656 2515 732 2565 dicit:
755 2517 818 2565 usn-
855 2517 925 2565 stem
950 2517 977 2566 lu
1002 2517 1113 2568 modum
1139 2520 1238 2568 terram
1266 2517 1381 2582 pedibus

293 2593 387 2643 binum
404 2590 519 2641 laturum
537 2601 597 2640 4444
615 2587 716 2640 facilius
737 2590 817 2640 etiam
855 2588 977 2653 pulsans,
990 2591 1169 2656 4444444449,
1185 2592 1284 2654 pluunp.
1306 2593 1337 2642 A.
1350 2593 1380 2641 Ρ.

293 2667 371 2730 piper
382 2667 409 2716 et
420 2665 482 2716 thus
494 2677 576 2728 quarn
587 2664 709 2726 vinump»
727 2663 754 2715 id
766 2667 816 2726 444,
855 2663 919 2714 tao:
938 2665 1022 2727 444444,
1041 2668 1127 2718 tundet
1134 2668 1197 2729 pede
1207 2671 1311 2717 terrum.
1331 2667 1381 2717 Ce-

293 2741 386 2791 vinum
406 2751 516 2804 prorsus
538 2741 662 2803 negatum
686 2751 747 2790 4444
770 2739 819 2789 Sa-
855 2740 944 2790 terum
955 2739 1107 2791 huiusmodi
1119 2739 1336 2791 deliciaeavillci
1344 2741 1382 2792 ol·

293 2816 371 2876 bino,
389 2819 420 2865 nt
435 2815 514 2878 piper
531 2818 559 2864 et
576 2815 637 2866 lbna
653 2816 701 2866 toti
718 2813 817 2874 ltaliae;
856 2813 916 2863 licio
939 2827 1021 2878 quam
1046 2817 1162 2866 maxime
1187 2814 1379 2867 abhorrebant.

294 2891 372 2942 nimis
390 2890 461 2940 enim
479 2889 603 2953 trigidum
620 2891 678 2940 erat
695 2887 762 2940 illins
773 2901 820 2940 so-
856 2887 1001 2940 Columella
1014 2891 1059 2950 44,
1079 2894 1089 2942 4
1104 2929 1110 2948 ,
1130 2889 1175 2940 ts:
1193 2891 1280 2940 sonunt
1296 2891 1383 2941 444444

294 2965 350 3015 lum
375 2966 403 3014 44
426 2975 554 3029 opacum,
581 2975 664 3027 quarn
680 2966 710 3013 ut
726 2963 818 3012 vitium
855 2963 887 3012 444
903 2963 1125 3013 44444444444444444
1142 2962 1260 3025 (viliam).
1276 2965 1383 3014 --litet

294 3037 397 3090 cultum
405 3036 542 3088 ibllocum
555 3037 675 3088 haberet.
693 3037 817 3101 (etEpp.
855 3037 932 3086 444444
954 3038 986 3086 444
1001 3051 1020 3086 o
1034 3038 1145 3088 44444444
1161 3038 1290 3088 omniurn
1306 3050 1382 3088 4444·-

295 3115 324 3176 4,
343 3112 383 3162 tu.
408 3113 484 3176 init).
513 3110 580 3161 Vino
605 3112 683 3174 igitur
708 3112 735 3160 in
760 3111 819 3161 beri
855 3112 1089 3173 rus;--pre'enur
1105 3113 1219 3162 4444444444
1232 3113 1383 3176 44444444-

295 3187 377 3240 londo
393 3190 456 3238 nato
477 3188 516 3237 uti
536 3199 589 3237 non
606 3189 711 3252 poterat
726 3185 819 3237 vilicus
855 3187 887 3236 444
902 3186 1060 3250 pupulum
1076 3187 1225 3249 enenvplueu.

295 3275 346 3314 nec
362 3275 447 3329 prope
465 3265 522 3312 4444
539 3261 659 3313 uberae.
689 3262 753 3326 (4444
769 3275 819 3310 au-

295 3341 350 3390 tem
373 3337 496 3388 Sabinum
515 3337 564 3387 0d.
586 3339 614 3397 4,
632 3337 678 3396 44,
698 3339 721 3386 4.
749 3337 819 3402 peta·-
889 3333 978 3385 44-30.
1004 3339 1028 3384 44
1044 3336 1201 3400 moncel]
1219 3337 1381 3399 «Ettamen,

295 3417 352 3464 tum
368 3425 428 3464 ease
440 3412 546 3475 poterat
557 3425 590 3461 ex
601 3410 652 3461 alio
664 3410 753 3475 aliquo
764 3411 820 3474 agri
856 3421 919 3459 cum
937 3406 1038 3460 deliciis
1054 3408 1105 3460 44444
1122 3405 1251 3461 tuberone
1271 3411 1318 3461 tibi
1336 3423 1383 3462 ca-

296 3486 386 3538 Sabini
402 3486 508 3548 tractu.)
519 3513 547 3523 -·
560 3486 622 3549 44444]
635 3486 820 3550 scriptumest
856 3483 972 3537 rendum
989 3484 1038 3545 444,
1057 3483 1229 3536 nibilominus
1248 3487 1287 3549 (ut
1303 3489 1331 3535 tu
1344 3486 1384 3535 ln-

296 3564 415 3619 sincera,
428 3563 502 3611 certe
514 3561 540 3610 in
551 3558 657 3610 duabus
668 3562 819 3623 augusteos
855 3556 1045 3620 dignabundns
1054 3559 1131 3621 queri
1143 3557 1221 3620 soles)
1237 3571 1332 3622 graves
1343 3557 1383 3609 ln·

295 3635 388 3687 aetatis
416 3633 631 3699 inscriptionibus
655 3633 727 3698 apud
755 3633 819 3684 lehn
856 3631 937 3684 bores
951 3635 1090 3698 snscipera
1102 3634 1197 3696 debes,
1211 3639 1240 3685 nt
1250 3634 1383 3699 ligonibus

296 3712 447 3776 (specimen
464 3722 490 3775 p.
507 3710 558 3772 48.)
580 3707 634 3759 duo
655 3711 718 3758 sunt
739 3707 820 3758 Tnv-
856 3721 920 3758 arva
931 3707 977 3758 diu
989 3707 1111 3771 neglecta
1123 3721 1248 3761 versare»
1260 3712 1312 3760 cet.
1325 3711 1382 3760 Non

296 3786 391 3836 unali.
427 3785 524 3834 Contra
550 3783 577 3832 in
601 3783 673 3850 Actis
697 3781 820 3832 Fratrum
856 3783 913 3833 sine
932 3784 1005 3833 certa
1023 3783 1140 3847 quadam
1157 3783 1383 3835 malitiaennme-

296 3858 430 3910 Arvalium
452 3869 561 3921 semper
583 3859 625 3908 444
646 3861 693 3907 tua
727 3855 765 3907 ci.
785 3857 820 3906 ad
856 3857 897 3906 rat
921 3858 1011 3908 omnia
1036 3871 1118 3922 opera
1142 3860 1258 3920 44444444,
1285 3857 1383 3923 quibas

297 3933 387 3992 out,
406 3933 450 3993 49,
470 3932 510 3983 44.
535 3958 562 3968 -
586 3933 637 3982 Nec
656 3931 741 3982 444444
757 3934 819 3995 cet]
856 3932 939 3984 bomo
955 3933 1005 3982 iste
1023 3933 1236 3984 stichusvacare
1254 3931 1380 3984 debebat.

297 4007 416 4058 Taberna
442 4006 512 4058 nulla
537 4010 595 4057 erat
620 4007 645 4057 in
667 4007 818 4068 4444444444,
858 4033 887 4044 -
904 4007 988 4071 seper]
1006 4005 1099 4057 Tibull.
1113 4009 1142 4068 4,
1156 4008 1181 4068 9,
1193 4009 1224 4057 8:
1243 4009 1275 4058 444
1291 4009 1384 4058 dum

297 4081 359 4146 quin
375 4081 472 4132 lundua
490 4083 548 4132 4444
564 4079 708 4140 solitariam
728 4083 820 4132 contra
856 4087 940 4132 444444
961 4083 1070 4132 4444444444
1092 4087 1165 4146 urpet
1190 4095 1260 4146 opus.
1283 4109 1312 4120 -
1333 4095 1384 4132 noa

296 4157 319 4204 44
335 4168 398 4219 uper
414 4157 548 4207 4444444444
566 4155 636 4206 naun
655 4161 679 4206 44
699 4161 820 4219 opportu-
855 4161 926 4207 tactu
942 4156 1005 4222 cet]
1023 4159 1144 4208 Precan'n
1163 4158 1206 4209 blc
1222 4171 1331 4222 quoque
1347 4159 1385 4207 vi-

296 4242 344 4279 uua
368 4230 508 4280 4444444444
536 4231 615 4292 wne,
649 4231 822 4296 44444444444
857 4230 937 4281 detur
960 4229 1153 4294 Dillenbnrgen'
1182 4231 1382 4296 interpretatio:

298 4303 418 4356 4444444444
434 4305 602 4366 deterserim,
628 4317 694 4366 uuae
713 4311 820 4356 antu
857 4305 975 4356 «intacto
988 4305 1111 4368 llpoeibur
1125 4319 1191 4356 uruu
1206 4304 1385 4372 propterbel·
