3174 4974
607 465 668 514 Llll.
687 465 706 512 1.
743 463 840 514 EPlS'l'.
858 465 923 516 xlii.
988 422 995 430 ·

273 620 432 687 llandabo
455 620 565 696 siccis,
590 621 729 686 adimam
750 628 879 686 4444444
903 620 1042 686 severis:

273 744 342 808 Hoc
364 740 456 807 simul
480 741 576 814 edixi,
604 761 669 807 non
692 761 864 808 cessavere
886 747 1001 828 poetae

271 866 432 930 Nocturno
455 873 579 930 certare
600 883 706 940 mero,
730 873 843 950 putere
866 861 992 928 diurno.

272 983 370 1066 Quid,
396 984 423 1049 si
445 984 519 1072 quis
541 983 628 1050 voltu
650 993 741 1050 torvo
762 983 849 1050 ierus
872 992 904 1049 et
924 982 1009 1070 pede
1032 984 1120 1050 nudo

272 1105 479 1192 Erigoneque
502 1108 595 1192 togae
618 1105 747 1172 simulet
768 1114 892 1172 textore
915 1103 1083 1183 Catonem,

262 1277 290 1326 44
306 1276 373 1326 Fene
389 1277 439 1325 An.
459 1278 489 1324 Α.
508 1287 523 1324 4
541 1287 596 1324 sec.
615 1287 652 1326 m.
671 1275 711 1338 <ot
727 1287 785 1336 noe,
804 1275 858 1324 SEo
875 1279 902 1324 et
918 1289 958 1339 pr.
976 1275 1015 1336 b.)
1036 1299 1062 1312 -
1080 1275 1283 1340 4441444044-

262 1351 325 1409 4444,
345 1349 458 1399 44444444
480 1361 624 1412 operarum
648 1362 754 1408 errore;
777 1361 840 1398 nem
860 1349 888 1399 in
908 1351 1107 1401 Commentario
1124 1349 1207 1402 hebet
1221 1367 1280 1404 non.

264 1451 291 1460 -
311 1423 351 1473 to.
370 1435 418 1484 444
434 1433 489 1472 om.
508 1422 537 1471 E.
557 1447 586 1458 -
605 1423 717 1486 textore]
743 1427 861 1485 44444444
876 1422 994 1474 malebat
1011 1425 1157 1487 cruqnins,
1184 1431 1283 1478 44444444

262 1496 422 1548 Praedilrow.
441 1496 554 1559 (lituos,
574 1498 657 1547 444444
673 1501 701 1547 44
718 1498 833 1548 Pottierii
849 1499 962 1560 omnes.)

230 1647 396 1697 scribonium
408 1646 537 1696 Libonem
549 1645 751 1711 amplectemur,
791 1647 872 1708 Quid,
899 1647 971 1711 qnod
989 1647 1106 1698 nonnulli
1131 1650 1314 1714 prnelerentee

229 1721 274 1784 qui
295 1723 352 1770 ser.
380 1718 477 1770 Gelbne
501 1722 615 1770 mnxlme
641 1733 753 1771 444444-
790 1718 932 1771 lectionem
949 1722 1028 1771 444444
1044 1721 1078 1771 de
1096 1724 1248 1774 4444444444
1266 1738 1314 1775 oo-

230 1796 300 1844 tione
319 1807 343 1844 4.
365 1807 391 1843 4.
412 1808 435 1844 4.
461 1793 518 1844 ott.
537 1793 694 1856 luctarum.)
723 1821 750 1829 -
790 1794 924 1857 gitabnnti
938 1797 1106 1846 -Noetumo
1124 1797 1186 1860 444]
1203 1797 1315 1849 Adver-

229 1867 355 1918 4144444444
377 1868 458 1930 neon]
483 1868 586 1918 Futuris
603 1869 696 1927 utitur,
723 1869 753 1916 44
790 1867 866 1918 siculi
879 1881 975 1919 sonum
987 1869 1021 1919 nl.
1035 1871 1143 1934 Eppt,
1162 1872 1191 1932 4,
1211 1873 1256 1923 444
1274 1874 1314 1923 lo-

229 1943 314 1994 iecete
323 1943 442 1993 imitetur
450 1941 576 1993 termulae
585 1942 663 1992 edicti
675 1955 752 2006 pree·
789 1947 827 1990 ter
842 1943 939 1992 Peliden
959 1943 1060 2005 (attinnt
1075 1949 1100 1994 et
1119 1945 1185 1994 inter
1201 1945 1311 1996 444444.

229 2019 302 2068 toris.
321 2018 573 2067 Cie.Verr.Accue.
588 2016 749 2077 4,44,4434
789 2017 819 2065 Α.
833 2016 860 2064 Ρ.
873 2016 936 2065 269:
963 2017 1094 2067 Nocturna
1109 2023 1206 2069 verente
1221 2031 1312 2081 mortu,

228 2092 285 2141 Nec
311 2103 466 2142 rnrrrronnrr
490 2103 541 2142 4444
566 2103 752 2142 roeenesmrrenr
787 2094 885 2139 versate
901 2089 1002 2139 4444444.
1019 2097 1157 2142 -certare
1171 2093 1250 2158 mero]
1263 2094 1311 2144 Od.

228 2179 300 2217 4444.
327 2165 453 2223 444445,
473 2165 533 2215 tlt:
552 2166 753 2216 8444444444-
789 2163 818 2224 4,
838 2166 867 2224 4,
887 2164 932 2214 344
960 2165 1011 2214 Nee
1031 2170 1131 2216 certare
1147 2167 1218 2216 44444
1233 2181 1311 2219 mero.

227 2253 304 2291 444444
320 2251 640 2290 resrrnrnnrrrorrssrnmr
649 2251 754 2290 nosses-
790 2263 819 2274 -
844 2239 942 2303 putere]
970 2241 1114 2300 rteeien,
1142 2254 1169 2291 v.
1196 2242 1313 2294 odioslus

227 2326 322 2366 srennrr
337 2327 411 2364 4444.
442 2314 540 2363 «844444
556 2315 642 2376 igitur,
660 2313 752 2364 abste-
790 2325 872 2375 quem
882 2327 908 2362 v.
922 2315 946 2363 5.
958 2314 1035 2376 olere,
1058 2315 1169 2376 duston.
1189 2316 1229 2366 Cl.
1242 2318 1313 2368 ller-

229 2389 297 2438 mioe
316 2387 353 2450 (ut
370 2387 417 2438 Od.
440 2390 470 2448 4,
489 2387 534 2448 48,
553 2387 588 2450 3.)
610 2386 690 2438 44444
712 2389 751 2437 444
789 2385 842 2437 4444.
856 2388 884 2448 4,
900 2387 1313 2455 29:110rtemosoeteremeroqut

228 2461 331 2514 lenebri
347 2473 458 2522 444444,
478 2463 577 2526 quippe
590 2463 751 2526 quipoetico
788 2460 867 2511 444444
882 2461 1016 2524 Acerram,
1042 2463 1165 2515 Fallitur:
1191 2467 1218 2516 in
1234 2467 1313 2516 tueem

228 2551 309 2589 sensu
327 2537 464 2587 careant.»
493 2536 533 2586 Ad
555 2537 705 2588 causidicos
725 2539 752 2586 et
788 2548 885 2596 seniper
900 2536 996 2586 Acerra
1012 2537 1078 2588 44444.

227 2615 284 2663 4444
307 2609 441 2662 consultos
463 2611 552 2660 minus
573 2613 647 2660 reete
670 2611 752 2661 relert
823 2609 1161 2673 t2·it.volmwrvo]1³tut.
1175 2614 1232 2664 Cet.
1246 2615 1310 2666 min,

229 2687 383 2752 Porphyrio.
396 2686 547 2735 -4444444
563 2687 677 2747 contere]
696 2697 753 2734 «ee-
790 2684 818 2734 t:
847 2681 968 2748 Λέγεται
992 2681 1023 2734 δὲ
1045 2680 1148 2734 Κάτων
1170 2680 1258 2749 εὐθὺς
1279 2688 1311 2738 ἐκ

227 2773 292 2810 vere
309 2759 479 2820 interdicam,
499 2773 533 2809 ne
543 2760 668 2822 44444444
680 2771 753 2808 4444-
789 2753 904 2807 παιδίου
922 2755 957 2826 τῇ
974 2773 1005 2806 re
1022 2756 1105 2828 φωνῇ
1117 2760 1166 2809 nat
1178 2757 1217 2826 τῷ
1234 2775 1313 2830 npe-

227 2835 352 2898 ponent.»
374 2857 401 2870 -
420 2835 519 2895 tenete]
541 2834 602 2896 «qui
623 2832 658 2882 nh
679 2832 752 2882 omni
789 2823 1033 2896 σώπῳ--ἧθος
1051 2827 1223 2894 ὑποφαίνειν
1233 2827 1313 2906 44444-

228 2907 290 2959 ludo
328 2909 442 2972 iocoque
478 2907 660 2968 abhorrent,»
697 2906 752 2956 444
789 2917 861 2954 κτον
877 2906 927 2955 καὶ
944 2900 1055 2967 ἀπαθὲς
1072 2907 1123 2956 καὶ
1143 2905 1265 2967 βέβαιον
1281 2907 1312 2960 ἐν

228 2983 379 3034 6444444444.
789 2975 887 3029 πᾶσιν.
907 3005 936 3016 -
951 2982 1015 3042 pede
1031 2981 1107 3044 44444]
1125 2979 1190 3031 Plut.
1204 2981 1267 3032 ibld.
1281 2983 1309 3033 6:

261 3058 301 3109 40.
327 3059 366 3107 tt.
396 3057 472 3120 444444]
498 3059 650 3120 «tamquam
671 3067 751 3119 pree·
788 3049 934 3116 Πολλάκις
950 3051 973 3102 δ’
992 3048 1172 3121 ἀνυπόδητος
1189 3051 1313 3117 καὶάχὶ-

227 3135 294 3182 444.»
324 3131 419 3192 Soti,
438 3132 468 3192 4,
486 3132 528 3181 tt.
550 3127 752 3192 ltiliertellqnn-
788 3141 845 3178 των
862 3129 904 3189 εἰς
920 3123 955 3177 τὸ
971 3124 1115 3192 δημόσιον
1132 3127 1234 3200 προῄει
1250 3135 1310 3195 μετ’

228 3209 305 3256 tenue
322 3204 419 3268 Virgilii
437 3206 491 3268 (Ge.
505 3204 534 3266 3,
553 3204 620 3264 494.)
639 3201 702 3253 illud
716 3203 750 3252 de
788 3194 918 3271 ἄριστον.
939 3229 968 3238 -
992 3202 1097 3267 tentore]
1122 3206 1313 3255 vermittettt

227 3278 564 3343 qnednmdoetrineedtco.
595 3277 694 3341 Lepide
706 3289 752 3330 44-,
788 3277 837 3326 dee
854 3276 988 3335 Wolters,
1011 3277 1064 3326 mit
1084 3278 1176 3341 Httlfe
1200 3280 1312 3329 4444444-

228 3356 283 3404 tem
299 3352 406 3404 simulet
422 3365 529 3413 omnes,
549 3353 594 3416 qni
612 3355 669 3402 tum
685 3355 751 3414 pott-
788 3349 852 3410 bem
879 3363 956 3402 reum
979 3353 1065 3401 textor
1081 3353 1204 3415 exiguam
1220 3355 1310 3416 togam

228 3431 315 3478 444444
343 3438 442 3477 nomen
469 3425 639 3486 4444444444,
668 3424 750 3488 ipsine
788 3425 946 3484 coniecerit;
969 3427 996 3476 in
1019 3427 1094 3478 onius
1113 3428 1191 3490 igitur
1210 3427 1311 3491 opilleie

226 3501 412 3552 auctoritatem
429 3497 563 3563 extemplo
579 3500 687 3550 secutos
706 3510 751 3548 ee·
787 3501 919 3564 potestate
931 3499 1011 3550 situm
1028 3503 1083 3562 est,
1109 3503 1200 3551 utrum
1222 3504 1251 3551 tn
1273 3499 1312 3550 nl-

226 3589 269 3636 44,
297 3575 373 3638 quael
399 3587 464 3624 vero
486 3573 569 3637 ipsius
592 3573 679 3623 edicto
700 3571 751 3622 oh·
789 3579 829 3624 ter
854 3575 919 3625 Cato
944 3575 1058 3625 videaris
1076 3577 1229 3627 4444444444
1247 3587 1313 3626 nec·

226 3650 406 3714 temperantes
431 3647 514 3698 mutto
542 3648 750 3712 praestantiores
788 3663 848 3700 ne.»
874 3647 1010 3700 Ablelivus
1030 3648 1237 3700 instrumentalis
1248 3662 1312 3713 per-

227 3723 374 3774 4444444444
395 3725 499 3787 po'e'tee.
529 3723 597 3772 Cum
614 3723 673 3772 ioco
691 3723 751 3770 ute-
787 3736 870 3775 44444
887 3735 972 3787 prope
990 3724 1094 3788 utEpp.
1108 3725 1137 3783 4,
1152 3724 1179 3784 4,
1193 3722 1240 3773 et:
1258 3729 1313 3773 ton·

227 3801 282 3859 tur,
300 3798 384 3858 44444,
403 3795 491 3856 utili,
514 3795 632 3846 nonnulli
654 3809 750 3859 perum
786 3811 842 3847 sore
862 3801 977 3858 4444444,
1005 3798 1055 3846 niel
1077 3796 1150 3861 quod
1171 3796 1208 3846 ihi
1229 3797 1312 3860 parti-

225 3871 401 3936 intelligentes
427 3872 523 3922 lrnstre
546 3870 748 3933 quaesiverunt,
788 3873 886 3934 cipinm
906 3869 1068 3932 adiungitur,
1095 3872 1124 3919 ut
1146 3871 1168 3920 si
1190 3870 1217 3919 4.
1231 3868 1248 3920 l.
1269 3870 1311 3920 di-

226 3945 272 3996 nbi
289 3946 341 3996 hoo
358 3944 476 3996 edictum
493 3944 670 4008 proposuerit.
700 3945 751 3992 No·
787 3945 881 3996 risset:
908 3948 1006 3994 tentore
1024 3945 1132 3994 44444444.
1162 3943 1245 4006 volgo
1263 3957 1311 3995 ex-

226 4022 282 4070 4444
298 4018 378 4070 144444
390 4019 481 4070 nititur
492 4017 569 4068 bonis
582 4016 666 4067 Codd.
678 4013 750 4080 apud
786 4016 885 4083 plicant
905 4018 1023 4082 positum
1044 4030 1093 4081 pro
1110 4021 1223 4080 4444444,
1251 4031 1311 4068 mo-

225 4093 407 4154 Torrentium‚
435 4093 528 4152 Feem,
551 4091 706 4142 Pettierium
723 4092 751 4140 et
787 4089 822 4140 do
842 4095 925 4140 temtor
944 4090 971 4140 4.
990 4088 1006 4139 l.
1026 4089 1169 4142 formatum
1186 4093 1311 4155 44444444

227 4169 332 4218 nortris.
363 4169 460 4218 Contra
478 4167 523 4230 qui
540 4164 604 4216 olim
626 4163 751 4229 legebant
787 4165 825 4216 uti
842 4169 929 4225 tenor,
947 4177 1038 4226 tepor,
1056 4177 1163 4215 antoror
1178 4167 1229 4216 cet.
1259 4167 1310 4216 Ve-
1409 4221 1411 4230 ¹

225 4243 314 4302 444444,
332 4243 399 4293 mire
417 4239 583 4292 4444444444
599 4240 669 4290 inter
684 4241 750 4291 Cra-
786 4251 847 4289 rum
868 4239 910 4288 est
934 4239 1021 4302 potius
1038 4236 1144 4302 ablativi
1160 4241 1245 4291 rerim
1262 4253 1310 4304 ge-

226 4317 323 4380 tinum,
343 4317 469 4377 Ennium,
492 4313 619 4366 liberum
635 4317 748 4379 petrem.
787 4326 849 4374 nus,
872 4315 902 4364 ut
917 4311 969 4364 hoo
985 4311 1041 4364 iere
1063 4313 1204 4378 significet:
1231 4327 1309 4366 «enm
