3116 4968
593 431 653 482 Lis.
671 431 702 482 ii.
740 433 807 482 sni.
826 431 846 482 1.
1203 429 1266 498 203

221 587 253 653 Si
276 585 360 652 mala
382 585 564 654 condiderit
586 588 618 651 in
641 607 739 674 mem
760 588 842 674 quis·
857 587 1013 666 carmina,
1039 588 1089 654 ius
1111 599 1160 655 est

221 707 455 796 Iudiciumque.
500 708 591 785 Esto,
615 707 642 775 si
665 709 738 796 quis
759 708 860 787 mala3
883 707 944 775 sed
964 709 1050 776 bona
1072 710 1099 777 si
1121 710 1195 798 quis

220 829 331 898 iudice
352 829 535 898 condiderit
553 828 704 896 laudatus
726 829 890 898 Caesare?
911 831 939 897 si
961 831 1035 918 quis

221 951 416 1041 Opprobriis
438 953 571 1040 dignum
593 952 769 1030 latraverit,
794 953 918 1040 integer
939 951 1033 1040 ipse?
1223 955 1265 1020 85

222 1073 394 1141 Solvuntur
414 1073 483 1140 risu
506 1071 647 1152 tabulae,
672 1084 705 1139 tu
727 1073 845 1142 missus
867 1073 981 1142 abibis.

243 1244 284 1296 si.
302 1245 425 1294 Matre
439 1243 603 1308 hscp,LCtF.
623 1245 765 1308 (cruquius
775 1246 866 1296 amen
877 1243 1002 1311 praetulit
1010 1245 1141 1308 lacrimas,
1159 1247 1232 1310 qued

212 1334 244 1370 ex
260 1321 340 1371 huius
358 1317 524 1383 aliorumque
539 1319 623 1370 Codd.
643 1322 670 1369 et
681 1333 721 1384 pr.
734 1334 751 1368 ν
766 1320 870 1384 recepit
886 1319 1019 1370 Bentleias
1036 1323 1064 1371 et
1080 1321 1132 1380 ως
1151 1323 1232 1385 atque

211 1396 249 1445 sic
266 1394 383 1444 Pottierli
400 1395 516 1457 novem.)
537 1418 564 1430 —
588 1395 629 1445 85.
649 1393 788 1456 opprobrio
805 1394 890 1445 Codd.
909 1393 1018 1459 aliquot.
1037 1425 1065 1432 -
1084 1397 1234 1447 laceraverit

211 1483 226 1520 e
239 1469 323 1520 Codd.
336 1467 436 1532 aliquot
446 1468 565 1520 Lambini
577 1468 723 1530 Bentleius,
740 1468 872 1532 probante
884 1468 1096 1521 Mitscherlichio.
1119 1471 1233 1534 (Habent

210 1544 343 1594 waoett
358 1542 430 1608 bscp
448 1545 475 1593 et
491 1543 608 1594 Pottierti
625 1555 720 1594 omnes
736 1546 845 1606 praeter
860 1557 944 1596 unum
961 1547 992 1596 N.
1012 1546 1062 1608 vo.)

178 1677 229 1726 eet.
259 1674 450 1737 immensu.)
479 1701 506 1710 —
526 1677 673 1724 sanctum
689 1699 704 1710 -
741 1675 863 1726 ctoritme
881 1677 1011 1729 adversus
1030 1678 1136 1743 iniquos
1153 1690 1217 1729 suos
1234 1691 1264 1730 se

176 1749 272 1814 lecim
295 1747 352 1800 Noli
377 1745 509 1813 explicare
528 1760 591 1798 cum
608 1749 703 1799 linter·
741 1751 827 1800 munit
843 1763 875 1800 ac
891 1753 1000 1801 tutatur.
1015 1779 1043 1789 —
1055 1751 1196 1816 latraverit]
1214 1766 1264 1818 pro

178 1823 303 1876 holznero
315 1822 387 1887 apud
403 1822 595 1874 Heindorfium:
623 1836 704 1888 «qua-
742 1821 942 1875 sallatmverit.»
970 1825 1032 1887 (Liv.
1054 1824 1098 1887 38,
1125 1826 1170 1877 ot:
1203 1827 1265 1878 Cato

176 1913 235 1950 rum
263 1898 504 1962 transgressionem
535 1899 624 1949 statim
657 1909 703 1950 se·
739 1897 870 1948 allatraott
896 1899 1020 1962 Sdptoais
1045 1901 1264 1968 mapav'tudiaem.)

176 1975 266 2039 quitur
289 1986 392 2038 poena,
425 1975 468 2032 ut,
498 1973 544 2037 qui
569 1984 614 2024 eas
642 1973 702 2024 vio-
739 1973 953 2038 Coni.Epod.5,
972 1975 1012 2025 58.
1043 1977 1151 2039 Eppi,
1170 1979 1199 2038 Ξ,
1219 1979 1262 2029 66,

175 2049 250 2108 larit,
283 2061 362 2098 sacer
391 2045 459 2098 illico
489 2047 535 2097 fiat
559 2049 604 2098 aut
632 2047 702 2098 inte·
739 2049 781 2098 esi
808 2049 834 2099 in
862 2047 942 2100 talem
974 2051 1111 2102 hominem
1142 2053 1264 2104 invectus

175 2122 307 2183 stabiliam
334 2123 383 2174 sed
406 2125 446 2173 est
467 2135 572 2174 merum
590 2123 701 2173 adiecti·
738 2123 818 2184 crito
836 2123 864 2174 id
881 2123 954 2187 quod
966 2125 1046 2174 etiam
1063 2127 1121 2176 iure
1133 2126 1191 2177 fleri
1202 2129 1263 2192 pot-

174 2211 250 2258 rum,
265 2210 320 2248 non
332 2197 514 2261 participium:
532 2210 617 2261 «quae
628 2211 702 2250 sum·
736 2199 787 2248 est.
806 2197 892 2250 Minus
901 2200 1030 2250 concinna
1040 2203 1083 2251 est
1092 2199 1176 2250 altera
1184 2200 1263 2252 lectio

174 2285 217 2324 ma
229 2272 381 2322 reverentia
392 2271 486 2335 dignas
498 2272 702 2336 mucisqueob-
736 2271 900 2336 iaceraven't,
927 2274 1001 2337 quod
1023 2287 1133 2339 semper
1150 2277 1192 2326 est
1212 2276 1263 2327 ho-

174 2346 324 2398 servandae
351 2348 439 2398 sunta
465 2373 493 2384 -
516 2349 624 2410 malim]
650 2361 700 2413 pro
736 2348 815 2399 minis
829 2348 913 2412 iniqui
924 2361 956 2400 ac
973 2347 1109 2410 malitiosi,
1128 2362 1217 2413 neque
1234 2351 1262 2402 h.

173 2423 319 2484 inscientia,
339 2421 411 2485 quod
427 2436 454 2472 v.
466 2424 554 2474 metro
571 2423 700 2474 adversa·
736 2421 754 2473 1.
768 2421 843 2484 aliud
857 2425 898 2475 est
915 2424 964 2475 nisi
981 2421 1115 2488 glossema
1132 2424 1167 2475 ad
1183 2439 1209 2476 v.
1222 2426 1264 2475 ia-

174 2497 262 2548 batur.
294 2496 370 2547 Cous.
389 2497 476 2560 Reisig
491 2497 547 2548 lat.
567 2498 698 2560 Spraciw.
736 2497 850 2547 traverit.
885 2498 990 2548 Acron:
1019 2497 1180 2562 «latraverit,
1199 2498 1264 2550 alla-

174 2585 199 2636 p.
219 2571 276 2622 trs.
303 2597 333 2608 -
356 2571 385 2621 Si
406 2570 477 2620 niatu
499 2571 562 2635 cet]
586 2571 643 2624 Vid.
665 2571 701 2623 ad
737 2572 860 2632 traverit,
878 2570 1061 2624 laceraverit.»

174 2647 239 2712 Epp.
252 2647 283 2706 2,
304 2646 332 2708 l,
351 2647 413 2696 ios:
433 2647 580 2709 quinetiam
591 2647 702 2697 leePoe·
771 2646 812 2696 86.
831 2645 1149 2714 Solveretarrisutabalue]
1164 2650 1264 2700 Locum

173 2735 257 2783 seque
273 2722 342 2783 lata,
367 2721 436 2772 mato
458 2735 525 2784 quae
544 2723 619 2772 nollet
640 2735 702 2773 ear·
738 2720 872 2772 difficilem
892 2721 993 2785 optime
1015 2723 1079 2773 mihi
1101 2723 1207 2775 videtur
1223 2727 1265 2776 in-

173 2799 239 2847 evirse
256 2797 538 2859 qumqumDeerioi.
551 2799 702 2850 -eoedlde-
738 2798 900 2859 terpretatus
922 2809 983 2847 esse
1005 2798 1129 2849 Matthiae
1152 2800 1186 2850 ad
1208 2802 1263 2852 Cic.

174 2872 221 2936 rit]
240 2873 279 2922 De
297 2874 434 2935 postrema
452 2871 555 2935 syllaba
569 2873 700 2937 producta
738 2883 787 2935 pro
804 2872 882 2922 Rosa.
895 2871 954 2921 Am.
968 2870 992 2935 fi.
1011 2873 1052 2922 82.
1085 2873 1154 2924 «Cic.
1169 2873 1204 2925 de
1219 2875 1262 2926 0r.

175 2945 701 3007 conisataaia—taeestiaetet-
739 2944 913 3006 sosas&
933 2946 1265 3012 odiosasressaepe,‹1uas

174 3021 280 3082 mae]
298 3018 356 3070 «lex
379 3019 517 3084 (Cornelia)
538 3019 591 3072 iata
611 3025 652 3073 est
674 3026 702 3074 et
738 3021 894 3084 veementis
909 3019 972 3070 diat
987 3033 1038 3070 eoa
1052 3021 1127 3083 [mile
1143 3027 1192 3084 est,
1210 3025 1265 3076 ioco

176 3096 243 3146 ectio
261 3095 417 3145 iniuriarum
434 3096 460 3145 in
478 3108 541 3145 eum
554 3094 657 3146 datur.»
737 3095 841 3156 musve
856 3093 978 3156 descivit,
1002 3093 1037 3146 ad
1058 3095 1168 3146 nihilum
1191 3097 1266 3148 redi·

205 3169 296 3222 83-85.
314 3167 393 3232 mata]
411 3169 534 3220 Horatius
551 3169 645 3222 festive
658 3185 703 3224 ec·
740 3169 788 3231 git,
807 3169 911 3218 evertit.
946 3169 977 3220 ot
994 3169 1037 3218 hic
1055 3169 1149 3220 cicero
1160 3173 1265 3222 resrieu

176 3242 237 3308 cipit
260 3243 295 3293 de
315 3243 416 3294 vitiosis
437 3245 518 3308 atque
540 3245 644 3310 ineptis.
672 3275 700 3283 -
739 3243 870 3298 dissolvere
897 3241 972 3302 dixit,
1000 3243 1038 3294 sic
1063 3243 1186 3296 Horatius
1212 3247 1264 3297 soi-
1309 3305 1313 3314 Ι

175 3319 257 3369 iudice
281 3331 303 3368 c.
328 3318 446 3368 badaias
470 3319 587 3384 Caesare]
612 3319 699 3374 Verba
736 3318 892 3368 centarrisa
907 3317 1022 3379 midae,
1041 3318 1138 3380 idest,
1158 3323 1265 3372 senten·

175 3394 213 3444 sic
224 3393 352 3443 construo
364 3407 370 3442 :
388 3394 416 3443 St
433 3395 489 3454 aab
501 3395 582 3444 iudice
594 3393 702 3447 Caesare
738 3395 790 3444 tiae
802 3391 920 3447 iudicum
932 3393 1060 3456 mitiores,
1073 3391 1188 3446 leniores
1200 3395 1265 3447 flent

175 3467 240 3517 bona
256 3467 374 3518 camnine
385 3469 536 3529 casdim,
555 3467 590 3522 ab
602 3482 635 3519 eo
647 3469 702 3520 lase-
738 3469 806 3530 risu,
825 3469 874 3520 sed
891 3469 1038 3533 respiciens
1055 3468 1133 3520 simul
1151 3469 1186 3522 ad
1200 3483 1265 3536 pro-

175 3543 255 3592 datur.
290 3539 414 3606 Plerique
432 3541 490 3593 ooli.
508 3543 556 3594 Od.
574 3545 603 3604 t,
626 3544 655 3605 6,
674 3545 699 3594 2.
738 3545 824 3607 priam
861 3541 1080 3606 significationem
1116 3545 1264 3597 verborum

175 3618 286 3690 iungupt
301 3617 421 3667 tuam
437 3617 553 3668 &aare
582 3616 700 3669 Alteram
737 3617 800 3668 sotei
828 3619 856 3668 et
882 3617 1007 3671 tabam.»
1055 3618 1162 3668 Tabales
1187 3619 1266 3682 igitur

174 3691 318 3742 lectionem
334 3703 445 3754 prorsus
456 3691 610 3755 ambiguam
626 3689 703 3742 intri-
738 3693 812 3742 idem
833 3691 907 3755 qued
929 3693 956 3742 in
978 3706 1058 3757 prosa
1082 3693 1201 3743 oratione
1223 3695 1265 3744 ta-
1301 3709 1303 3716 ·

174 3769 317 3830 satumque
328 3765 450 3816 taudem
461 3765 630 3831 explicabant
639 3766 699 3818 vel:
738 3764 825 3818 bellae
837 3765 1004 3826 iudiciariae;
1019 3767 1099 3817 latim
1111 3769 1201 3817 autem
1214 3765 1265 3818 looi

175 3844 212 3892 ssi
224 3841 285 3906 quis
297 3840 369 3890 bons
381 3841 529 3892 condiderit
540 3841 626 3892 iudice
636 3843 702 3894 Cae-
738 3841 870 3892 sententis
887 3843 966 3892 haee:
988 3841 1029 3890 «si
1047 3841 1106 3904 quis
1118 3840 1186 3892 adeo
1197 3839 1265 3892 stul-

175 3929 247 3976 sare,
273 3914 308 3965 ab
326 3914 451 3966 omnibus
468 3913 625 3976 laudatum»
644 3915 698 3967 vel:
739 3917 855 3978 luserit,
874 3917 903 3967 at
920 3919 1009 3967 tecum
1026 3915 1182 3966 iniuriarum
1193 3918 1263 3980 agat,

176 3993 215 4042 ssi
241 3989 392 4040 condiderit
404 4017 420 4028 ·
435 4021 451 4031 -
466 3989 589 4041 laudatur
613 3991 700 4044 iudice
739 3992 767 4040 tu
784 4003 833 4054 pro
852 3993 926 4040 certo
938 3987 1106 4040 absolvere.»
1141 3989 1265 4041 Similiter

176 4067 323 4124 Caesarea
350 4063 404 4126 vei,
424 4067 454 4114 at
471 4065 533 4116 fea:
561 4065 598 4116 «si
622 4065 700 4117 iudex
739 4064 879 4129 explicavit
906 4063 1084 4116 Mitscherlicli
1112 4064 1139 4114 in
1169 4064 1263 4116 Prolu-

111 4169 117 4182 ·
175 4139 352 4204 pronuntiarit
377 4139 447 4190 bona
474 4152 534 4192 esse
560 4141 701 4191 carminat
739 4139 814 4190 sione
836 4140 898 4190 suni
921 4139 1009 4200 titia,
1033 4140 1083 4192 nisi
1103 4139 1177 4204 quod
1202 4153 1264 4192 cam

176 4217 232 4265 tum
256 4213 382 4266 laudatur
405 4214 484 4279 po'ets
514 4227 529 4265 a
558 4215 701 4267 Caesare.»
739 4211 869 4265 Lambiuo
891 4213 991 4264 tabulas
1011 4213 1201 4278 interpretatus
1223 4217 1265 4266 est

176 4289 303 4341 Ceterum
319 4289 383 4341 satis
400 4287 494 4341 callide
512 4289 634 4342 caesaris
651 4301 701 4341 aa·
738 4288 820 4353 leges.
855 4290 969 4353 «teges,
995 4289 1093 4355 iuquit,
1118 4287 1265 4342 melecta·
