3156 4972
642 445 701 497 ΗΒ.
721 447 750 496 ii.
786 447 853 498 sni.
872 447 913 498 iv.

278 605 490 690 Nequaquam
513 602 591 668 satis
614 602 646 667 in
669 623 705 670 re
728 625 793 670 una
815 623 1007 671 consumere
1029 623 1156 682 curam,

277 725 317 792 Ut
338 725 364 790 si
387 724 461 812 quis
484 723 589 790 solum
612 722 689 803 boc,
715 723 799 791 mala
821 745 862 792 ne
884 725 947 791 sint
968 725 1055 802 vina,
1079 725 1218 804 laboret,

277 845 372 925 Quali
394 845 565 934 perfundat
586 846 694 934 pisces
716 867 854 913 securus
876 846 970 913 olivo.
1277 852 1318 916 50

276 968 413 1035 Massica
435 969 461 1034 si
485 966 577 1036 eaelo
599 987 766 1055 suppones
789 969 862 1038 vina
885 989 1017 1046 sereno,

275 1091 453 1165 Nocturna,
477 1089 505 1156 si
527 1088 606 1178 quid
628 1090 728 1156 crassi
753 1099 818 1168 est,
842 1090 1028 1158 tenuabitur
1048 1112 1127 1158 aura

275 1211 313 1277 Et
333 1209 471 1278 decedet
492 1210 575 1278 odor
597 1211 705 1277 nervis
727 1211 893 1292 inimicus;
915 1211 1021 1278 stilla

275 1334 437 1420 integrum
459 1331 599 1420 perdunt
619 1331 684 1398 lino
705 1333 813 1400 vitiata
835 1353 995 1422 saporem.

261 1544 322 1582 rasa
338 1532 447 1594 Regium
466 1535 526 1596 post
542 1545 567 1580 v.
586 1533 755 1594 nequaqam
771 1531 946 1584 inserendum
962 1537 997 1583 ost
1013 1531 1055 1583 vel
1072 1531 1215 1596 legendnm
1233 1537 1284 1588 Ns-

263 1619 394 1668 quoqnam
417 1607 480 1655 satis
503 1611 538 1656 est
562 1607 589 1656 to
613 1619 668 1657 rem
683 1619 762 1656 maan
778 1607 903 1658 innumere
919 1621 1008 1658 meam
1024 1609 1120 1660 suadet
1137 1610 1282 1672 Bentleius;

261 1683 324 1732 satis
339 1687 375 1732 eat
392 1695 420 1731 re
437 1683 512 1732 Voss.
533 1709 561 1720 ·-
581 1682 622 1732 nt.
641 1695 767 1744 mppooas
782 1679 925 1744 bematis.
945 1685 1057 1746 (Uinea,
1076 1697 1119 1748 cp.
1138 1686 1293 1748 «Equidem

262 1758 290 1807 in
314 1755 374 1822 plus
400 1757 496 1808 decem
524 1755 722 1820 exemplaribus
746 1769 867 1820 suppones
892 1758 995 1818 inveni,
1025 1772 1151 1822 sapponm
1175 1762 1201 1810 in
1227 1761 1283 1812 solo

262 1829 487 1894 aragoniensium„
505 1830 606 1892 Benna.)

228 2011 337 2074 phyrio:
366 2009 521 2070 «Sapiens
536 2009 575 2058 tic
591 2021 609 2057 a
626 2021 751 2070 saporo,
791 2021 907 2072 quorum
933 2009 1048 2060 inventio
1069 2007 1146 2074 longe
1164 2013 1251 2065 minus
1273 2016 1315 2065 in·

226 2099 278 2134 aaa
289 2098 307 2133 a
317 2083 506 2146 sapientiam
535 2083 572 2132 i'u
592 2081 705 2146 intellige
718 2081 752 2132 de
791 2085 859 2146 genii
872 2085 989 2148 requirit.
1005 2113 1033 2121 -
1046 2087 1115 2151 satis]
1130 2089 1198 2138 Sane
1210 2089 1236 2138 in
1250 2087 1316 2140 mul-

227 2173 274 2219 eo,
293 2157 339 2222 qui
356 2159 439 2221 caepit
456 2161 552 2206 onaan
568 2157 693 2206 rationem
709 2170 753 2206 sa·
790 2158 823 2207 tis
839 2155 889 2209 illis
906 2157 1034 2222 exemplis
1053 2159 1199 2212 Horatianis
1211 2175 1226 2210 a
1237 2163 1316 2212 Bent-

222 2247 331 2296 ponan,
356 2245 381 2281 v.
401 2231 452 2294 36.)
476 2244 528 2280 non
551 2233 653 2281 temere
681 2229 751 2280 aliud
790 2229 840 2282 leio
863 2231 946 2283 allatis
968 2247 1078 2298 semper
1102 2237 1235 2301 reperitur
1254 2237 1316 2286 satis

225 2307 326 2373 leporis
348 2307 462 2357 frustum
485 2304 579 2368 seligat
600 2305 648 2356 nisi
669 2318 754 2354 amma
789 2311 835 2366 est,
854 2320 992 2369 nunquam
1008 2309 1070 2357 satis
1087 2308 1232 2361 dumtaxat.
1267 2315 1315 2365 it-

226 2381 436 2448 (Sciattsrn)‚
464 2381 562 2444 quippe
589 2381 634 2443 qui
660 2381 751 2444 optimi
789 2383 878 2430 minen
905 2394 999 2432 omnes
1028 2383 1198 2434 coniecturae
1225 2386 1314 2438 adhue

225 2459 279 2510 sint
295 2456 424 2520 saporis·
453 2455 540 2504 Acron
558 2456 584 2504 et
605 2456 654 2505 Fea
673 2453 753 2520 expli·
788 2455 941 2519 propositae
965 2469 1075 2520 prorsus
1100 2461 1162 2509 sunt
1183 2471 1314 2524 superva-

225 2533 289 2582 cant
306 2528 443 2580 «lumbos-
467 2531 558 2580 contra
581 2527 752 2579 consuetudi·
789 2543 898 2580 caueae.

225 2619 290 2657 nem
306 2605 435 2655 Latinam.
471 2604 579 2654 Cisat.
597 2605 625 2664 2,
649 2603 678 2664 8,
701 2603 749 2654 89;
821 2603 905 2653 orsa.
918 2605 1036 2668 Massica]
1050 2619 1082 2656 er
1095 2606 1248 2670 Campania,
1262 2609 1314 2659 ter·

224 2681 258 2731 nt
273 2681 387 2742 Ιφοηηη
403 2679 515 2740 auctos,
540 2683 570 2728 at
592 2679 670 2728 maim
689 2691 752 2728 aaa·
789 2679 816 2728 tii
833 2677 933 2730 ordinis
951 2681 1042 2730 vinum
1059 2683 1127 2731 teste
1143 2680 1225 2732 Plinio
1236 2683 1267 2733 li.
1281 2685 1311 2732 N.

222 2757 293 2816 visa,
311 2767 406 2805 amcos.
789 2751 833 2812 44,
852 2753 876 2803 8.
907 2753 1007 2803 Cl.0d.
1023 2754 1050 2814 4,
1071 2755 1097 2814 4,
1118 2755 1157 2804 te.
1177 2781 1206 2792 -
1225 2756 1313 2821 crassi]

257 2829 347 2883 to-ia.
378 2842 442 2891 qaae
466 2833 563 2879 notum
588 2829 654 2891 cet]
682 2841 751 2892 aquo
789 2827 883 2890 «spissi
901 2829 928 2877 et
944 2827 1047 2889 acerbi,
1071 2831 1151 2891 etque
1168 2833 1312 2894 propterca

224 2903 306 2956 modo
317 2903 486 2955 stomachum
498 2903 626 2963 alliciant,
640 2905 685 2967 qui
698 2901 750 2953 cibi
787 2901 890 2952 bibenti
908 2903 995 2952 minus
1013 2903 1105 2966 grati.»
1121 2929 1147 2938 -
1162 2904 1312 2969 4444444444]

223 2978 314 3040 tacite,
331 2980 376 3042 qui
388 2977 529 3029 dilfloulter
540 2981 748 3042 concoquantur,
788 2975 852 3027 Plin.
867 2977 896 3025 H.
911 2977 941 3026 N.
959 2975 1002 3036 44,
1021 2977 1070 3026 27:
1090 2976 1247 3039 Campaniae
1265 2993 1313 3029 no-

223 3055 270 3119 qui
294 3067 346 3104 noa
367 3053 441 3104 lacile
458 3057 676 3117 corrumpantur,
704 3053 749 3116 qui
785 3051 906 3099 bilissima
929 3050 1005 3113 (vina)
1030 3051 1144 3113 amostra
1165 3051 1209 3102 sab
1228 3053 1269 3102 dio
1286 3053 1313 3104 in

223 3129 267 3181 vel
285 3126 363 3181 simul
381 3132 409 3178 et
425 3127 497 3178 alant
514 3129 541 3178 et
551 3130 673 3178 ventrem
684 3126 750 3177 moi·
785 3125 855 3174 cadis
862 3123 992 3174 verteram·
1002 3125 1061 3187 sota,
1072 3125 1143 3187 tana,
1156 3126 1243 3188 inme,
1254 3141 1313 3178 aava·

222 3204 287 3256 liant
311 3203 354 3253 vcl
378 3201 475 3252 leniter
495 3201 611 3252 eundem
633 3201 749 3252 adstrin-
785 3201 817 3250 tis
833 3199 990 3261 aptissimam
1013 3200 1120 3250 maiar.
1156 3202 1194 3251 Ci.
1215 3202 1309 3252 Athen.

222 3280 311 3342 gant»,
331 3280 360 3326 ut
377 3275 504 3327 Celsianis
518 3273 662 3347 rppdasaw
679 3279 747 3326 utar.
787 3277 814 3337 4,
833 3274 872 3324 59.
895 3275 1001 3324 -odor
1016 3275 1099 3324 nervis
1114 3275 1238 3340 inimicas]
1256 3277 1312 3327 «vis

221 3351 271 3404 Alii
297 3350 429 3416 explicant
452 3350 486 3400 de
509 3349 673 3414 singulorum
695 3351 749 3400 ori·
786 3348 827 3399 iila
845 3349 897 3399 vini
909 3351 1053 3399 aromatica
1065 3349 1228 3414 (bouquet),
1241 3363 1322 3414 quae.

175 3473 180 3480 ,
221 3429 297 3490 gine;
324 3426 412 3476 minus
432 3427 505 3476 recte
527 3428 601 3490 puto.
623 3452 649 3460 —
669 3425 747 3489 aetas]
786 3425 865 3474 nimis
882 3425 934 3474 cito
944 3425 1068 3488 patorem
1080 3423 1185 3476 ebrium
1197 3425 1310 3476 reddit.»

223 3513 288 3565 «pro
316 3513 368 3563 qua
397 3509 462 3550 cero
485 3501 602 3551 tenerior
627 3498 670 3550 vel
694 3499 748 3549 iam
787 3498 842 3549 iloc
859 3500 936 3562 igitur
949 3498 1029 3548 niodo
1043 3501 1312 3551 Massicaextenuan-

213 3573 315 3626 durior
340 3573 408 3623 iacta
430 3573 566 3625 diversum
589 3575 614 3624 in
638 3572 748 3624 modum
786 3570 819 3622 da
838 3576 911 3634 sunt,
937 3574 1104 3637 neutiquam,
1129 3577 1171 3636 ut,
1199 3588 1261 3625 cum
1278 3587 1311 3624 ex

220 3649 376 3714 praeparari
387 3646 494 3708 debeat,
507 3651 536 3698 ut
548 3651 621 3699 recte
633 3648 659 3698 in
671 3660 749 3699 men·
786 3645 862 3697 doliis
892 3648 918 3697 in
941 3648 1023 3698 cados
1041 3647 1238 3709 diffunduntur,
1268 3647 1310 3699 vel

154 3745 156 3750 ·
220 3723 749 3788 sisapponaatur.·—Anlenaeamnattt
786 3721 866 3771 etiam
884 3721 995 3773 demum
1012 3724 1074 3772 ante
1096 3723 1181 3786 ipsam
1199 3735 1311 3786 compo-

220 3797 284 3860 cet.]
312 3796 377 3846 Vide
394 3797 588 3858 Argumentum
608 3797 687 3846 huius
704 3798 749 3846 Sa-
785 3796 912 3848 tationem
937 3810 986 3861 per
1010 3809 1120 3846 saccum
1143 3795 1242 3845 lineum
1264 3809 1311 3846 co-

221 3871 296 3922 time.
333 3868 458 3920 Similiter
481 3871 652 3921 Damoxaaus
677 3870 749 3934 apud
784 3868 885 3930 lentum
905 3883 974 3934 quae
992 3871 1040 3920 tuit
1057 3871 1136 3921 etiam
1153 3867 1311 3934 Luciliiopi-

220 3945 316 3995 Athen.
330 3943 358 4005 3,
378 3944 419 3994 60.
440 3956 557 4008 coquum
575 3944 675 3994 inducit
697 3958 748 4008 pe·
785 3945 829 3994 nio
849 3944 921 4008 apud
943 3947 997 3996 Cic.
1017 3944 1051 3994 de
1075 3945 1147 3994 Fian.
1167 3945 1196 4005 i,
1214 3944 1243 4003 8,
1262 3945 1307 3994 23:

219 4019 378 4070 ritissimum
399 4018 536 4068 doctrinae
560 4019 588 4068 et
608 4020 748 4069 Democri·
783 4019 974 4069 ommn--bir
998 4017 1064 4081 (vola
1084 4019 1186 4080 manus)
1212 4019 1310 4081 sipbooe

219 4097 280 4144 teae
298 4095 326 4143 et
347 4093 508 4157 Epicureae,
534 4091 674 4156 probeque
692 4092 748 4144 cal·
784 4092 938 4157 (Naclteber
960 4094 1013 4142 aad
1036 4091 1198 4156 Sctdpsitaod
1222 4095 1310 4156 broy-

219 4167 321 4220 leatem
339 4169 461 4218 naturam
479 4171 505 4218 et
517 4167 695 4218 differentiam
710 4169 748 4218 in·
785 4169 841 4230 san)
859 4169 900 4217 cui
916 4168 953 4218 ott
968 4168 1093 4229 venipeta,
1110 4168 1148 4216 uls
1159 4173 1205 4218 aot
1220 4181 1310 4218 sacerc-

219 4245 261 4292 ter
289 4240 466 4308 γλαυκίσκον
491 4241 522 4292 ἐν
549 4239 670 4306 χειμῶνι
697 4244 746 4294 καὶ
783 4242 822 4292 lus
837 4241 975 4292 mouerit.
1009 4243 1087 4306 Apud
1103 4241 1247 4306 plerosque
1268 4245 1310 4292 ta·
1370 4251 1373 4256 ·

218 4315 298 4386 θέρει
314 4313 375 4366 κτλ.
396 4343 422 4352 -
436 4317 557 4381 camma]
577 4315 745 4380 udulciarian,
786 4329 849 4366 men
883 4314 1030 4366 invaluerat
1063 4317 1195 4367 contraria
1220 4318 1309 4382 opinio
