3116 4968
308 373 371 439 200
687 373 817 426 44444444
834 373 1015 426 saumana

351 529 482 617 Ingenio
505 527 618 596 offensi
641 538 697 596 aut
717 529 807 598 laeso
830 529 964 596 doluere
986 529 1112 598 Metello

350 652 563 740 Famosisque
583 653 674 738 Lupo
697 661 851 738 cooperto
873 652 1045 719 versibus?
1070 653 1165 741 Atqui

349 774 511 840 Primores
534 771 645 861 populi
667 775 801 861 arripuit
822 773 1046 861 populumque
1067 773 1221 848 tributim,

350 894 480 962 Scilicet
500 895 555 960 uui
578 915 703 982 aequus
723 896 831 962 virtuti
853 903 950 983 atque
973 895 1044 961 eius
1067 894 1189 962 amicis.
1353 897 1394 961 70

349 1017 434 1095 Quin
455 1016 512 1083 uhi
533 1037 569 1084 se
593 1037 612 1082 a
633 1014 727 1104 volgo
752 1027 784 1084 et
804 1036 904 1084 scena
924 1017 957 1080 in
979 1025 1105 1084 secreta
1126 1027 1289 1083 remorant

370 1223 411 1274 69.
429 1223 550 1273 tributum
567 1226 595 1274 L.

307 1411 350 1472 qai
364 1409 690 1472 mmanumuenabttiira
706 1410 831 1460 44444444
869 1409 1109 1461 «contumeliosium
1139 1411 1204 1477 Epp.
1221 1414 1250 1475 4,
1275 1413 1321 1474 tt,
1345 1413 1392 1464 3⁴:

305 1486 389 1535 rediit.
408 1483 447 1535 Ci.
460 1483 569 1536 44444444.
583 1485 608 1546 4,
621 1485 646 1545 t,
661 1485 684 1532 4.
865 1483 962 1546 4444444
982 1486 1103 1535 carratae.
1125 1511 1153 1522 -
1171 1487 1296 1552 cooperto]
1323 1489 1395 1539 44444-

339 1559 427 1608 64-76.
447 1559 541 1621 offerar]
559 1559 659 1609 omisso
672 1557 756 1608 varbo
768 1557 831 1608 sub·
867 1571 950 1620 quam
966 1557 1098 1623 lapidibus
1115 1561 1141 1611 iu
1159 1573 1222 1611 eum
1239 1561 1324 1612 iactis.
1344 1563 1395 1612 Sa-

306 1634 433 1693 44444444,
453 1635 483 1682 ut
493 1647 519 1683 v.
532 1632 572 1684 rt.
586 1633 660 1683 soliti.
676 1658 704 1669 -
723 1631 829 1696 44444444]
866 1630 927 1682 lust.
941 1632 1016 1684 Catil.
1029 1633 1079 1683 23:
1104 1635 1210 1699 (44944444
1226 1639 1303 1698 atque
1326 1636 1395 1699 taci-

305 1707 352 1757 Est
369 1708 399 1767 Q.
414 1705 543 1758 Caecilius
566 1706 686 1758 Metellus
704 1705 830 1758 Macedo-
866 1706 1117 1770 matermortua.
1133 1733 1160 1744 -
1177 1709 1253 1770 Atqui
1270 1711 1334 1772 cet]
1347 1712 1396 1764 «Et

306 1781 395 1842 nicus,
422 1793 477 1832 cos.
497 1795 521 1830 a.
538 1794 564 1831 u.
585 1795 609 1830 c.
629 1782 697 1842 644..
724 1782 770 1844 qui
795 1779 829 1830 de
868 1784 971 1842 444444,
991 1783 1042 1832 atsi
1058 1783 1157 1834 acerbe
1174 1785 1322 1838 insectatus
1337 1789 1397 1836 erat

305 1854 529 1920 Pseudophilippo
557 1856 737 1920 triumphavit.
773 1856 828 1906 Cic.
866 1869 995 1919 proceres
1021 1855 1121 1921 aliquot
1146 1859 1272 1920 civitatis,
1303 1861 1396 1910 tamen

306 1927 340 1978 de
353 1929 400 1978 ou.
415 1930 502 1990 4,45,
520 1930 567 1980 87:
585 1930 633 1993 [444
649 1932 715 1980 inter
725 1931 751 1980 Ρ.
764 1930 831 1992 ,4444-
866 1932 1048 1994 potentiorum
1073 1933 1154 1984 etiam
1179 1935 1330 1985 amicorum
1353 1935 1396 1986 ta-

305 2016 398 2053 444444
415 2009 438 2053 44
455 2003 622 2064 0444444444
632 2005 685 2054 4444
696 2003 831 2056 4444444444
867 2018 931 2055 vore
958 2007 1096 2069 protectus
1124 2006 1186 2058 nihil
1209 2007 1271 2059 mali
1296 2021 1396 2072 passus

306 2078 431 2127 4444444444.
450 2076 484 2127 (44
503 2079 567 2142 liep.
588 2078 616 2139 4,
636 2079 681 2139 to,
700 2079 740 2128 34.
764 2077 828 2128 Ρ144.
868 2082 935 2131 est.»
948 2081 1084 2131 Accedere
1096 2094 1202 2146 nequeo
1214 2082 1397 2134 HeusdioLu·

307 2151 423 2210 44447,
442 2149 491 2201 tt:
521 2152 643 2213 Equidem
669 2157 692 2202 44
715 2153 831 2216 Apuani
868 2154 909 2205 cil.
927 2168 954 2219 p.
973 2156 1014 2206 65.
1041 2156 1109 2207 baec
1131 2159 1262 2218 Atquin
1281 2157 1398 2210 tributim

306 2226 429 2285 sequeutia
454 2225 536 2286 (hunc
566 2224 713 2288 Metellum,
743 2227 831 2280 virum
868 2228 995 2280 tribuenti
1012 2229 1148 2292 Trebatio,
1168 2231 1230 2294 quia
1248 2243 1326 2296 seqq.
1339 2232 1396 2283 Sci-

307 2299 444 2362 ceteroqui
477 2298 673 2363 felicissimum)
702 2302 832 2352 inimicam
868 2303 924 2354 ticet
940 2305 1061 2354 iunctura
1082 2304 1144 2354 huic
1166 2305 1261 2356 rationi
1282 2318 1397 2370 prorsus

305 2373 456 2436 4444444444
466 2375 625 2424 calamitates
635 2376 765 2437 44444444,
777 2377 832 2438 ipso
868 2382 1019 2433 repugnare
1035 2369 1100 2420 mihi
1117 2369 1231 2421 videtur.
1265 2373 1352 2434 Atque
1367 2373 1396 2422 in

307 2453 365 2499 44444
390 2449 558 2500 Macedonico.
597 2450 725 2512 Siquidem
749 2451 833 2500 liboris
869 2442 983 2496 Trebatii
1000 2457 1047 2494 ore
1059 2444 1398 2498 essentverbauimisab-

307 2522 387 2572 aicit:
411 2523 447 2572 444
462 2523 521 2587 titii,
549 2523 670 2574 calatrate
685 2525 831 2586 aaseqatas;
869 2521 947 2582 rupta
979 2520 1006 2569 et
1035 2520 1112 2583 quasi
1142 2518 1240 2570 debilia
1266 2521 1396 2585 amnique

306 2609 438 2658 aariqaam
453 2597 515 2646 civis
528 2599 635 2648 maioris
651 2599 832 2663 (4444444444-
870 2592 968 2644 ellectu
992 2595 1119 2644 carentia.
1139 2621 1166 2630 -
1186 2594 1305 2660 44444444]
1331 2609 1397 2660 aag-

307 2669 348 2720 444,
378 2671 434 2720 lam
452 2683 514 2721 oum
537 2671 657 2724 Metellus
679 2673 723 2724 hic
744 2675 833 2723 inimi·
870 2681 978 2732 gressus
1001 2669 1054 2728 4844
1080 2669 1107 2719 ln
1128 2681 1175 2718 0⁰⁸
1198 2669 1330 2720 acerrime
1351 2671 1396 2720 ln-

309 2756 357 2794 cus
374 2745 502 2809 Scipionis
524 2745 620 2808 luerit,
639 2746 713 2798 444414
737 2745 832 2811 aliquis
869 2745 989 2793 vectus.»
1013 2743 1052 2793 De
1064 2742 1154 2793 Lucilii
1166 2742 1310 2794 acerbitate
1323 2744 1395 2795 cont.

308 2818 433 2880 miretur,
457 2833 505 2872 cur
522 2833 575 2870 non
591 2821 679 2885 potius
697 2834 730 2872 eo
747 2835 762 2871 a
779 2822 833 2871 Lu·
870 2817 993 2867 Trebonii
1015 2817 1096 2882 Epist.
1115 2817 1150 2867 ad
1175 2817 1242 2878 Cia,
1260 2817 1294 2868 ad
1320 2819 1395 2868 Fam.

309 2891 368 2942 cilio
393 2891 467 2944 laeso
492 2893 609 2958 gaudem
635 2909 717 2959 quam
740 2893 832 2946 dolere
871 2894 915 2954 44,
940 2893 985 2954 46,
1008 2893 1036 2942 3:
1066 2894 1096 2942 44
1117 2893 1206 2954 quibas
1225 2893 1398 2944 4444444444

309 2965 351 3018 ille
364 2969 391 3018 et
403 2966 505 3020 Laelius
513 2967 669 3029 debueriut;
688 2983 782 3020 verum
795 2971 833 3020 sic
870 2967 913 3016 4444
938 2967 1087 3030 quibasdam
1108 2967 1190 3017 444444
1212 2961 1398 3038 &antitiquu-

310 3040 425 3105 explica:
446 3053 513 3092 «non
530 3047 672 3108 propterea
690 3044 764 3109 quod
781 3045 834 3096 Lu·
870 3039 1125 3111 vtcrrpogoidcbor,
1136 3043 1265 3104 4444444444
1272 3055 1397 3105 peram

310 3113 385 3167 cilius
396 3114 532 3167 liberrime
544 3118 664 3168 invectus
674 3121 732 3168 erat
742 3120 768 3168 in
781 3120 834 3170 444-
870 3117 932 3178 4444,
945 3116 972 3166 44
981 3129 1058 3178 qaam
1069 3116 1170 3166 44444444
1180 3117 1333 3178 iocabimur,
1350 3131 1397 3168 4444

309 3191 410 3252 tellum,
423 3193 562 3255 potentem
571 3193 667 3254 virum,
678 3193 832 3252 timuerunt,
870 3189 1014 3241 vindicabit.
1027 3217 1042 3228 -
1052 3192 1184 3252 -Deiode,
1204 3193 1249 3254 qut
1257 3191 1341 3254 mapia
1350 3192 1398 3241 4444

310 3279 344 3316 44
372 3267 473 3316 mutato
504 3265 601 3318 aflectu
633 3264 774 3329 aliquando
808 3267 833 3316 in
870 3265 966 3316 4444444
993 3265 1092 3316 licuerit
1118 3279 1244 3316 4444444444
1274 3265 1399 3316 libertatis

308 3342 382 3404 ipsos
398 3339 472 3388 idern
482 3339 619 3390 auderet.»
632 3369 659 3376 -
672 3341 749 3404 Lapa]
762 3342 833 3392 blor-
872 3353 949 3401 quam
959 3339 1047 3390 4444444
1070 3352 1136 3401 aaa,
1156 3340 1253 3390 44444444
1264 3340 1321 3389 odio
1333 3341 1398 3402 pari

309 3415 406 3464 dacem
424 3414 450 3462 in
469 3415 498 3463 L.
519 3413 673 3464 Cornelium
693 3413 834 3465 Lentulum
870 3415 1048 3478 4444444444,
1062 3415 1216 3477 4444444444,
1235 3419 1318 3464 444444
1331 3419 1399 3465 certe

311 3490 430 3551 Lupum,
450 3499 505 3537 cos.
524 3498 548 3536 a.
568 3501 595 3538 u.
614 3501 638 3537 c.
650 3488 719 3550 598„
744 3487 834 3538 Lucilii
870 3503 920 3537 444
936 3489 1017 3552 mapa
1032 3489 1121 3553 diacos
1137 3487 1265 3550 44444444,
1289 3489 1316 3538 ia
1334 3501 1399 3551 qaas

311 3565 400 3613 iocum
418 3562 534 3610 servavit
551 3562 644 3611 Cicero
662 3561 696 3610 de
714 3563 743 3612 N.
758 3563 789 3612 D.
804 3562 833 3624 4,
870 3567 944 3613 tauta
964 3563 1078 3614 libertate
1092 3563 1226 3614 verborum
1246 3565 1397 3615 4444444444.

311 3637 357 3700 43,
377 3635 425 3686 63:
446 3635 553 3685 4444444
567 3637 589 3685 ai
605 3636 696 3686 Lucius
711 3649 834 3698 anquam,
873 3664 901 3675 -
919 3637 1039 3700 4444444444]
1058 3651 1123 3703 «per
1133 3651 1229 3690 omues
1239 3639 1339 3690 XXXV.
1353 3641 1399 3690 tri·

311 3713 340 3763 Si
355 3714 440 3774 Lapara
457 3714 502 3760 444
519 3709 613 3771 sarto,
637 3711 746 3772 Neptuni
757 3711 834 3775 444444,
871 3711 937 3773 bus,
957 3711 1028 3762 nullo
1041 3713 1110 3763 iacto
1122 3712 1301 3774 discrimine»,
1320 3715 1398 3778 quusi

311 3790 464 3848 --pateraet
480 3798 531 3836 4444
547 3786 616 3846 4444,
644 3789 697 3834 tam
716 3786 837 3846 pariana
872 3785 1397 3852 dixisset:«poputumcunctumarers.

312 3865 357 3911 444
374 3866 427 3910 tam
442 3861 557 3922 imparata
566 3859 671 3922 [4444444
686 3861 835 3911 Diintzerus
874 3864 901 3924 4,
927 3861 992 3913 ttt:
1016 3862 1099 3912 Secait
1120 3863 1230 3913 Lucilius
1251 3861 1347 3912 4444444.
1368 3891 1396 3901 -

312 3937 348 3996 tin
365 3933 481 3984 editione
499 3935 556 3996 sua)
579 3947 641 3984 cum
662 3933 837 3984 Commenta·
872 3936 975 4001 aequm]
1000 3934 1133 3986 4444444.»
1163 3937 1205 3986 Sic
1222 3935 1271 3986 od.
1293 3934 1323 3996 3,
1352 3937 1397 3996 48,

312 4013 370 4059 tore
383 4009 464 4072 Cruq.
478 4007 595 4074 intelligit
606 4012 634 4060 P.
648 4008 772 4060 Rutilium
784 4011 837 4059 Lu·
874 4011 897 4062 4.
917 4012 1021 4061 Faunus
1033 4011 1185 4070 invocatur,
1204 4011 1234 4059 ut
1244 4007 1326 4060 abeat
1332 4022 1398 4072 par-

313 4097 377 4152 pum
389 4096 445 4133 cos.
459 4097 483 4134 a.
498 4096 524 4134 u.
539 4084 607 4146 oct..
620 4098 674 4149 quo
686 4082 759 4134 laeso
771 4096 836 4134 sane
872 4086 911 4135 4444
924 4086 1023 4147 Aequas
1039 4085 1156 4135 44444444.
1176 4085 1258 4136 Totus
1273 4085 1398 4136 versieu-

314 4157 452 4210 Alricanue
465 4159 613 4219 (occisura.
627 4173 652 4209 u.
667 4156 837 4221 titii.tdolere
874 4158 930 4220 lus,
957 4158 1068 4210 tortasse
1088 4172 1121 4210 ex
1146 4160 1204 4222 ipso
1227 4156 1327 4210 Lucilio
1349 4158 1400 4209 de·

315 4245 369 4288 uon
386 4233 480 4298 potuit.
499 4261 526 4269 -
545 4234 657 4285 anoaia
667 4261 681 4272 -
693 4261 708 4272 -
718 4233 837 4299 44444444]
875 4235 1009 4299 sumptus,
1027 4232 1071 4284 vel
1086 4235 1198 4299 propter
1213 4247 1239 4284 a.
1252 4233 1307 4285 4444
1317 4245 1400 4298 quarn
