3192 4974
295 446 357 511 368
654 445 783 498 nonam
800 445 1022 500 nrrsronraon

337 601 485 670 Herculis
508 600 549 667 ad
571 611 697 689 postem
718 599 790 667 fixis
812 600 888 668 latet
911 601 1040 669 abditus
1062 621 1155 690 agro,
1361 604 1381 665 5

337 726 384 791 Ne
406 721 562 812 populum
585 731 728 790 extrema
749 722 844 790 toties
866 734 979 790 exoret
1000 744 1108 791 arena.
1135 753 1140 764 ¹

241 905 246 914 .
339 847 394 912 Est
417 843 493 910 mihi
516 852 684 931 purgatam
706 842 822 910 crebro
844 845 901 932 qui
923 855 1078 932 personet
1099 865 1226 912 aurem:

361 1027 385 1074 6.
405 1027 491 1076 tottam
507 1023 587 1075 bScd.

295 1178 352 1226 Non
368 1180 438 1225 catos
454 1175 555 1234 codem,
580 1186 631 1222 ooo
647 1183 728 1232 metr,
756 1185 819 1223 cum
856 1188 900 1244 ρις
913 1167 1073 1226 Ἐνυαλίου.
1101 1175 1162 1239 lpse
1184 1175 1307 1228 Horatius
1329 1179 1381 1229 mi-

295 1254 322 1300 in
338 1253 491 1300 ceterorum
509 1247 602 1298 ordine
620 1247 692 1298 notio
712 1247 818 1311 praeci·
856 1245 910 1298 litia
928 1247 1015 1299 lessus
1032 1247 1080 1298 Od.
1094 1247 1124 1308 3,
1142 1249 1187 1311 26,
1207 1250 1231 1300 3.
1250 1253 1381 1303 mmdc-

295 1339 348 1390 pua
365 1325 462 1384 υυάυυι,
490 1325 518 1373 ut
544 1323 637 1382 decet,
664 1317 817 1386 prae'cedat.
854 1322 1016 1386 aetenae
1031 1321 1224 1375 belloBorlliton
1241 1325 1275 1375 ad
1292 1328 1381 1378 Vene-

297 1426 325 1436 -
343 1397 420 1461 mem]
438 1409 503 1447 non:
527 1396 640 1460 «ingenii
656 1396 727 1456 vis3»
753 1394 818 1446 sed:
856 1397 893 1446 ris
915 1397 1046 1460 parietem
1069 1397 1169 1449 fixurus
1193 1402 1242 1450 est.
1269 1427 1296 1436 -
1321 1401 1382 1451 latet

296 1471 434 1524 :voluntas
445 1471 630 1535 studiumque,
643 1467 757 1536 γνώμη,
770 1471 822 1534 poi-
856 1469 963 1535 abditae]
988 1471 1126 1522 Summam
1152 1463 1322 1525 solitudinem
1343 1477 1383 1526 si·

295 1548 538 1612 repastinantem»
556 1549 586 1596 ot
601 1550 675 1596 recte
692 1547 818 1597 Dlintzcr.
857 1544 974 1608 gnificat,
994 1545 1020 1595 in
1037 1557 1119 1608 quam
1135 1545 1177 1597 ille
1196 1551 1320 1600 causatus
1337 1549 1383 1600 ali-

296 1621 385 1682 cdl,
404 1621 449 1683 tlt,
468 1621 498 1670 7:
525 1621 678 1682 (laconicae
693 1619 819 1680 astlodie,
857 1618 921 1684 quid
938 1618 1010 1671 velut
1024 1615 1090 1683 'iuga
1108 1623 1185 1685 capta
1196 1635 1227 1674 se
1239 1622 1380 1674 abdiderit.

294 1698 439 1748 wreodem
454 1709 505 1745 ooo
518 1709 599 1757 puero
614 1693 682 1758 tica?
703 1723 729 1732 -
750 1695 821 1744 Veto·
857 1691 982 1744 Similiter
994 1695 1088 1745 Cicero
1099 1697 1195 1747 Accua.
1208 1697 1236 1758 Ξ,
1255 1697 1301 1759 73,
1320 1699 1380 1750 tat:

294 1775 360 1837 atos]
379 1773 536 1832 «Veianius,
564 1771 659 1831 nobilis
676 1770 819 1836 gladiator,
858 1768 943 1818 comto
964 1769 1002 1818 tte
1024 1770 1125 1819 condito
1147 1771 1223 1833 fiabra
1245 1777 1321 1832 olom
1344 1774 1382 1823 ita

296 1852 357 1916 post
368 1847 463 1900 multas
473 1845 746 1912 palmaeconsccratis
757 1846 822 1896 ller-
858 1843 961 1893 obdito
977 1843 1113 1895 latuisse.
1144 1844 1236 1896 Tibull.
1250 1847 1279 1908 2,
1293 1845 1321 1908 3,
1335 1849 1379 1898 65:

296 1923 348 1975 culi
366 1921 492 1974 Fundano
511 1922 590 1985 (apud
607 1920 712 1972 Fundos
728 1921 756 1971 in
770 1922 821 1969 La·
857 1919 932 1968 Haud
948 1919 1049 1980 tapam
1066 1920 1120 1970 licet
1135 1920 1260 1983 sonneras
1272 1921 1384 1971 tristibus

295 1999 332 2049 tio
349 1997 436 2049 culto:
463 1999 546 2048 inser.
567 2009 602 2046 m.
619 1997 676 2052 Lat.
693 1997 723 2046 N.
737 1993 820 2055 4539.)
858 1995 929 2058 agria
944 1994 1045 2045 Abdere.
1067 2023 1094 2032 -
1113 1995 1223 2061 Nocet]
1242 1998 1382 2048 allttotam

296 2073 378 2124 armis
395 2071 504 2122 landem
526 2071 553 2120 in
570 2068 685 2133 agellum
708 2083 737 2120 se
756 2082 821 2119 con·
858 2082 917 2119 rom
936 2068 1024 2125 semel
1048 2071 1177 2134 transigat
1198 2085 1248 2122 nec
1269 2071 1382 2122 tortasse

296 2147 379 2198 tulit.»
407 2148 530 2197 Poarnra.
557 2145 698 2205 Vitruv.l‚
713 2145 742 2194 7:
760 2145 822 2194 llas·
858 2144 893 2196 de
911 2145 1013 2209 integro
1029 2147 1310 2198 inarenamrevoeari
1324 2151 1382 2212 lpse

296 2223 358 2281 colo,
384 2221 413 2270 ia
429 2219 517 2282 potam
537 2218 678 2268 cieiwtlous
694 2231 744 2268 noa
765 2223 822 2268 sont
858 2233 888 2271 se
905 2221 1021 2284 patiatur
1037 2220 1127 2285 populi
1148 2219 1242 2286 plausu
1259 2220 1301 2272 vel
1323 2235 1383 2273 ma-

295 2295 431 2360 pymoosio
454 2306 533 2355 nopae
557 2293 758 2355 amphitheatro.
787 2293 821 2342 ad
858 2305 910 2357 gno
927 2297 1128 2346 auctoramento
1148 2296 1299 2348 inductus.»
1328 2299 1381 2349 Cir.

296 2371 392 2420 circem
409 2367 505 2431 (aedes
527 2367 717 2430 exstruantur).
753 2367 821 2417 liar-
857 2369 965 2420 sueton.
978 2368 1035 2418 Tib.
1048 2370 1077 2418 l:
1095 2371 1383 2434 acceptandam

297 2444 363 2507 culi,
397 2445 427 2493 ut
452 2442 606 2492 nominatur
633 2443 660 2492 in
688 2442 819 2506 lnscn'ptt.
857 2443 1160 2504 noema-motatio
1176 2446 1384 2508 thoacpalbas·

297 2522 495 2572 conservarem.
531 2517 682 2567 Dareneonr.
717 2518 822 2568 ssavrr-
858 2519 919 2568 dom
942 2518 1065 2568 revocetis
1087 2524 1276 2570 auctoratamato
1300 2525 1384 2570 emta-

297 2607 381 2654 raao,
408 2591 549 2642 dedicasse
573 2590 679 2641 videtur
704 2589 821 2654 gladium
857 2607 919 2643 nom
934 2592 1041 2642 maiam.
1061 2619 1089 2629 -
1113 2597 1382 2661 celrano-wrm]

296 2668 434 2719 Veianius:
461 2676 524 2715 nam
546 2663 704 2729 gladiatores
725 2667 822 2716 itoma-
858 2670 932 2719 stans
949 2666 983 2717 ad
1001 2667 1166 2732 crepidinem
1184 2670 1261 2731 Circi,
1280 2684 1303 2721 s.
1317 2683 1383 2736 pro-

297 2756 347 2795 nos
358 2743 388 2793 ut
399 2740 465 2791 tales
476 2742 503 2791 in
517 2739 636 2790 Herculis
647 2737 728 2790 tutela
741 2739 821 2790 luisse
858 2743 928 2793 nme
943 2741 1066 2806 podium,
1085 2741 1131 2791 ubi
1144 2745 1220 2793 erant
1230 2745 1308 2808 primi
1319 2757 1384 2809 epe·

297 2817 369 2870 nullo
386 2819 460 2868 certo
483 2815 634 2866 testimonio
655 2814 755 2864 firmari
775 2827 823 2878 po·
859 2819 974 2867 elatores
991 2817 1019 2866 et
1035 2818 1150 2866 maxime
1166 2817 1289 2868 honorati
1306 2819 1381 2883 prin-

297 2895 360 2944 test.
396 2893 434 2942 Dc
460 2887 565 2940 athletis
588 2887 698 2952 quidem
715 2889 822 2939 Graecis
859 2893 933 2955 cipes
959 2891 1080 2941 civitatis.
1109 2919 1136 2927 -
1163 2893 1246 2954 toties]
1274 2907 1382 2958 «neque

297 2963 569 3017 Varroinliumenid.
580 2975 623 3027 ap.
637 2963 703 3014 Non.
716 2976 743 3027 p.
757 2963 819 3013 528:
859 2966 931 3017 idem
951 2963 1076 3016 trustra.»
1110 2965 1220 3030 optimis
1238 2968 1310 3019 enim
1327 2970 1385 3032 qui-

297 3043 340 3092 Ευ
361 3038 577 3090 bio--tostitutts
598 3051 630 3086 oc
650 3037 704 3086 otto
725 3037 765 3088 vol
788 3035 823 3086 ad
858 3039 964 3104 busque
982 3038 1171 3102 gladiatoribus
1188 3045 1299 3106 propter
1314 3043 1384 3094 hanc

298 3114 411 3168 irorata
434 3113 504 3162 otilo
524 3111 631 3161 amatos
655 3111 718 3174 (acti
739 3115 821 3161 aaut.
859 3115 945 3179 ipsam
971 3115 1160 3179 praestantiam
1182 3115 1314 3169 difficillus
1336 3131 1384 3169 ru-

299 3191 425 3241 Geterum
448 3187 606 3251 saepissime
632 3186 658 3235 in
684 3185 822 3250 Epigram-
859 3189 923 3241 dem
940 3189 1005 3240 dare
1022 3188 1144 3255 popellus
1160 3189 1276 3252 solebat,
1297 3193 1383 3244 donec

298 3264 376 3314 matie
404 3262 501 3312 ardum
525 3272 610 3324 prope
635 3261 755 3310 omnium
781 3261 823 3310 in·
858 3263 985 3329 precibus
1001 3265 1123 3330 fatigatus
1139 3266 1248 3317 tandem
1264 3269 1385 3320 vincere·

298 3339 447 3390 strumenta
472 3336 514 3386 dis
536 3334 695 3386 dedicantur
718 3335 752 3386 ab
776 3337 820 3398 iis,
858 3342 911 3391 tar.
946 3341 1122 3405 Nequaquam
1143 3341 1260 3406 loquitur
1276 3342 1309 3393 de
1326 3342 1383 3406 gla-

299 3413 346 3477 qui
361 3413 447 3461 artem
464 3410 604 3462 desinendi
620 3409 758 3462 consilium
775 3423 823 3464 ce·
860 3413 963 3466 diatore
980 3417 1086 3477 saucio,
1103 3417 1185 3468 vitam
1202 3417 1328 3482 apopulo
1339 3431 1384 3470 ax·

299 3487 404 3551 parunt.
439 3485 481 3534 Sic
497 3484 605 3535 Anthol.
618 3483 671 3535 Pal.
684 3485 703 3534 l.
717 3499 744 3550 p.
757 3487 820 3536 2⁴6:
860 3491 967 3550 orante,
985 3491 1015 3539 ut
1031 3487 1089 3541 aliis
1099 3491 1186 3542 visum
1203 3495 1245 3542 est
1260 3507 1314 3544 non
1326 3495 1384 3543 ani·

296 3555 450 3632 Ἁρπαλίων
467 3552 484 3608 ὁ
502 3556 641 3629 πρέσβυς,
664 3553 682 3608 ὁ
700 3557 756 3622 πᾶς
772 3555 823 3631 (io-
861 3563 1102 3626 madvertantibus‚
1122 3565 1227 3628 signum
1243 3567 1295 3617 hoc
1311 3567 1384 3618 iutu-

299 3637 358 3698 τίς,
393 3627 603 3698 einamma,
638 3629 727 3684 Τόυὸε
760 3634 824 3706 παρ’
860 3651 921 3688 rum
949 3637 1030 3688 tuisse
1055 3637 1112 3689 vilis
1137 3637 1288 3702 gladiatoris
1313 3643 1385 3694 aaa

296 3705 431 3782 Ἡρακλεῖ
452 3704 527 3774 θῆκέ
548 3722 586 3774 με
608 3703 660 3758 τὸν
682 3705 822 3774 σιβύνην,
860 3713 942 3762 vitam
964 3713 1105 3776 precaturi.
1145 3715 1230 3764 lmmo
1253 3729 1383 3781 perquam

297 3780 346 3836 Ἐκ
368 3777 476 3834 πολλοῦ
500 3779 637 3845 πλυιῶνος
654 3781 715 3834 ἐπεὶ
731 3779 824 3854 βάρος
860 3785 998 3850 probabile
1016 3789 1071 3847 cst,
1099 3787 1171 3850 quod
1194 3789 1274 3840 tradit
1296 3792 1384 3842 Acron

300 3854 398 3912 οὐκέτι
423 3863 515 3947 χεῖρες
530 3851 685 3920 Ἔσθυνον,
713 3859 753 3921 εἰς
775 3874 824 3910 κε·
862 3865 889 3912 el
905 3863 1009 3913 Comm.
1029 3862 1153 3926 Cruqaii:
1181 3864 1261 3924 «Quia
1284 3862 1384 3928 gladia-

300 3931 398 4001 φαλὴυ
423 3932 445 3983 δ’
470 3931 560 3998 piade
587 3931 768 4019 λευκοτέρρν.
795 3947 821 3998 p.
862 3939 934 3988 tores
950 3937 1057 4001 petituri
1074 3937 1214 3988 rudemex
1227 3939 1385 3991 mediaare-

300 4010 361 4062 ali:
388 4005 474 4072 Δέξαι
491 4009 533 4072 μ’,
548 4001 710 4079 Ἡράκλεις,
733 4006 824 4078 Αρχε-
862 4025 894 4062 na
913 4015 1111 4063 consueverunt
1126 4025 1156 4063 se
1167 4011 1202 4063 ad
1220 4013 1384 4078 crepidinem

301 4079 426 4155 στράτου
445 4079 522 4154 ἱερὸν
536 4074 747 4154 aaronem
758 4083 824 4134 ποτὶ
862 4086 932 4136 Circi
943 4085 977 4136 ita
990 4085 1111 4136 conterre
1123 4088 1273 4149 proximos,
1285 4091 1315 4138 ut
1324 4101 1385 4152 pos-

301 4155 405 4225 ξεστὰν
422 4153 556 4208 παστάδα
577 4155 743 4223 κεκλιμένα,
767 4157 824 4224 1¹⁷7-
861 4163 922 4211 sent
944 4159 1073 4225 populum
1089 4160 1156 4211 tristi
1177 4159 1251 4211 voltu
1267 4160 1384 4213 velocius

302 4231 391 4308 ρσλέα
417 4232 575 4299 teutona,
609 4231 688 4303 χορῶ
716 4226 825 4285 ἀΐουσα
862 4246 982 4285 exorare.
1017 4233 1213 4286 Stabataatem
1225 4234 1385 4301 populnsad

302 4309 352 4360 aas
369 4301 475 4374 ὕμνων·
491 4301 620 4380 Ἀρκείτω
637 4304 760 4382 στυγερὰ
777 4305 826 4374 δῆ-
861 4309 983 4374 podium,
1002 4309 1074 4361 unde
1092 4309 1147 4362 iere
1165 4309 1319 4374 spectabat,
1338 4309 1384 4360 ibi·
