3192 4974
261 408 263 413 ·
311 448 373 514 434
674 443 803 496 HORATll
821 442 1043 516 EPlS'lOLARUbl

353 604 468 670 lmbuti
492 610 651 690 spectent:
677 599 755 688 quid
779 619 896 668 censes
918 617 1054 664 munera
1076 607 1198 674 terrae,
1382 597 1403 660 5

264 697 268 704 Ι
355 725 440 806 Quid
462 725 560 790 maris
582 733 745 789 extremos
767 719 891 788 Arabas
913 718 1043 785 ditantis
1066 728 1099 785 et
1120 717 1231 796 Indae,

257 891 266 903 -
354 849 493 915 Ludicra
515 843 611 933 quid,
634 843 770 932 plausus
793 852 825 909 et
847 840 940 908 amici
964 839 1050 907 dona
1071 839 1219 920 Quiritis,

356 972 428 1049 Quo
451 966 628 1056 spectanda
649 963 762 1042 modo,
789 984 854 1051 quo
877 983 976 1029 sensu
1000 958 1107 1028 credis
1130 970 1163 1027 et
1183 960 1266 1027 ure?

357 1091 420 1171 Qui
443 1091 532 1156 timet
553 1087 604 1153 his
626 1085 777 1161 adversa,
801 1084 870 1151 lere
891 1083 1026 1149 miratur
1049 1081 1182 1156 eodem,

380 1262 428 1312 ΕΡ.
447 1261 490 1309 Vl.
509 1261 533 1308 li.
552 1261 663 1320 spectum
679 1254 757 1315 Eds.
779 1255 892 1317 (lituos,
911 1251 983 1319 bScp
1000 1255 1028 1302 et
1045 1253 1174 1314 Pottierii,
1193 1251 1371 1315 quemadmo—

349 1335 415 1386 dum
438 1333 556 1394 videtur,
583 1330 696 1393 omues.)
723 1356 748 1365 -
773 1330 797 1380 8.
821 1326 908 1392 credid
930 1329 1013 1378 cordis
1031 1325 1057 1377 b.
1079 1351 1106 1364 -
1130 1327 1170 1377 to.
1189 1327 1289 1388 uimque
1305 1327 1371 1378 ven.

351 1410 436 1469 liat„
449 1407 507 1460 nid.
521 1433 547 1444 -
560 1409 600 1457 ll.
614 1411 712 1457 caecet
725 1402 870 1454 illarlllandi
881 1403 950 1453 coni.
963 1403 1070 1467 reperta
1082 1402 1174 1468 postea
1186 1400 1212 1450 in
1224 1401 1292 1452 Feae
1305 1400 1370 1452 Cod.

348 1550 403 1600 5-8.
430 1544 666 1610 puteolenses]
687 1543 844 1595 «lllultomi
881 1546 960 1592 oret«
987 1569 1014 1578 —
1039 1555 1147 1591 munao
1170 1540 1267 1602 aaa]
1293 1553 1404 1602 aurum,

317 1639 367 1676 nus
385 1625 466 1674 etiam
483 1623 591 1686 sapiens
609 1634 653 1681 eu,
673 1632 742 1682 quae
755 1619 844 1670 statim
880 1618 1033 1680 argentum,
1052 1627 1180 1666 marmor.
1196 1641 1224 1651 -
1243 1615 1333 1680 maris]
1345 1628 1407 1666 mu-

316 1700 462 1758 momorat,
483 1695 551 1748 solat
562 1693 715 1746 admirari.»
732 1693 773 1743 Ad
786 1706 845 1743 sen·
881 1705 959 1753 nara,
991 1692 1160 1754 margaritas,
1190 1703 1344 1754 purpuram.
1376 1715 1405 1726 —

317 1773 415 1823 tentiae
425 1771 663 1821 conformationem
673 1767 719 1818 cir.
731 1767 785 1820 Cic.
795 1778 844 1830 pro
881 1767 1013 1828 eatretoos]
1026 1767 1056 1816 ut
1067 1764 1115 1816 Od.
1130 1765 1159 1825 l,
1178 1763 1223 1825 35,
1242 1764 1289 1814 29:
1308 1765 1408 1815 ultim

318 1849 343 1897 S.
357 1847 451 1898 Roscio
465 1847 509 1906 l't,
530 1844 574 1895 is:
603 1843 668 1906 Quid
683 1855 765 1893 censes
781 1841 845 1890 bunc
882 1841 954 1892 Orbis
969 1841 1114 1890 Britctaoos.
1143 1840 1285 1890 Praeterea
1304 1839 1338 1890 ci.
1358 1839 1406 1889 0d.

316 1923 398 1982 ipsum
420 1921 481 1971 Sao.
499 1919 626 1980 Roscium,
654 1931 702 1980 quo
726 1915 846 1966 studiosi
882 1916 910 1977 3,
924 1915 969 1976 bl,
984 1916 1014 1966 l:
1032 1915 1135 1964 Intactis
1146 1913 1287 1975 opulentior
1305 1913 1409 1964 ibmaat·

317 2009 370 2059 qua
392 1996 554 2060 iutellipeotia
574 2005 624 2042 esse
645 1993 672 2041 in
687 1991 787 2040 malicie
803 2003 846 2038 re—
881 1989 1075 2040 risArobumct
1091 1987 1174 2038 diuitis
1189 1987 1284 2038 Indiae.
1313 1987 1408 2050 (Paene

319 2069 384 2120 bus?
401 2069 435 2120 de
453 2068 512 2132 lege
530 2081 585 2130 agr.
599 2067 628 2126 t,
648 2067 689 2128 l'l,
708 2064 753 2115 tt:
782 2063 847 2126 Quid
882 2062 1038 2116 incredibile
1056 2065 1099 2113 est
1114 2061 1179 2114 alios
1196 2063 1326 2114 iunxisse:
1350 2075 1409 2112 ma-

318 2145 432 2204 censetis,
446 2169 461 2179 -
472 2156 546 2204 -quo
560 2139 674 2203 periodo
684 2140 790 2188 mamus
800 2151 847 2186 na·
881 2141 919 2190 tis
933 2145 1069 2200 extremos,
1088 2133 1232 2200 ἐσχάτους
1243 2133 1407 2202 θαλάσσης,

318 2221 395 2268 tiones
418 2215 537 2280 poturos?
563 2213 597 2264 de
618 2213 666 2263 ou.
686 2214 716 2274 i,
743 2212 771 2272 7,
798 2213 844 2261 aa:
883 2214 966 2265 aliast
984 2213 1065 2264 motis
1081 2212 1192 2274 tudima,
1210 2215 1241 2262 ut
1257 2211 1339 2264 Voss:
1358 2213 1410 2262 des

320 2293 385 2355 Quid
401 2291 468 2340 enim
484 2287 845 2348 censeam-wisovastus,
882 2291 997 2340 Macros
1024 2287 1210 2350 Spiettand.l
1235 2315 1263 2323 —
1287 2287 1407 2350 ludicro]

319 2381 369 2429 quo
391 2365 506 2414 crumulo
529 2363 626 2412 timoris
643 2361 704 2424 aopi
727 2358 847 2410 solitum?
883 2361 976 2413 «ludos
992 2360 1132 2426 publicos,
1152 2362 1293 2412 Circenses
1310 2363 1338 2411 et
1354 2359 1411 2425 gla-

320 2440 400 2492 Solita
418 2442 460 2490 est
479 2439 557 2502 igitur
575 2435 775 2488 consuetudinis
792 2436 848 2486 tor·
884 2437 1040 2498 distortos«,
1059 2439 1088 2486 ut
1110 2449 1192 2500 saepe
1209 2435 1280 2500 apud
1297 2437 1409 2488 Livium.

321 2513 408 2576 mula,
428 2513 532 2578 quael,
546 2509 848 2576 exquoaliquidquae-
885 2511 937 2562 Cir.
959 2509 1119 2562 Doederlein
1145 2511 1239 2571 Senon.
1264 2512 1295 2560 ll.
1318 2524 1346 2575 p.
1368 2511 1409 2561 st.

320 2591 416 2650 rimus,
444 2589 531 2638 acrius
552 2588 694 2647 instamus,
722 2585 847 2649 quamsi
885 2585 1061 2649 Cogitandum
1083 2586 1174 2635 autem
1196 2598 1248 2635 non
1271 2583 1358 2636 solum
1376 2585 1411 2636 de

320 2678 346 2713 v.
357 2677 381 2713 c.
394 2660 543 2726 languidius
555 2662 594 2712 sic
607 2661 845 2723 interrogaremus:
884 2673 990 2712 summa
1020 2659 1178 2724 cupiditate,
1209 2673 1261 2723 qua
1289 2658 1411 2726 plerique

322 2740 395 2799 «Quo
412 2735 531 2802 periculo
549 2736 661 2786 miseras
673 2736 794 2785 nationes
807 2733 848 2784 iu·
885 2733 1022 2786 inhiabant
1044 2733 1235 2798 gladiatoribus
1258 2737 1286 2785 et
1306 2736 1412 2786 circen-

320 2816 394 2862 turas
412 2811 564 2862 censetisi«
587 2811 614 2859 et
630 2807 714 2859 breve
732 2811 848 2873 spatium
885 2811 973 2871 sibus¹
996 2822 1091 2861 verum
1109 2811 1190 2860 etlam
1207 2808 1241 2860 dc
1263 2809 1411 2862 incredibili

321 2885 468 2938 meditandi
486 2885 550 2949 quid
568 2884 732 2948 respondeat
749 2885 773 2932 ei
786 2897 849 2934 con·
886 2884 974 2936 studio
990 2886 1018 2936 in
1035 2882 1132 2934 talibus
1149 2885 1213 2949 poni
1229 2883 1305 2936 solito
1317 2885 1352 2934 ab
1370 2886 1411 2946 iis,

322 2963 456 3022 cedimus,
476 2961 598 3010 nostrum
615 2961 706 3009 umen
723 2972 756 3008 ea
773 2957 806 3008 de
818 2971 848 3007 re
886 2962 932 3026 qui
948 2959 1026 3012 ludos
1044 2959 1176 3022 edebant,
1196 2959 1296 3012 aediles
1313 2961 1373 3012 dico
1386 2962 1412 3012 et

321 3037 449 3088 iudicium
477 3037 523 3084 aut
554 3031 625 3083 clare
658 3033 847 3097 proponimus,
886 3039 1040 3102 praetores,
1067 3049 1121 3100 quo
1148 3034 1268 3087 aemulos
1290 3035 1413 3100 magnid-

322 3115 368 3160 aut
393 3108 488 3161 saltem
513 3107 709 3171 significamus,
738 3111 766 3157 ut
790 3107 847 3157 bic:
886 3112 973 3163 centia
984 3111 1124 3162 vincerent
1135 3109 1280 3176 populique
1292 3111 1412 3162 favorem

323 3182 503 3235 «admirabilia
527 3195 581 3232 non
606 3195 692 3232 esse.»
722 3179 849 3246 Exempla
887 3184 936 3238 sibi
964 3183 1143 3236 conciliarent.
1180 3185 1232 3236 Cir.
1255 3183 1363 3236 Caelius
1385 3185 1412 3235 lu

323 3262 414 3310 autem
431 3256 549 3308 Tulliana
567 3257 730 3317 monstrant,
749 3257 792 3306 bic
809 3252 851 3306 lo·
888 3259 988 3325 aliquot
999 3261 1064 3325 Epp.
1076 3259 1111 3310 ad
1123 3260 1177 3310 Cic.
1189 3260 1278 3311 Lib.8.
1292 3260 1413 3324 Adiuuge

324 3347 372 3384 cus
400 3331 536 3396 quomodo
570 3330 773 3394 distinguendus
802 3331 850 3390 Sili
888 3348 951 3386 cum
962 3333 1083 3385 lacobsio
1094 3333 1188 3384 ludum
1199 3335 1293 3385 Troiae
1306 3335 1413 3400 saepius

323 3421 412 3472 neque
429 3421 494 3458 vero
512 3406 601 3457 obstat
621 3406 778 3458 indicativus
795 3419 851 3457 cre-
887 3409 922 3460 ab
934 3410 1052 3472 Augusto
1066 3407 1244 3472 celebratum,
1264 3409 1339 3461 cuius
1354 3422 1415 3474 par·

324 3484 374 3544 dis,
394 3480 467 3545 quod
482 3493 508 3530 v.
528 3483 589 3545 post
605 3479 707 3544 longius
724 3479 853 3531 interval·
887 3484 981 3548 ticlpes
1000 3485 1076 3533 erant
1092 3482 1179 3533 clarae
1197 3482 1336 3534 dumtaxat
1352 3486 1415 3535 stir-

324 3557 381 3608 lum
403 3559 540 3619 tamquam
567 3555 762 3618 homonymum
784 3554 851 3607 sub·
887 3558 929 3622 pis
950 3559 1027 3622 pueri
1045 3557 1161 3619 (Sueten.
1182 3557 1238 3608 Oct.
1259 3558 1321 3622 lb),
1343 3558 1414 3608 unde

325 3631 442 3682 stituitur
461 3643 487 3679 v.
506 3642 596 3680 censes.
625 3628 674 3680 Alii
697 3629 852 3696 discerpunt
888 3629 922 3681 ad
941 3643 1004 3682 eum
1021 3631 1124 3682 admitti
1150 3643 1287 3684 summum
1313 3631 1415 3684 bonum

325 3706 415 3780 locum
432 3704 512 3768 signis
530 3705 741 3767 interrogationis
758 3704 851 3769 positis
888 3704 1020 3757 nonnullis
1038 3707 1124 3757 videri
1141 3705 1267 3757 debebat.
1295 3707 1416 3771 blegnili-

325 3784 386 3847 post
406 3793 450 3832 vv.
469 3785 565 3844 turus,
591 3780 677 3841 Indos,
705 3781 810 3842 Quiritis
826 3781 853 3828 et
889 3792 935 3831 eos
953 3782 1045 3830 autem
1067 3779 1144 3832 ludos
1166 3780 1318 3846 excipiebat
1339 3779 1416 3846 plau-

326 3855 502 3921 explicantes:
531 3854 620 3916 «Quid
644 3867 753 3912 censes.
779 3852 853 3918 quod
889 3867 936 3905 sus
962 3855 1058 3906 editori
1082 3855 1160 3906 datus
1183 3869 1200 3904 a
1221 3855 1417 3920 spectatoribus

327 3933 421 3982 attinet
449 3930 484 3980 ad
512 3942 625 3980 munera
653 3931 782 3980 terrae‘l«
810 3927 852 3978 vel
890 3931 953 3993 [Cic.
966 3943 1017 3994 pro
1035 3931 1120 3982 Sestio
1137 3929 1184 3991 sl,
1204 3930 1266 3980 liti:
1292 3931 1325 3980 Ei
1344 3942 1416 3992 uero,

327 4007 403 4071 peius
434 4007 532 4055 ettam:
568 4003 730 4063 «Quomodo
758 4015 854 4054 censes
890 4005 934 4066 qui
947 4007 1039 4068 pendet
1054 4005 1128 4056 rebus
1145 4005 1292 4068 imbuent-ts
1312 4005 1355 4068 put
1370 4017 1418 4056 nt-

327 4080 443 4145 spectari
466 4093 481 4129 a
505 4077 670 4143 sapientibus
692 4075 741 4128 illis
766 4078 798 4141 (v.
818 4077 853 4142 3.)
889 4092 960 4130 mors
978 4085 1015 4142 et,
1032 4085 1061 4131 ut
1083 4081 1132 4144 ipsi
1154 4081 1304 4143 bquumur,
1329 4079 1418 4143 soom

327 4167 441 4205 munera
466 4155 593 4204 terracia
619 4154 688 4215 cet..
715 4164 777 4202 cum
805 4153 852 4202 sit:
886 4153 976 4216 populi
1000 4159 1098 4206 tenetis
1118 4159 1141 4206 ot
1161 4155 1275 4218 mur,
1298 4155 1419 4219 plausum

329 4227 484 4289 «Quomodo
497 4225 643 4292 spectanda
655 4239 750 4278 censes
762 4237 856 4277 mune·
890 4229 1119 4291 immortolttotem,
1142 4229 1242 4280 εἰῠίὶωη
1256 4235 1363 4282 mortem
1377 4229 1418 4279 oi-

329 4317 358 4354 ra
379 4305 480 4366 terrae,
498 4329 512 4339 -
524 4329 538 4338 -
550 4315 604 4366 quo
621 4314 715 4364 sensu,
736 4301 809 4362 dico,
829 4302 856 4352 et
891 4302 945 4352 deri
961 4317 1055 4356 amase
1071 4303 1138 4368 ast),
1156 4303 1254 4355 deinde
1271 4305 1339 4356 dono
1355 4305 1418 4368 out-
