3192 4974
602 427 661 506 nro..
680 427 699 478 l.
736 428 834 482 urrsr.
853 431 872 480 1.

239 583 335 652 Solve
358 595 582 652 senescentem
604 597 729 653 mature
752 607 850 652 sanus
872 607 1007 674 equum,
1032 609 1072 654 ne

239 709 356 775 Peocet
377 707 418 774 ad
441 717 621 776 extremum
643 708 798 775 ridendus
821 718 854 776 et
876 708 930 776 ilie
951 709 1057 778 ducat.

239 830 331 897 Nunc
351 829 461 916 itaque
483 839 516 906 et
537 849 652 896 versus
675 839 708 896 et
730 840 839 897 cetera
860 829 984 898 ludicra
1005 851 1107 918 pono,
1246 832 1286 895 lo

265 1010 306 1060 lt.
325 1009 450 1062 Excisum
468 1011 509 1060 est
525 1005 617 1061 lolium
635 1023 650 1058 e
668 1008 734 1060 Cod.
754 1023 770 1058 o
796 1013 858 1075 post
873 1022 898 1060 v.
920 1010 959 1060 to.
979 1022 1064 1072 usque
1082 1010 1158 1061 adv.
1178 1013 1219 1062 59.

198 1173 250 1224 que
285 1157 485 1210 consuetudinis
519 1161 577 1208 erat
606 1160 722 1209 stentem
762 1151 871 1220 ὄχεσφι
898 1160 982 1221 θοοῖς
1010 1157 1041 1222 ἐς
1067 1151 1192 1224 ἅμιλλαν
1219 1154 1284 1222 ἔβα.

198 1233 371 1297 gladiatorem
408 1236 501 1297 peiere
536 1233 723 1284 missionem.»
762 1235 861 1284 Ennius
877 1234 948 1298 opud
967 1235 1021 1284 Cic.
1041 1235 1098 1286 Cat.
1115 1238 1220 1298 malt,
1241 1237 1285 1288 ll:

199 1307 281 1358 Aliter
296 1307 420 1371 quidem,
439 1307 488 1358 sed
504 1308 548 1356 vix
566 1309 653 1368 recte,
677 1321 725 1356 ex·
762 1310 831 1360 Sient
846 1310 920 1374 [ortis
936 1323 1025 1372 epum,
1052 1312 1194 1374 spatioque·
1215 1325 1288 1374 saepe

197 1384 272 1448 ponit
288 1383 417 1433 Diintzer:
447 1396 497 1432 eno
519 1379 649 1432 invalidus
672 1382 725 1432 iam
761 1397 877 1446 supremo
897 1385 959 1433 Vicit
982 1385 1111 1446 Olympio,
1138 1400 1204 1436 nunc
1220 1387 1288 1436 senio

197 1458 337 1524 pristinem
354 1455 465 1520 gloriam
488 1457 622 1508 emitteret
643 1459 723 1519 atque
761 1459 881 1522 confectu'
899 1460 1009 1521 quiesctt.
1046 1460 1139 1510 Cretes
1151 1461 1222 1526 apud
1240 1463 1289 1511 Ze-

197 1531 295 1598 populo
312 1531 390 1582 fieret
410 1530 538 1590 ludibrio,
567 1533 644 1582 toties
662 1543 724 1582 cum
762 1533 873 1586 nablum
890 1533 921 1593 l,
940 1533 987 1584 ll:
1007 1525 1094 1600 Ἵππῳ
1112 1532 1288 1604 γηράσκοντι

197 1609 279 1658 vitem
302 1606 336 1656 ab
359 1619 392 1656 eo
410 1608 558 1656 exoraret.»
596 1606 634 1656 cl.
657 1605 723 1670 Epp.
763 1605 799 1660 τὰ
814 1610 920 1673 μείονα
937 1604 1016 1658 κύκλ·
1033 1607 1177 1670 ἐπίβαλλε.
1212 1612 1286 1662 Ouid.

199 1683 229 1741 l,
250 1683 293 1742 48,
312 1681 353 1732 66.
762 1685 838 1736 Trist.
853 1683 881 1746 l,
902 1685 930 1746 8,
950 1685 993 1734 tt:
1017 1685 1141 1736 Neoadat
1157 1692 1180 1736 et
1196 1687 1290 1736 mattos

760 1760 861 1822 palmas
877 1759 1013 1809 inhonestet
1030 1761 1146 1822 adeptos,
1173 1761 1289 1824 Longari-

231 1832 287 1881 7-9.
306 1831 350 1882 list
366 1830 427 1880 milit
444 1830 506 1895 eet]
525 1831 621 1894 Optimi
643 1831 726 1880 inter·
763 1836 809 1884 dos
826 1834 853 1883 io
867 1833 950 1895 pratis
965 1835 1086 1897 prumiae
1103 1835 1186 1896 carpit
1202 1848 1287 1897 equas.

199 1909 291 1971 pretes
316 1909 379 1957 sunt
404 1907 510 1958 Persius
535 1909 564 1966 t,
591 1905 639 1956 96:
669 1907 726 1956 Stat
764 1937 792 1945 -
811 1922 842 1958 ne
858 1909 951 1970 Pecoet]
968 1922 1018 1958 «ne
1036 1909 1162 1959 continuo
1180 1911 1205 1960 ln
1226 1924 1288 1961 saxa

198 1987 288 2032 contra
307 1983 374 2032 ratio
397 1987 421 2032 et
441 1986 562 2032 secretam
585 1983 675 2045 pannii
699 1983 726 2030 ia
762 1984 891 2048 impingat
907 1985 954 2033 aut
970 1983 1044 2033 humi
1061 1982 1234 2049 prolabatur;
1254 1986 1289 2035 ita

199 2071 300 2119 aorem,
320 2057 415 2108 leviter
432 2058 575 2108 imitatione
588 2059 725 2108 invertens
762 2059 792 2108 ut
812 2057 929 2108 eundem
954 2056 1041 2118 illum,
1069 2059 1145 2110 auius
1170 2059 1290 2121 vigorem

199 2134 372 2184 Horatianum
402 2137 517 2194 personet
529 2147 534 2189 ;
568 2131 725 2182 Plutarchus
763 2146 794 2182 ao
811 2130 980 2184 velocitatem
1003 2131 1066 2182 olim
1084 2146 1179 2184 omnes
1203 2133 1291 2184 admi-

200 2202 273 2278 πρὸς
300 2199 431 2274 ἡγεμόνα
458 2199 631 2256 ἀπαίδευτον
660 2208 724 2271 Cap,
764 2207 904 2268 rabuntur,
943 2210 1080 2271 postremo
1115 2207 1288 2258 derideant.»

201 2283 230 2344 3,
256 2285 289 2332 2:
327 2279 379 2334 τοῦ
415 2279 642 2347 πεπαιδευμένου
676 2281 725 2331 καὶ
762 2280 810 2331 llil
829 2284 978 2345 exponunt:
1006 2283 1157 2342 «vincatur,
1186 2296 1289 2346 eoquo

201 2355 425 2427 σωφρονοῦντος
466 2351 610 2427 ἄρχοντος
645 2353 726 2419 ἐντός
763 2355 827 2406 velit
843 2369 896 2406 non
913 2357 1079 2422 perveniat.»
1094 2385 1121 2393 —
1140 2357 1187 2406 itio
1204 2357 1288 2421 dcccl]

199 2433 278 2482 ἐστιν
303 2429 321 2482 ὁ
345 2429 432 2483 τοῦτο
455 2431 655 2498 φθεγγόμενος
680 2425 726 2482 ἀεὶ
765 2445 859 2494 «aegre
878 2433 999 2496 spiritum
1016 2431 1109 2494 ducat,
1133 2432 1291 2496 frequenter

200 2507 250 2556 καλ
279 2503 546 2578 παρακελευόμενος
578 2499 726 2572 (ἔμψυχος
764 2505 896 2556 anhelet»
915 2507 985 2570 Virg.
1001 2507 1089 2568 Geli,
1109 2509 1170 2560 506:
1190 2509 1292 2571 imaque

199 2575 241 2632 ὦν
266 2579 299 2634 ἐν
324 2575 402 2648 αὐτῷ
432 2577 539 2648 λόγος).
579 2583 645 2632 Nos:
677 2584 727 2634 alle
763 2581 836 2645 leupo
853 2581 901 2630 llio
917 2581 1027 2644 sinpultu
1046 2582 1157 2632 tendum.
1188 2584 1288 2633 Lucan.

198 2657 307 2708 iacere
337 2657 465 2707 stimmo
494 2657 547 2706 dos
576 2657 725 2719 liechten,
763 2655 869 2716 mse:
888 2657 1291 2720 Pectorarauoopomant,quoe

199 2732 329 2782 Kantiano
354 2743 495 2792 sermone,
528 2733 580 2781 der
603 2731 726 2795 talepo-
763 2731 848 2781 mabar
870 2731 994 2780 anhelitus
1013 2736 1116 2793 urguet,
1142 2731 1291 2794 necesaria

198 2806 301 2856 rische
325 2806 502 2866 imperatio.
537 2830 561 2844 —
593 2807 725 2871 personet]
762 2805 850 2868 prauis
867 2805 1199 2869 lonqetraltttillaptetsats.
1224 2803 1289 2855 Plin.

198 2881 298 2938 active.
329 2882 358 2928 ut
383 2879 437 2930 Clo.
463 2879 497 2929 ad
524 2881 596 2930 Fam.
618 2881 646 2942 6,
678 2881 724 2943 48,
764 2880 794 2929 H.
808 2880 839 2928 N.
853 2879 899 2940 26,
919 2880 963 2928 ⁴5:
986 2879 1292 2930 Valmeam--tomen-

198 2954 230 3005 i:
256 2955 311 3004 tam
327 2959 410 3004 tamen
426 2967 566 3016 personare
582 2968 658 3006 aoros
675 2957 727 3004 οὸνπ
763 2954 889 3004 tls--tlio
900 2953 1054 3002 trahentibus
1065 2954 1210 3008 anciliatur
1216 2960 1288 3016 pota.

198 3029 340 3078 λενλνπποάἰ
363 3029 463 3078 vocibus
486 3043 537 3079 uon
562 3033 597 3080 cst
623 3030 724 3090 inulte,
796 3029 885 3079 tit-tt.
904 3029 978 3078 Νππο
994 3029 1088 3093 itaquo]
1107 3030 1145 3078 De
1161 3031 1291 3093 positione

198 3103 272 3167 quod
290 3102 379 3154 firmat
402 3103 492 3154 Codex
510 3104 658 3164 lledieeus,
677 3104 726 3155 etsi
763 3102 907 3170 particulae
938 3104 1022 3165 itaque
1048 3103 1124 3153 lland
1145 3105 1221 3156 Turs.
1248 3107 1290 3155 lll.

199 3181 350 3242 corruptus.
381 3179 651 3241 Virg.rlen.6,lll:
669 3179 727 3230 Cor·
763 3193 789 3243 p.
814 3179 876 3228 509:
910 3178 994 3227 «Livii
1025 3180 1159 3242 tempore,
1189 3181 1291 3244 prima·

198 3254 272 3304 boras
287 3253 348 3303 toro
364 3253 452 3317 inpone
468 3255 565 3304 latratu
580 3267 661 3318 repon
677 3255 726 3304 tri-
763 3252 801 3302 ria
813 3250 1006 3314 significatione
1018 3251 1180 3314 oblitterata,
1195 3255 1221 3303 et
1232 3267 1292 3318 par-

197 3329 268 3392 {auce‘
284 3329 411 3378 Personat.
433 3353 459 3364 -
480 3334 622 3392 parantum
632 3355 644 3365 -
654 3355 666 3365 -
677 3343 727 3379 οπ-
763 3324 841 3377 ticula
854 3339 903 3390 pro
915 3327 994 3390 icitur
1005 3330 1131 3392 accepta,
1147 3318 1291 3392 scriptores

198 3403 261 3468 rem]
274 3403 338 3454 Erat
347 3400 422 3452 velut
431 3402 606 3466 proverbium
618 3403 652 3453 de
664 3417 727 3467 pur·
763 3401 835 3454 haud
864 3403 1053 3454 contemnendi
1082 3416 1144 3453 eam
1171 3403 1290 3454 secundo

199 3479 266 3542 gatis
285 3478 373 3540 (etiem
386 3480 462 3528 aceto
475 3480 548 3529 Pers.
562 3480 590 3539 5,
609 3479 660 3541 86.)
676 3491 726 3527 eu·
762 3475 822 3527 loco
846 3475 888 3542 vel
914 3477 991 3526 tertio
1014 3491 1115 3542 ponere
1140 3491 1291 3529 consueue-

199 3553 282 3604 ribus.
319 3550 401 3603 Plaut.
423 3551 475 3604 llil.
496 3550 529 3616 gl.
552 3553 580 3612 3,
606 3555 634 3614 l,
662 3554 723 3603 till:
763 3553 849 3600 runt.»
872 3579 900 3588 -
917 3551 1012 3616 versus]
1031 3554 1148 3614 Festive,
1168 3552 1292 3602 dumde-

201 3627 252 3678 Titii
265 3629 430 3692 perparpotis
441 3641 545 3691 operam
556 3628 670 3678 dotianus
681 3643 727 3678 ον-
762 3627 836 3690 ponlt
859 3641 969 3690 versus,
996 3641 1092 3678 versus
1117 3641 1179 3678 cum
1202 3630 1290 3678 amico

197 3702 277 3752 πίὁνε.
298 3731 325 3739 -
350 3703 430 3768 Soloe]
457 3705 499 3755 «Si
525 3705 597 3768 sapis
623 3701 724 3768 (soom,
763 3701 957 3762 communicat;
984 3715 1016 3752 ac
1038 3716 1067 3751 re
1089 3715 1153 3752 vcra
1171 3703 1289 3752 carmina

200 3780 229 3826 ut
246 3778 299 3826 Sat.
313 3779 341 3838 l,
359 3779 389 3838 a,
407 3777 469 3842 λλ),
490 3777 604 3841 deiunge
622 3779 648 3828 in
665 3791 727 3841 per·
763 3773 861 3838 lyrica.
880 3776 930 3826 etsi
948 3789 1001 3827 nou
1019 3775 1114 3838 multa,
1138 3778 1218 3827 etiam
1231 3781 1291 3840 post

200 3854 313 3916 potuum
331 3866 346 3902 e
364 3865 445 3904 curm
463 3865 563 3916 equum
580 3865 727 3904 senesoeu-
763 3847 893 3913 Epistolas
910 3851 1023 3914 scriptas
1036 3853 1201 3915 composuit;
1221 3851 1289 3902 adeo

201 3929 257 3976 tem
273 3927 496 3989 vacationemque
514 3929 539 3978 el
556 3927 589 3977 da
607 3927 641 3978 ab
654 3927 726 3976 omni
764 3927 805 3974 est
823 3937 898 3974 mern
915 3925 1007 3975 ironia.
1039 3926 1103 3990 Epp.
1121 3927 1150 3987 Ξ,
1176 3927 1204 3986 l,
1225 3925 1287 3975 til:

199 4011 282 4064 opere
300 4013 332 4050 ec
348 3999 464 4052 liberum
475 3993 599 4066 (ἄνετον)
612 4002 669 4052 sine
682 4013 727 4064 pa·
762 4000 817 4061 lpse
833 4013 891 4064 eqo,
910 4003 953 4062 qut
969 4000 1050 4050 nullos
1066 4015 1105 4050 mc
1116 4001 1217 4065 offlano
1228 4001 1291 4050 scri-

199 4075 253 4134 sol,
278 4073 324 4124 uhi
344 4074 425 4126 volt.»
455 4077 568 4140 Antiqua
586 4079 627 4126 est
651 4088 726 4127 com·
764 4073 819 4124 bere
840 4088 937 4136 versus,
961 4075 1077 4125 invenior
1098 4075 1197 4125 Partlis
1218 4089 1290 4126 own-

199 4149 312 4212 paratio.
348 4149 446 4214 ibycus
464 4152 505 4202 Fr.
523 4153 548 4204 2.
561 4150 725 4202 Schneidew.
764 4149 859 4200 doctor.
881 4175 908 4185 -
927 4149 1036 4213 tndtcro]
1053 4161 1174 4212 amores,
1200 4150 1286 4212 iocos,

201 4237 227 4288 p.
239 4215 387 4276 95εὮοτε
404 4225 559 4297 φερέζογος
576 4225 662 4288 ἵππος
681 4218 728 4274 oie
764 4225 883 4276 convivia
901 4227 953 4274 cet.
983 4225 1091 4290 Epp.2‚
1109 4227 1139 4284 2,
1158 4227 1203 4274 55:
1229 4225 1288 4274 Sio-

200 4293 351 4370 θλοφόρος
374 4301 442 4352 ποτὶ
465 4298 540 4372 γήρᾳ
555 4296 656 4352 :lexov
670 4295 727 4352 σὺν
762 4299 824 4364 pulo
841 4299 956 4348 deuotis
973 4301 1034 4349 anni
1046 4301 1207 4362 praedantur
1226 4313 1289 4349 eun-

288 4391 451 4439 Honorum.
468 4394 494 4439 ll.
526 4393 688 4440 aa.ua1.lll.
1074 4391 1102 4437 il
