3178 4972
609 449 669 499 nis.
687 449 707 498 1.
743 449 841 498 misr.
861 451 902 499 ni.
1246 447 1309 512 473

265 601 403 688 Dignum
425 612 532 670 mente
554 603 718 692 domoque
740 604 875 692 legentis
897 603 1032 671 honesta
1053 605 1208 681 Neronis,

266 725 397 790 Munere
420 743 494 790 cum
517 724 603 812 iungi
627 725 787 812 propioris
810 738 922 792 censet
943 727 1053 804 amici,
1288 730 1307 793 5

266 845 351 926 Quid
374 846 497 935 possim
519 845 667 914 videtne
689 847 777 914 novit
798 869 850 914 me
872 847 998 914 valdius
1022 849 1102 936 ipso.

265 967 361 1036 Multa
384 967 518 1056 quidem
540 967 620 1042 dixi,
645 989 704 1034 cur
725 979 898 1036 excusatus
920 969 1059 1052 abirem;

266 1090 331 1157 Sed
353 1091 459 1166 timui,
484 1110 557 1157 mea
580 1111 621 1156 ne
644 1089 774 1158 finiisse
797 1092 919 1159 minora
942 1103 1089 1180 putarer,

265 1211 490 1278 Dissimulator
512 1212 583 1300 opis
605 1212 771 1300 propriae,
796 1212 872 1278 mihi
895 1213 1084 1283 commodus
1108 1218 1171 1282 uni.

289 1448 314 1499 l.
333 1449 456 1511 denaque
473 1449 500 1498 i.
528 1449 567 1514 (ot
583 1461 645 1510 nos,
665 1448 749 1499 Codd.
768 1451 870 1514 nostri.)
892 1478 918 1487 —
939 1451 962 1501 5.
984 1451 1089 1503 licum
1105 1453 1158 1504 mm
1174 1453 1202 1516 b,
1228 1455 1276 1506 sed

255 1523 308 1573 tom
324 1524 352 1574 in
369 1535 471 1574 rasura.
493 1551 520 1606 ,υ
539 1524 563 1573 e.
582 1536 613 1573 ec
629 1523 706 1588 ooott]
724 1525 828 1589 eprtoott
844 1525 891 1590 Ep.

223 1711 272 1762 καὶ
287 1705 330 1762 ἔτι
346 1712 411 1774 νέος
427 1705 469 1762 <tu
486 1705 748 1782 ὁπρνσβύτηςέὶέ-
785 1713 926 1776 spectavit,
953 1715 984 1763 ut
1007 1727 1089 1777 quam
1114 1714 1309 1779 simplicissima

222 1802 288 1855 γεω
303 1785 338 1838 δι’
354 1785 425 1838 αἰδῶ
441 1782 495 1852 τὴν
512 1788 576 1858 περὶ
595 1783 647 1852 τὴν
664 1779 747 1854 ἄγχι·
785 1787 911 1837 evaderet
927 1785 984 1838 laus
1001 1788 1099 1838 Tiberii
1116 1787 1246 1854 longaque
1263 1805 1310 1842 re-

223 1879 313 1914 νοιαν.
341 1862 408 1914 lbid.
431 1863 455 1926 5.
475 1863 515 1914 26.
540 1876 566 1926 p.
586 1863 647 1913 tos:
675 1874 695 1911 π
721 1857 748 1925 ’ς
783 1864 855 1912 mota
870 1863 944 1912 esset
959 1861 994 1911 ab
1011 1864 1083 1913 omni
1100 1867 1309 1928 exaggerationis

222 1935 256 1991 τὸ
273 1934 448 2009 σεμνότερόν
459 1952 491 1988 τε
507 1938 557 1988 καὶ
574 1931 668 2002 aiom
706 1951 748 1987 ta-
783 1938 864 1998 atqne
881 1933 1039 1986 adulationis
1055 1937 1154 2000 specie.
1183 1940 1309 1990 Ceterum

221 2031 273 2086 ρον
297 2009 403 2074 σχεδὸν
430 2011 463 2064 ἐκ
492 2009 605 2085 πρώτης
633 2007 747 2077 ἡλικίας
784 2008 1309 2080 coni.Epp.2,2,t.-llooerecumcet.]

221 2087 370 2151 ἐπικλννώς
395 2083 481 2148 εἶχεν.
507 2117 534 2126 -
553 2089 682 2152 domoque]
710 2089 746 2140 Ex
784 2084 868 2134 Etiam
880 2085 932 2134 hoc
944 2077 1102 2136 ἀσύνδετον
1112 2086 1194 2138 relert
1208 2101 1310 2138 sermo·

222 2165 392 2217 Claudiorum
409 2165 492 2228 surpe
515 2162 679 2216 nobilissima
702 2177 748 2213 or-
784 2172 847 2209 nem
871 2159 1063 2222 quotidianum.
1090 2187 1117 2196 —
1139 2162 1227 2226 cenet]
1253 2161 1310 2213 Noli

222 2243 278 2300 tue,
304 2237 374 2304 apud
392 2239 515 2288 vitricum
533 2237 662 2290 educatus
680 2239 744 2288 erat.
784 2247 847 2284 cum
867 2235 1029 2284 nonnemine
1053 2233 1198 2299 explicare:
1226 2235 1308 2298 «volt,

221 2313 269 2366 Alii
286 2312 395 2377 quidem
407 2325 470 2362 cum
481 2313 748 2364 Landiuov.domum
785 2322 829 2359 me
847 2307 952 2368 iuben»
976 2309 1025 2360 sed
1050 2312 1104 2360 est:
1137 2323 1184 2360 «ex
1210 2312 1309 2362 intimis

221 2389 429 2452 interpretantur
440 2385 672 2447 aiamiliaritatem.
685 2401 748 2438 con-
784 2383 836 2434 tuis
862 2383 955 2434 amicis
983 2397 1027 2434 ma
1057 2397 1117 2435 esse
1146 2385 1309 2436 existimat.»

222 2463 426 2520 suetudinem»
460 2474 555 2512 verum
584 2463 650 2512 mira
679 2463 748 2514 haec
787 2485 813 2496 -
830 2458 967 2534 propioris]
986 2461 1141 2520 esurieris.»
1169 2473 1237 2524 quos
1259 2475 1310 2526 po-

222 2540 294 2590 esset
311 2536 482 2600 compositio:
502 2549 595 2586 «mene
612 2533 747 2588 familiari·
784 2536 842 2584 stea
860 2536 932 2584 certe
951 2533 1082 2584 vocabant
1094 2535 1196 2597 prtem
1214 2537 1310 2586 odmiu

222 2615 343 2676 tesqua.»
360 2613 446 2661 lmmo
462 2611 489 2660 et
505 2611 608 2661 interna
620 2613 647 2660 et
658 2614 747 2660 exter-
783 2609 872 2671 dona,
892 2611 993 2660 Seneca
1011 2609 1045 2660 da
1063 2611 1153 2662 Benel.
1168 2612 1196 2672 6,
1219 2611 1264 2672 33,
1284 2611 1308 2662 3.

223 2701 256 2738 ua
273 2687 331 2737 eius
347 2685 431 2746 bona,
455 2686 590 2749 ingenium
608 2688 636 2736 et
651 2685 747 2737 nobili-
784 2686 877 2748 Neque
900 2684 990 2734 umen
1008 2685 1147 2734 statuerim
1174 2687 1310 2736 Horatium

222 2764 317 2822 tatem,
339 2761 474 2822 ingeniose
492 2759 637 2824 praedicat.
659 2787 686 2796 -
710 2761 747 2810 le-
785 2759 819 2809 de
841 2761 913 2808 certa
936 2759 1084 2808 amicorum
1101 2759 1198 2809 Tiberii
1215 2759 1309 2820 classe,

221 2836 300 2900 gestu
327 2834 441 2899 memte]
472 2835 615 2886 «honestos
643 2837 747 2886 tantum
784 2833 871 2896 prima
888 2831 997 2892 scilicet,
1016 2833 1059 2882 hic
1075 2834 1216 2896 cogitasse.

222 2911 344 2961 homines
356 2908 491 2973 eligentis,
510 2922 579 2972 quos
595 2911 622 2959 in
639 2907 749 2960 tamilla-

222 2987 291 3036 rium
313 2996 423 3036 enorum
449 2997 592 3034 numerum
617 2984 745 3044 asciseat,
818 2981 874 3031 6-9.
891 2980 998 3045 valdius]
1017 2980 1159 3044 «malms,-
1181 2984 1211 3033 ut
1230 2986 1261 3033 Α.
1281 2985 1309 3034 Ρ.

222 3063 303 3124 atque
327 3060 471 3124 propterea
492 3071 507 3107 a
529 3071 559 3108 se
584 3059 748 3110 removentis
786 3055 848 3105 dit:
863 3055 965 3106 Vutdius
974 3055 1087 3106 obkctot.
1103 3083 1130 3094 -
1146 3059 1201 3120 cur]
1215 3057 1311 3110 «Multa

221 3135 344 3186 heminae
365 3132 499 3184 bonarum
521 3133 618 3183 artium
640 3131 747 3184 rudes.»
786 3130 839 3182 dixi
856 3130 890 3181 de
908 3130 1005 3192 rebus,
1029 3143 1142 3194 quarum
1166 3145 1246 3184 causa
1269 3133 1310 3184 vel

223 3211 347 3274 (aNeutro
369 3220 468 3271 genere
490 3219 555 3258 usus
573 3206 748 3270 videturque
786 3204 884 3269 quibus
893 3217 1063 3255 excusaret.»
1076 3205 1153 3256 lland
1161 3207 1235 3256 l'nrs.
1243 3209 1308 3272 ll.p.

222 3283 306 3346 magis
329 3281 427 3333 evadat
448 3280 580 3345 generalis
601 3282 746 3342 sententio,
787 3281 833 3330 tm
852 3292 893 3344 eq.
909 3308 936 3316 -
950 3279 1059 3345 abiron]
1078 3283 1122 3330 «ut
1139 3281 1310 3332 evaderem.»

222 3357 504 3421 utnpp.s‚a,iis.=
531 3355 661 3418 Drinum.)
679 3357 747 3406 Cum
785 3356 877 3404 Sonos.
894 3356 998 3417 -men]
1017 3354 1101 3405 «bona
1114 3357 1141 3406 et
1158 3355 1310 3415 commoda,

222 3431 298 3497 primi
316 3431 395 3482 huius
412 3429 543 3494 Epistulae
555 3443 650 3482 versus
666 3430 749 3495 pede·
785 3429 812 3480 in
829 3428 927 3492 quibus
943 3443 1015 3494 pono
1032 3431 1162 3494 imprimis
1173 3430 1254 3480 etiam
1272 3429 1312 3479 la-

222 3507 270 3557 stri
291 3506 409 3557 sermoni
432 3519 514 3570 quam
536 3506 649 3570 proximi
671 3507 746 3568 sunt,
785 3517 892 3564 vorem,
909 3517 962 3568 quo
974 3517 1018 3554 me
1029 3506 1157 3570 prosequi
1168 3504 1311 3568 dignaris.»

222 3583 279 3632 tum
296 3582 339 3631 hic
354 3583 479 3644 quattuor
495 3581 694 3646 amphibrachio
706 3583 749 3632 do·
788 3607 814 3616 —
829 3580 878 3630 Sed
889 3581 974 3642 moui,
984 3594 1033 3630 -oe
1045 3581 1107 3645 cet]
1118 3580 1201 3632 :Talis
1213 3579 1313 3630 descri-

221 3669 325 3721 mopue,
347 3657 460 3720 legentis,
486 3657 601 3719 tmesto,
627 3659 747 3716 Neronis,
785 3654 858 3704 bitur
869 3652 952 3725 εἴρων
964 3654 997 3705 ah
1009 3655 1149 3706 Aristotele
1161 3655 1195 3706 de
1213 3653 1309 3704 morib.

223 3732 250 3780 et
270 3729 435 3794 quadruplici
457 3743 568 3783 caesura
593 3734 648 3782 tam
665 3731 748 3794 negli-
786 3729 821 3780 ad
838 3730 940 3780 Nicom.
953 3729 982 3790 l,
1002 3730 1030 3780 3:
1056 3723 1114 3780 ὁδ’
1132 3727 1216 3800 εἴρων
1232 3727 1315 3778 δοκεῖ

222 3807 316 3867 genter
337 3807 457 3856 tornatus
479 3807 532 3866 est,
559 3808 589 3855 nt
614 3819 748 3857 nonnemo
785 3799 938 3876 ἀρνεῖσθαι
949 3800 985 3854 τὰ
997 3797 1197 3874 ὑπάρχονταῆ
1204 3800 1311 3854 ἐλάττω

222 3893 255 3928 ex
272 3879 317 3938 ils.
339 3879 384 3941 qui
403 3881 490 3930 omnia
509 3878 630 3930 subtilius
648 3880 748 3930 rimen-
786 3881 905 3930 ποιεῖν.»
924 3881 1001 3930 Lus.
1013 3905 1041 3914 -
1055 3879 1242 3943 Dustmatator]
1255 3879 1310 3930 Cic.

222 3955 277 4014 tur,
305 3965 338 4003 eo
359 3967 445 4018 usque
466 3966 626 4018 progressus
647 3955 693 4014 sit,
720 3955 750 4002 ut
785 3953 867 4004 Acad.
885 3955 915 4016 i,
934 3958 963 4016 5,
983 3955 1028 4004 tc:
1055 3955 1095 4004 lto
1110 3967 1168 4003 cum
1184 3953 1255 4004 allud
1272 3954 1312 4004 at-

221 4026 404 4090 contenderet,
418 4029 554 4079 Horatium
566 4025 686 4079 consulto
697 4027 749 4077 hac
785 4033 851 4078 caret
867 4033 942 4090 cipue
953 4029 1065 4089 mirei,
1083 4028 1187 4078 libenter
1202 4029 1239 4080 uti
1255 4029 1313 4080 soll·

222 4102 324 4152 ratione
349 4103 507 4153 imminuere
533 4101 630 4152 Tiberii
655 4100 748 4153 laudes
786 4107 871 4153 mest
886 4103 1313 4166 eudaemulottooepuomtlrceci

221 4175 337 4229 voluisse
364 4181 391 4228 et
418 4177 568 4242 significare
595 4190 641 4228 eas
669 4175 748 4228 lalsas
786 4178 932 4248 εἰρωνείαν
953 4182 1052 4227 uocant.
1075 4204 1104 4214 -
1126 4177 1188 4242 opis]
1212 4176 1312 4229 «iacul-

222 4263 283 4301 asse
300 4265 333 4302 ac
350 4253 432 4304 lictae.
469 4253 568 4303 Verum
587 4251 748 4303 tamstultus
787 4253 862 4313 tatis,
889 4251 1052 4301 auctoritatis
1073 4255 1100 4302 et
1121 4253 1234 4316 gratiae,
1258 4265 1311 4316 que

223 4339 359 4390 nunquam
376 4327 425 4379 tuit
441 4326 497 4388 ille;
517 4328 599 4379 immo
618 4327 643 4377 id
664 4339 748 4379 unum
786 4327 859 4378 lruor
876 4325 947 4389 apud
964 4327 1005 4388 te,
1028 4325 1055 4376 id
1072 4339 1155 4378 unum
1171 4329 1311 4392 appetens,
