3130 4966
617 399 676 450 iic.
695 401 715 450 1.
753 401 821 452 sii.
841 402 882 452 Ν.

251 553 428 634 Custodes;
450 553 620 626 videamus
642 563 715 622 uter
736 554 809 643 plus
832 556 975 624 scrihere
999 559 1110 646 possit.

252 677 291 742 Di
313 675 399 744 hene
422 676 580 754 iecerunt,
604 676 709 766 inopis
731 698 785 744 me
807 677 964 766 quodque
986 679 1094 766 pusilli

252 797 426 864 Finxernnt
447 798 561 876 animi,
585 817 660 864 raro
682 809 714 866 et
735 819 900 887 perpauca
922 799 1094 888 loquentis.
1120 853 1127 868 .

251 921 291 986 444
311 929 345 986 tu
366 893 545 987 conclusas
559 919 691 988 hircinis
712 919 842 988 follibus
864 943 977 998 auras,

248 1041 358 1129 Usque
380 1039 581 1120 laborantes,
604 1041 682 1108 dum
704 1041 825 1109 sermm
847 1041 968 1110 molliat
989 1043 1085 1131 ignis,
1254 1047 1295 1112 29

248 1162 287 1231 Ut
307 1162 429 1240 mavis,
453 1163 588 1231 imitare.
631 1165 751 1232 Beatus
773 1163 912 1231 Fannius
935 1164 1018 1231 ultro

272 1324 312 1375 444.
331 1323 471 1386 mentam
487 1323 580 1375 Lamb.
600 1324 668 1374 coni.
689 1337 776 1388 eoque
788 1326 897 1375 auctore
908 1322 1052 1376 Bentleius.
1069 1353 1096 1363 -
1115 1327 1155 1376 ro.
1165 1328 1264 1390 44444444

237 1399 297 1448 dum
312 1415 339 1466 y.
354 1425 381 1435 -
395 1399 506 1450 4444444444
522 1396 657 1450 Bentleius
675 1400 837 1450 coniectura.

198 1519 429 1582 pmoeabqasatir]
443 1520 593 1583 «taciturni,
607 1532 661 1571 non
673 1533 732 1584 garr-
767 1517 853 1571 Sicilia
871 1533 895 1570 a.
915 1533 941 1570 u.
960 1534 983 1571 c.
1003 1521 1072 1582 740..
1096 1523 1141 1585 qui
1163 1525 1224 1587 post
1243 1538 1295 1590 pn-

202 1593 279 1645 ruli.»
313 1595 406 1644 34444.
435 1595 546 1645 Animus
567 1597 658 1646 autem
681 1607 730 1645 au·
767 1607 847 1658 gnam
864 1593 1062 1660 Philippensem
1078 1600 1244 1662 proscriptus
1260 1599 1294 1650 nd

202 1672 260 1720 otor
278 1672 320 1720 est
335 1669 467 1720 sermonis
478 1667 520 1720 vel
537 1670 613 1734 parci
629 1667 671 1721 vel
687 1683 730 1720 co·
766 1671 827 1720 Sex.
851 1669 1010 1733 Pompeium
1032 1669 1097 1734 fugit
1120 1673 1148 1720 et
1170 1686 1194 1722 a.
1217 1687 1243 1722 u.
1267 1687 1291 1724 c.

201 1745 278 1808 piosi.
308 1745 338 1794 C.
353 1747 457 1795 Passow
468 1743 580 1795 contulit
594 1745 727 1810 Aristopb.
766 1744 823 1794 749.
837 1743 872 1794 ad
882 1744 916 1796 li.
930 1743 1074 1794 Antonium
1091 1744 1207 1808 deiecit.)
1227 1747 1294 1798 Fieri

201 1817 317 1868 hobarn.
336 1817 399 1868 ise:
418 1810 471 1884 ἄγε
482 1816 549 1880 νῦν,
567 1811 592 1868 oi
608 1816 730 1870 τάλαινα
766 1817 876 1881 quidem
892 1819 991 1882 potuit,
1017 1821 1046 1868 ut
1063 1819 1162 1869 Horatii
1182 1821 1293 1872 Fannius

201 1888 342 1964 καρδία,
369 1885 481 1943 'Aurini‘
506 1892 618 1955 4444444,
652 1885 730 1962 κᾷτα
766 1893 833 1943 mira
854 1892 970 1942 vanitate
993 1891 1099 1943 inflatus
1124 1891 1205 1944 libros
1230 1907 1293 1946 suos

199 1963 264 2032 τὴν
289 1964 450 2032 κεφαλὴν
470 1965 533 2019 ἐκεῖ
554 1965 728 2040 Παράσχες,
766 1968 794 2017 44
813 1967 958 2030 imaginem
980 1963 1049 2016 ultro
1072 1965 1190 2018 deterret
1206 1968 1232 2018 in
1250 1968 1293 2020 bi·-

200 2039 340 2093 44ποῦσί
358 2035 419 2092 ἄπ’
431 2035 469 2092 ἂν
485 2036 561 2114 αὐτῇ
577 2045 628 2094 cot
644 2039 726 2115 δοκῇ.
765 2040 929 2092 bliotheoam
947 2041 981 2092 ab
999 2042 1088 2093 Asinio
1106 2041 1236 2104 Pollione,
1264 2049 1294 2096 ut

202 2143 231 2154 -
244 2117 374 2168 4444444444
384 2117 450 2179 cet]
461 2116 613 2169 verbosum
631 2131 663 2168 ac
675 2121 730 2168 tun-
765 2117 802 2166 ait
819 2115 916 2167 Plinius
931 2117 963 2167 H.
977 2119 1007 2166 N.
1022 2118 1051 2178 7,
1070 2117 1122 2179 344,
1137 2117 1293 2180 publicatum

199 2191 293 2255 gidum
315 2204 401 2255 genas
423 2191 559 2243 scribendi
581 2194 726 2257 significat,
765 2204 789 2241 a.
808 2204 836 2240 u.
855 2205 879 2241 c.
899 2191 956 2242 746.
985 2191 1020 2253 (in
1046 2204 1099 2256 qua
1125 2195 1201 2253 tuno,
1229 2205 1292 2244 cum

201 2266 260 2330 ipso
277 2279 374 2316 versus
389 2278 456 2317 sono
474 2265 540 2318 tollis
551 2265 659 2318 sibilum
671 2281 730 2319 cre-
765 2265 939 2325 conderetur,
969 2266 1004 2316 44.
1036 2265 1143 2316 lucetii
1172 2267 1293 2318 Varronis

199 2333 341 2406 pitrimqne
363 2342 488 2394 imitatus.
509 2370 538 2379 —
554 2342 661 2408 [44444444]
683 2345 729 2394 lu·
764 2340 839 2391 4444444
862 2340 968 2390 nuruis
989 2341 1073 2402 posito
1097 2341 1182 2406 imago
1203 2343 1289 2407 erat),

199 2429 261 2466 ven.
283 2417 312 2478 7,
339 2417 405 2467 444;
435 2417 502 2468 liare
527 2418 649 2468 4444444444
672 2419 729 2469 coci
765 2416 787 2467 si
808 2415 888 2466 satira
911 2415 979 2465 haec
1002 2416 1200 2480 scriptaesta.
1220 2431 1246 2466 u.
1265 2431 1289 2468 c.

200 2491 302 2554 epirum
316 2492 450 2542 4444444444
464 2492 542 2555 [auu.
764 2491 822 2542 744.
841 2489 882 2540 444
901 2489 1008 2541 duobus
1025 2489 1144 2541 tribusve
1162 2494 1224 2542 ante
1242 2505 1291 2542 an-

231 2564 322 2616 st-ai.
348 2565 450 2629 4444444]
475 2565 569 2618 «stulte
593 2567 644 2619 sibi
670 2569 727 2633 ipse
764 2567 813 2616 nis.
851 2564 904 2615 Cir.
928 2565 1066 2616 weichert
1090 2568 1162 2616 Post.
1185 2568 1241 2617 Lat.
1262 2580 1288 2631 p.

199 2637 310 2704 placens
327 2641 408 2704 atque
425 2640 653 2693 immortalitatem
669 2644 727 2694 ani·
764 2639 821 2688 499.
860 2639 913 2690 sod
935 2651 996 2688 curn
1021 2653 1070 2703 per
1092 2641 1178 2690 totum
1201 2639 1289 2690 locum

199 2727 246 2764 mo
261 2715 338 2779 quasi
356 2716 550 2780 praecipiens.»
565 2744 593 2753 -
606 2717 727 2780 4444444444]
764 2727 797 2766 ne
809 2713 892 2766 ullum
904 2713 1013 2778 quidem
1022 2715 1137 2765 verbum
1149 2717 1196 2777 sit,
1216 2716 1289 2780 quod

199 2789 299 2839 Horatii
323 2788 488 2840 obtrectator
514 2790 607 2854 [posta
632 2789 727 2856 loqua-
763 2790 798 2840 ad
823 2788 1012 2841 bibliothecam
1038 2789 1174 2854 publicam
1195 2791 1289 2840 reterri

199 2864 325 2914 sissimus
349 2865 377 2914 et
401 2865 610 2929 ineptissimus.»
639 2867 724 2918 Coun.
763 2866 860 2928 possit,
888 2862 1017 2914 Lambino
1040 2863 1109 2913 duce
1131 2865 1232 2915 Franlre
1250 2862 1290 2914 al-

200 2939 300 2999 ciun),
319 2941 550 3004 nctuspraeterea
562 2937 727 3011 4444444444-
763 2941 848 2989 teram
869 2941 940 2990 hanc
959 2939 1110 3004 proposuit,
1137 2950 1202 2990 sane
1225 2951 1289 3003 pro-

197 3027 249 3075 τος
264 3011 363 3076 ligellii
381 3013 556 3078 Hermogenis
574 3028 607 3066 44
624 3016 679 3066 Sat.
699 3018 723 3076 4,
762 3012 936 3075 habiliorem,
955 3014 1215 3077 interpretationem:
1243 3013 1289 3063 «si

199 3088 245 3148 444,
262 3087 304 3138 4444.
324 3090 385 3151 post
406 3088 477 3138 hanc
494 3089 602 3154 scripta.
633 3089 725 3156 Utique
763 3089 911 3154 spreveris,
942 3099 1011 3151 quae
1038 3085 1201 3138 scholiastae
1227 3100 1290 3137 nar-

199 3162 370 3213 manilestum
394 3165 436 3212 ast
458 3175 522 3213 eum
543 3163 612 3214 inter
630 3165 727 3214 etiam-
763 3165 849 3224 rant»
869 3163 905 3226 (et
921 3161 1018 3211 merito
1031 3160 1153 3224 quidem;
1172 3160 1290 3212 incredi-

199 3237 263 3286 tunc
277 3236 352 3287 viros
370 3238 522 3288 memorari.
559 3237 633 3290 Falsa
650 3240 727 3303 igitur
763 3234 845 3287 bilem
863 3236 978 3286 enimin
995 3234 1106 3286 modum
1125 3235 1169 3284 hic
1186 3247 1290 3297 nugan-

199 3313 273 3370 suut,
293 3323 364 3374 quae
380 3310 543 3363 scholiastae
561 3311 670 3363 tradunt
682 3312 726 3364 444
763 3312 834 3375 444;)
854 3314 897 3361 ret
913 3311 977 3376 ipsis
995 3309 1094 3360 Horatii
1109 3309 1201 3360 verbis
1218 3311 1290 3362 insti·

197 3386 408 3437 versificatorem
433 3387 521 3451 ipsum
545 3387 635 3452 (quem
658 3389 726 3438 Fan·
763 3386 841 3446 teris,
855 3398 968 3436 necesse
980 3387 1021 3437 est
1032 3383 1177 3436 confiteare
1190 3383 1288 3436 dixisse

198 3460 273 3510 nium
306 3460 472 3520 Quadratum
500 3463 610 3524 vocant)
642 3464 725 3514 44444-
762 3463 884 3524 poetam,
906 3473 920 3509 a
942 3459 1021 3524 plebe
1045 3459 1081 3522 (4)
1105 3458 1147 3510 444
1169 3459 1289 3510 adactis

198 3537 290 3584 mento
311 3535 364 3585 hoc
389 3535 544 3598 mandasse,
571 3539 602 3588 ut
626 3549 725 3601 capsae
763 3533 931 3585 bominibus»
951 3533 1049 3598 (malim
1064 3533 1220 3598 simpliciter
1238 3534 1288 3584 «ab

198 3607 329 3660 librorum
345 3622 408 3660 cum
425 3611 539 3674 imagine
557 3609 678 3676 publicas
700 3611 726 3662 in
764 3609 832 3672 44444,Ι
859 3609 919 3672 «qui
942 3609 1030 3674 inepta
1054 3609 1142 3659 Fannii
1163 3611 1287 3672 poemata

198 3681 376 3736 bibliothecas
389 3683 570 3746 deterrentur,
589 3685 631 3736 444
649 3687 727 3736 hera-
763 3682 867 3749 plurimi
892 3684 1012 3735 lacerent
1034 3685 1061 3734 et
1081 3683 1287 3743 admirarentur,

198 3759 317 3823 dipetas,
335 3772 405 3822 quos
420 3759 502 3811 bomo
514 3761 613 3822 tenuis,
632 3773 724 3812 scurra
763 3758 787 3809 ei
811 3757 1002 3809 loculamenta»
1022 3757 1135 3822 (scrinia)
1157 3757 1288 3821 «pretiosa

197 3834 390 3896 Hermogenis,
426 3836 468 3884 vix
496 3833 632 3896 habebat,
667 3836 724 3886 eius
763 3836 790 3884 44
811 3833 953 3898 imaginem
976 3834 1056 3884 dono·
1069 3833 1130 3883 data
1153 3836 1181 3883 et
1201 3829 1288 3882 delata

197 3906 382 3972 poemenius
400 3908 501 3960 honore
520 3910 656 3970 atlecisse3
682 3911 724 3960 cui
763 3922 832 3961 esse.
867 3909 932 3960 lnde
956 3909 1094 3969 Horatius,
1121 3911 1150 3958 ut
1173 3909 1218 3972 qui
1240 3919 1288 3957 sua

196 3983 409 4047 interpretationi
438 3985 568 4048 imprimis
593 3987 726 4050 repugnat
762 3985 859 4048 scripta
893 3997 926 4034 ne
957 3983 1025 4034 lecta
1051 3983 1161 4047 quidem
1188 3981 1288 4032 nedum

195 4070 221 4107 v.
234 4058 311 4107 ultro.
328 4056 442 4120 (Falsum
454 4059 519 4110 item
531 4059 639 4124 Spobnii
652 4071 726 4110 com·
761 4057 866 4109 laudato
880 4062 979 4120 nosset,
993 4060 1120 4109 Fannium
1129 4056 1199 4110 salse
1212 4069 1289 4120 prae·

196 4135 320 4182 mentum
335 4133 408 4197 apud
425 4133 561 4195 lahnium,
587 4135 722 4185 Horatium
762 4133 860 4184 dicavit
871 4133 995 4184 44444444
1023 4133 1231 4186 Scholiastarum
1243 4145 1289 4180 au-

194 4205 270 4271 loqui
290 4207 325 4258 de
343 4208 372 4257 C.
392 4209 489 4259 Fannio
506 4208 640 4270 Quadrato
659 4210 721 4262 trib.
761 4211 816 4258 tem
838 4212 989 4260 commenta
1014 4213 1070 4259 ortu
1089 4221 1150 4260 csse
1168 4220 1200 4258 ex
1218 4206 1287 4256 male

196 4279 232 4346 pl.
252 4295 276 4332 a.
296 4295 323 4332 u.
343 4295 366 4333 c.
386 4283 454 4346 695,
478 4286 672 4348 propraetore
696 4285 723 4335 in
761 4282 894 4334 intellecto
921 4298 946 4332 v.
968 4283 1072 4346 Beatus,
1102 4295 1157 4346 quo
1182 4281 1223 4332 alii
1242 4281 1290 4332 de-
