3156 4972
283 425 347 492 ato
669 425 995 486 uentuisinnanuu

327 585 480 672 Imposita
502 583 588 649 haud
609 606 753 672 unquam
777 586 896 652 misera
919 585 1088 654 formidine
1111 587 1242 675 privet?

327 706 418 772 Adde
441 725 542 792 super
563 705 673 782 dictis,
699 707 787 793 quod
810 728 873 773 non
896 707 1000 774 levius
1022 708 1142 774 valeat:
1173 731 1247 776 nam

328 827 403 894 Sive
425 827 564 893 vicarius
587 838 651 904 est,
675 829 731 914 qui
755 849 850 894 sei-vc
873 841 978 916 pacet,
1003 829 1048 894 uti
1070 849 1141 896 mos

325 950 439 1015 Vester
450 949 501 1026 ait,
519 969 578 1014 seu
591 969 783 1030 conservum
812 949 868 1016 tihi
881 949 960 1038 quid
976 972 1049 1020 sum
1061 953 1146 1038 ego?
1174 955 1296 1040 Nempe
1331 955 1372 1018 80

324 1071 386 1147 Tu,
411 1069 487 1135 mihi
510 1069 566 1158 qui
591 1071 770 1156 imperitas,
795 1070 847 1136 alii
870 1071 974 1138 servis
1002 1071 1220 1162 miseratque

347 1278 388 1327 77.
407 1277 469 1326 haut
484 1279 510 1327 S.
531 1304 558 1315 -
574 1279 664 1342 ρήναν
680 1276 728 1328 bE.
750 1303 778 1314 -·
798 1279 839 1328 78.
857 1279 926 1329 Adde
941 1292 1028 1341 aper,
1048 1281 1119 1331 dictis
1130 1283 1196 1342 quod
1207 1295 1269 1334 cuin
1281 1283 1337 1336 aliis

314 1365 367 1403 non
384 1355 458 1402 recte
476 1353 611 1416 distinguit
628 1353 781 1413 Pottierins;
800 1366 879 1418 supro
895 1355 967 1404 dictis
983 1355 1079 1415 Aldus,
1098 1358 1158 1408 LCt.
1172 1356 1257 1421 (suaper
1269 1361 1340 1410 dictis

315 1429 396 1478 etiem
412 1423 473 1493 μξο
490 1433 517 1479 et
533 1442 574 1493 pr.
592 1429 630 1492 κ.)
649 1453 677 1465 -
697 1430 737 1479 79.
754 1434 835 1491 parat
851 1429 880 1479 E.
902 1453 930 1464 ·-
953 1429 994 1480 80.
1013 1431 1067 1494 cpit
1084 1445 1154 1482 corr.
1173 1435 1190 1482 S
1208 1437 1236 1483 et
1252 1435 1281 1484 C.
1302 1437 1341 1498 (Ut

315 1517 378 1562 nos,
398 1503 453 1554 nen
472 1507 500 1553 et
516 1517 557 1568 pr.
576 1506 612 1567 S.)
637 1531 664 1541 -
687 1504 727 1554 8t.
751 1503 796 1554 atii
820 1503 885 1554 Cod.
908 1501 1000 1554 Bland.
1019 1507 1156 1570 antiquiss.
1176 1507 1263 1600 etalii
1285 1509 1338 1559 dno

242 1697 246 1706 ·
282 1680 346 1744 λον,
374 1675 458 1732 οὐδὲν
484 1678 549 1732 dact
538 1683 635 1746 ίησεν,·
659 1676 806 1747 Εποίησε,
844 1684 926 1732 lusor
939 1697 967 1746 p.
981 1682 1044 1734 iai:
1072 1683 1217 1746 Trophimae
1239 1687 1372 1751 incapacia

282 1759 331 1816 Tc·
346 1750 505 1840 Εσνρεψε
514 1752 566 1806 τὸν
589 1749 679 1807 αὑτοῦ
702 1754 808 1807 δοῦλον
845 1756 914 1806 Caes.
927 1757 992 1821 dap.
1003 1757 1073 1808 stin.
1090 1760 1147 1810 VIC.
1166 1761 1249 1810 inser.
1263 1774 1300 1812 m.
1313 1763 1368 1812 Lat.

280 1830 326 1882 ἐπὶ
343 1828 516 1902 στρατηγοῦ,
510 1825 596 1882 ,Αλλο
613 1825 805 1890 οὐδέηΝνλ·
843 1831 1096 1882 intemperato
1124 1834 1239 1884 dammis
1265 1837 1371 1900 aupaci

278 1908 330 1958 nat
346 1903 482 1972 εἰκοστὴν
499 1899 590 1958 αὐτοῦ
607 1905 708 1958 δοῦναι
723 1900 807 1968 cipet-
843 1905 965 1956 Satvim
989 1909 1050 1970 (non
1076 1906 1188 1968 liberto,
1216 1911 1265 1960 sed
1290 1923 1369 1962 servo

279 1981 330 2032 λοι.
375 1983 408 2033 Τι’
440 1997 510 2042 ονν,·
537 1976 555 2031 ὁ
586 1979 677 2033 ταῦτα
705 1981 807 2033 παθών
843 1983 967 2042 Augusti,
977 1980 1049 2032 'huic
1067 1980 1181 2033 aSatvio
1198 1984 1316 2047 quodam
1332 1985 1370 2035 ia·

279 2051 314 2107 οὐ
331 2058 447 2123 γέγονεν
470 2053 638 2141 ἐλεύθερος
664 2050 704 2108 Οὐ
730 2054 806 2122 μᾶλ-
843 2057 912 2118 gato)
924 2057 1038 2106 enacim
1055 2057 1230 2108 tributorum
1221 2073 1247 2108 m
1258 2060 1370 2111 Ηολυοινο

278 2129 344 2192 λον,
370 2125 570 2220 ddccipaxog.
605 2124 682 2182 Επεὶ
706 2129 761 2193 ού,
788 2126 805 2182 ὁ
842 2129 985 2179 Communia
1002 2132 1083 2193 (nom
1098 2133 1281 2195 priviccrius.
1306 2135 1369 2184 ser·

277 2200 385 2269 ἀλλους
401 2208 536 2276 στρέφειν
552 2203 728 2272 δυνάμενος,
753 2201 805 2258 οὐ·
841 2205 1368 2260 vusotcartcsmemoraturiamaptauto

278 2275 392 2332 deva
377 2287 455 2344 ἐχεις
483 2277 604 2352 κύριον,·
637 2275 691 2332 οὐκ
716 2275 806 2350 cipyd-
840 2279 913 2329 Asin.
927 2280 957 2340 2,
976 2278 1005 2343 t,
1023 2281 1064 2330 28.
1099 2282 1241 2344 Deinetrio,
1258 2285 1369 2346 Pompeii

278 2371 363 2443 ptum·
370 2371 405 2407 ov
417 2371 575 2443 κορασιον
593 2371 629 2407 ον
619 2350 805 2444 n’citddpcom
840 2353 940 2415 liberto,
957 2355 1043 2417 inquit
1053 2355 1154 2406 Seneca
1167 2357 1201 2407 de
1213 2359 1309 2423 Tranq
1323 2373 1366 2410 an.

278 2425 313 2483 οὐ
331 2427 487 2501 τύραννον,Ι
513 2425 548 2481 οὐ
566 2429 654 2492 φίλον
670 2427 734 2482 τινὰ
752 2429 803 2483 τοῦ
840 2429 876 2490 8.,
896 2429 1044 2480 iamdudum
1055 2431 1160 2482 divitiae
1170 2445 1220 2483 csso
1231 2433 1369 2486 debuerant

277 2503 435 2577 cvpdvvom
452 2509 527 2556 Pers.
540 2507 569 2568 5,
584 2505 644 2556 tit:
663 2507 802 2571 Liberepo.
840 2504 898 2553 duo
913 2505 1006 2554 vincat
1027 2511 1050 2555 οι
1070 2507 1134 2556 catto
1150 2507 1295 2557 ἰοολον.-
1266 2522 1368 2560 -moa

279 2584 346 2632 Unde
363 2584 450 2632 datam
470 2582 515 2630 icoc
535 2581 625 2642 summ,
652 2586 687 2631 tot
708 2581 805 2632 subdite
843 2579 932 2643 Vester]
951 2580 1049 2630 civium
1067 2582 1262 2643 Romanorum,
1290 2583 1368 2646 inge-

276 2657 369 2707 rebas?
395 2657 434 2706 Aa
459 2657 587 2706 dominam
612 2657 730 2719 tpnorcs,
755 2657 805 2707 cisi
841 2667 970 2716 unorum,
989 2653 1086 2718 quihus
1103 2669 1133 2706 se
1152 2669 1205 2706 non
1222 2657 1279 2707 sine
1292 2659 1366 2708 certa

277 2745 350 2794 quem
374 2731 486 2780 uindicta
510 2729 633 2780 relocat?
660 2759 687 2767 -
712 2732 802 2797 privet]
840 2729 957 2792 quadam
975 2729 1151 2781 amaritudine
1163 2732 1244 2782 animi
1256 2734 1368 2796 opponit

277 2806 413 2857 «liberet»
443 2807 498 2856 Cic.
512 2804 546 2854 de
559 2807 631 2857 Finn.
647 2807 676 2868 t,
696 2809 741 2868 tt,
760 2807 801 2857 37:
840 2805 970 2856 miserum
994 2806 1171 2869 mancipium,
1197 2807 1254 2858 aine
1272 2810 1364 2871 patae,

276 2881 803 2944 Cumpriocmcrdotora,tpsctibcrotioac
839 2881 896 2930 sine
913 2881 1007 2942 gente,
1026 2881 1084 2930 sine
1097 2881 1211 2932 civitate.
1247 2881 1366 2933 Similem

275 2960 298 3005 et
313 2957 441 3007 comitate
457 2957 537 3006 omnis
555 2956 683 3007 molestiae
703 2958 802 3021 paude-
839 2953 961 3004 occultae
979 2954 1165 3018 indignationis
1183 2955 1216 3006 de
1229 2960 1299 3007 statu
1310 2971 1367 3008 seo·

275 3043 338 3080 mm.
837 3027 882 3079 viii
903 3043 1000 3080 vocem
1024 3031 1220 3094 persentiscere
1238 3033 1302 3082 mihi
1324 3033 1366 3082 vi-

307 3105 396 3155 78-80,
414 3119 490 3170 asper
501 3107 580 3175 dom]
599 3120 619 3156 π
619 3102 672 3178 ρὸς
688 3107 802 3170 coiect-
838 3102 928 3153 deor
921 3117 949 3154 in
966 3102 1015 3154 iilis
1032 3104 1258 3156 Anaxandridao'
1252 3120 1278 3156 in
1298 3107 1365 3156 hiei-

274 3181 420 3249 ρημένοις.
446 3182 520 3232 Coni.
532 3183 622 3244 Sati,
619 3123 664 3242 5,
677 3182 702 3231 3,
727 3183 801 3232 Hanc
838 3179 908 3228 nekii
933 3179 975 3228 Fr.
998 3178 1073 3229 Com.
1095 3181 1136 3230 ili.
1156 3193 1182 3244 p.
1203 3181 1276 3230 462.;
1304 3172 1364 3231 Οὐκ

274 3253 464 3319 simpliciorem
478 3257 558 3307 etiam
575 3269 664 3320 perse
677 3259 802 3308 constru-
838 3267 900 3303 εστι
921 3248 1046 3312 δούλων,
1072 3271 1095 3302 ω
1119 3247 1203 3321 ’yc'19,
1230 3248 1363 3320 οὐδαμοῦ

275 3330 390 3380 ctionem
402 3331 515 3394 requini
530 3343 655 3388 caesum
675 3332 800 3393 quocirca
837 3325 934 3391 song,
953 3325 1032 3394 Τύχη
1050 3327 1080 3380 dt
1094 3325 1189 3380 πάντα
1206 3332 1363 3400 μεταφέρει

274 3403 409 3453 reiicimus
426 3402 538 3453 aliorum
560 3405 705 3454 rationem:
732 3405 801 3455 Adde
836 3398 872 3453 τοὶ
889 3417 1062 3468 cepaea.—
1073 3405 1268 3468 senoensem]
1281 3403 1363 3455 Paulo

273 3491 361 3540 asper,
384 3479 450 3539 qaod
470 3493 521 3528 coa
537 3479 614 3528 leuius
628 3479 714 3529 odeat
730 3479 802 3529 dictis
837 3481 940 3530 cautius
956 3477 1086 3542 loquitur,
1106 3493 1168 3530 cum
1186 3480 1293 3543 proprie
1311 3479 1364 3530 hoc

274 3553 296 3615 (ν
299 3564 382 3616 quam
407 3564 476 3615 quae
494 3553 548 3603 iam
565 3552 633 3604 dicta
653 3555 730 3603 sunt»
732 3553 749 3616 ).
769 3581 798 3591 -
836 3551 914 3603 velit:
932 3554 1017 3613 «Quid
1028 3552 1100 3605 aliud
1112 3567 1142 3605 es
1155 3555 1182 3604 tu
1193 3554 1267 3616 mihi,
1281 3557 1364 3618 quam

272 3625 393 3690 ονόαήιο]
420 3627 519 3678 Servus
542 3627 657 3678 vicanus
680 3629 703 3679 is
726 3631 799 3690 erat,
838 3629 1020 3678 conservus‘i»

274 3715 356 3766 quem
374 3714 469 3752 servus
482 3701 632 3753 ordinarius
643 3715 693 3753 suo
705 3717 738 3753 ex
755 3717 801 3768 pe-
869 3703 957 3753 84-88.
988 3703 1043 3767 atii]
1066 3703 1186 3764 domino,
1214 3701 1315 3754 libidini
1336 3706 1365 3754 et

273 3774 343 3827 culio
352 3774 387 3826 ad
400 3789 463 3828 eum
475 3775 557 3826 tinem
569 3779 730 3838 emerat,ut
740 3778 799 3827 vice
837 3776 982 3842 cupiditati.
1018 3777 1092 3830 cont.
1107 3793 1132 3829 v.
1146 3777 1187 3829 98.
1217 3780 1312 3830 Nostra
1327 3777 1364 3830 lc·

274 3862 322 3901 sua
340 3849 495 3914 iungeretur
512 3851 538 3901 in
554 3850 647 3902 officiis
659 3849 801 3902 servilibus
837 3853 889 3903 ctio
907 3855 935 3904 et
952 3853 1036 3904 Ccdd.
1049 3853 1187 3918 antiquiss.
1205 3854 1363 3904 auctoritaie

274 3925 462 3988 exsequendis.
508 3927 542 3976 At
569 3937 632 3976 cum
665 3923 801 3990 peculium
837 3928 929 3978 nititur
940 3931 967 3977 et
983 3941 1033 3992 per
1044 3941 1074 3979 se
1087 3931 1129 3980 est
1143 3928 1298 3978 concinnior
1309 3927 1365 3980 voi·

275 4009 384 4062 semper
401 4003 474 4052 esset
490 4001 517 4050 in
539 3999 640 4050 domini
657 4001 799 4064 potestate,
838 4003 899 4066 gata
916 4003 986 4064 attis,
1004 4005 1087 4053 uitato
1098 4004 1263 4066 sigmatismo
1280 4001 1365 4054 inutili

276 4073 356 4123 etiam
374 4075 445 4124 servi
462 4087 557 4126 servus
572 4069 599 4139 {d
615 4070 668 4125 τοῦ
686 4075 800 4124 οἰκέτου
838 4081 865 4128 et
882 4079 1039 4142 repetitione
1056 4079 1163 4128 numeri
1178 4075 1247 4142 plur.
1260 4079 1323 4141 post
1335 4091 1362 4130 v.

276 4147 390 4212 οἰκέτης
412 4148 564 4213 Theophiloi
584 4150 610 4198 in
627 4149 724 4200 eadem
742 4162 802 4200 ma·
838 4153 878 4202 75.
907 4151 1364 4214 «unamquamquam

277 4221 372 4281 nebat,
391 4221 514 4287 adeoque
525 4225 637 4274 vicanus
653 4221 802 4276 simularat
839 4225 912 4275 tint.»
942 4229 992 4276 Per
1003 4239 1034 4276 se
1051 4230 1187 4290 spectatus
1199 4240 1264 4277 sane
1277 4224 1365 4291 plura·

275 4309 407 4346 conscmas
435 4299 506 4347 servi
536 4297 669 4348 ordinarii.
713 4299 802 4350 Osann
838 4297 870 4350 lis
887 4312 973 4363 aeque
991 4301 1094 4361 rectus,
1118 4303 1147 4350 ut
1165 4299 1210 4352 ubi
1228 4301 1364 4366 Epictetus
