3116 4968
319 429 383 498 240
678 457 681 463 ,
704 393 835 484 nonam
852 432 1034 486 sarimnnn

361 592 486 679 Sperne
508 589 617 656 cibum
638 588 751 670 vilem3
773 589 835 654 nisi
858 588 1020 678 Hymettia
1041 587 1138 656 melia
1160 588 1296 656 Falerno
1366 589 1407 656 ib

360 714 407 779 Ne
428 711 550 778 biberis
574 710 682 778 diluta.
727 710 819 777 Foris
841 719 891 776 est
911 731 1060 798 promus,
1085 720 1118 779 et
1139 723 1243 778 atrum

359 833 544 901 Defendens
566 833 673 921 pisces
696 831 816 898 hiemat
837 852 941 898 mare:
968 852 1043 899 enm
1065 831 1133 899 sale
1155 834 1248 921 panis

358 956 541 1022 Latrantem
563 952 764 1020 stomachum
784 951 870 1020 bene
896 951 1002 1021 leniet.
1047 952 1139 1024 Unde
1159 963 1254 1042 putas
1275 964 1332 1022 aut

359 1077 422 1156 Qui
445 1075 595 1164 partum?
619 1075 690 1141 Non
712 1075 744 1140 in
766 1095 843 1142 caro
864 1073 979 1142 nidore
999 1073 1148 1163 voluptas

358 1199 505 1274 Summa,
528 1194 587 1263 sed
609 1196 642 1260 in
662 1206 695 1262 to
716 1196 788 1283 ipso
811 1205 870 1264 est.
915 1198 960 1262 Tu
982 1195 1195 1284 pulmentaria
1217 1217 1344 1285 quaere
1361 1198 1404 1266 20

358 1316 531 1397 Sudando;
554 1317 708 1405 pinguem
727 1317 813 1383 vitiis
835 1316 1010 1406 albumque
1032 1338 1140 1406 neque
1163 1327 1271 1387 ostrea

382 1553 423 1603 to.
442 1552 527 1603 dalida
542 1553 568 1602 S.
590 1579 617 1589 -
637 1553 678 1603 ⁴8.
697 1553 773 1603 lentini
789 1566 859 1604 eorr.
878 1565 902 1603 e.
924 1581 952 1590 -·
970 1554 1012 1604 bi.
1030 1554 1118 1619 neque]
1134 1568 1180 1605 rtet
1196 1556 1257 1606 act.

311 1758 442 1824 [wutron
466 1757 591 1817 masmim
620 1756 736 1808 verbum
760 1755 838 1822 longe
875 1757 1015 1808 solentius:
1052 1757 1148 1819 oqets
1178 1758 1400 1812 hiemantibus.

313 1832 448 1884 efficacius
465 1843 547 1894 quam
559 1830 681 1881 eiusdem
698 1830 778 1894 gloss.
791 1845 839 1882 eo-
873 1831 1010 1882 Ammius
1027 1831 1092 1895 (eius
1103 1831 1189 1894 simia)
1201 1833 1229 1882 ta
1242 1834 1328 1895 prtem
1338 1835 1402 1886 libro

309 1907 416 1971 poterit,
443 1905 516 1970 quod
540 1903 666 1968 praetrdit
687 1904 836 1968 Bentieins,
874 1905 1090 1956 belttPooioioit:
1108 1906 1240 1968 Repente
1255 1907 1403 1960 tiemoott

312 1983 375 2047 quia
391 1980 475 2032 verbo
492 1981 629 2030 ostender
645 1993 706 2030 eam
723 1981 838 2031 tentum-
873 1985 1041 2042 tempestus.
1060 1980 1168 2030 --Non
1183 1981 1272 2034 detuit
1288 1984 1403 2036 oneribus

312 2057 394 2108 modo
427 2055 648 2118 significationem
683 2053 835 2116 tribuebat,
873 2055 933 2104 loots
946 2054 1106 2104 tocoerbren
1121 2055 1245 2118 infitiare.
1275 2057 1403 2109 Similiter

243 2178 249 2193 ,
312 2143 395 2195 quam
411 2127 835 2193 habetapudvrrg.ae.t‚433:
873 2129 1398 2192 Pers.6,7:ttbematqnemerenmore.

314 2207 344 2256 Ut
358 2205 448 2255 nodos
462 2216 523 2252 osus
537 2204 680 2254 nwdttondo
691 2203 838 2253 obtundam
876 2230 903 2239 -
939 2204 1086 2255 bononien
1116 2205 1286 2271 mmmm]
1321 2208 1399 2258 iiom.

311 2285 388 2331 ortes.
417 2277 557 2339 Quomodo
580 2279 686 2327 tertiam
708 2276 770 2327 leot.
788 2291 836 2327 eo>-
873 2277 969 2342 Odyss.
982 2295 1016 2344 η,
1034 2280 1100 2330 2⁴6:
1119 2273 1160 2330 Ori
1172 2278 1227 2351 γάρ
1238 2295 1266 2330 τι
1276 2280 1400 2355 στυγερῇ

310 2355 396 2406 mett
411 2352 527 2418 pmbare
544 2354 571 2402 et
587 2352 671 2403 verbo
684 2351 835 2415 «abegerit»
873 2350 920 2403 ἐπὶ
936 2353 1054 2424 γαστέρι
1069 2348 1206 2426 κύντερον
1216 2348 1298 2408 ἄλλο.
1318 2357 1401 2408 tiore·

310 2427 444 2494 explicare
468 2427 586 2490 potuerit
609 2425 786 2477 Mitsoberiich
809 2428 835 2476 in
872 2428 925 2478 tius
949 2429 1045 2478 ummo
1065 2433 1178 2480 oentrun
1198 2433 1277 2481 voeat
1295 2431 1350 2483 Sat.
1369 2433 1399 2494 2,

310 2502 413 2556 Prolus.
427 2501 500 2552 ⁴826.
512 2514 539 2565 p.
553 2501 589 2562 7..
603 2514 657 2551 non
668 2499 793 2564 intelligo.
806 2527 834 2538 -
872 2501 902 2562 8,
920 2503 945 2551 a.
969 2501 1045 2567 Apul.
1059 2504 1120 2553 iiet.
1134 2502 1166 2565 i,
1178 2505 1206 2553 7:
1224 2517 1400 2557 montenses·

309 2578 436 2640 iitenettio
452 2575 515 2639 eet]
534 2574 666 2626 emulsum
688 2587 836 2640 praepara·
871 2577 970 2626 utenti
992 2577 1075 2627 uentri
1091 2582 1133 2626 too
1149 2577 1211 2628 soles
1227 2579 1336 2628 ootdtter
1357 2581 1401 2630 in»

310 2657 368 2704 bam
379 2667 412 2704 ex
424 2650 577 2702 dulcissimo
589 2647 667 2700 mede
679 2651 765 2700 Attico
777 2650 833 2713 (od.
871 2652 1012 2716 prtrpttore.
1031 2651 1114 2703 Plaut.
1129 2653 1188 2704 Ces.
1201 2650 1231 2714 i,
1244 2653 1272 2714 3,
1291 2654 1320 2703 t:
1338 2653 1401 2704 oniti

309 2731 340 2790 2,
359 2728 390 2789 6,
413 2725 465 2788 tt.)
482 2729 511 2776 et
529 2727 592 2775 vino
612 2726 834 2788 generosissimo,
870 2727 997 2777 inundate
1017 2727 1167 2778 immodum
1188 2727 1307 2778 interm
1325 2741 1400 2779 w

308 2804 400 2867 spreto
411 2799 498 2852 mulso
510 2799 592 2850 mixto
602 2813 635 2849 ex
645 2801 707 2850 vino
717 2801 745 2850 et
756 2797 834 2850 malie
871 2805 984 2851 moroet.

309 2875 472 2927 communio
495 2873 612 2926 ttacrob.
627 2875 731 2924 Satura.
745 2874 774 2935 7,
788 2874 833 2924 ta:

306 2950 359 3001 ,diei
379 2955 403 3000 et
419 2949 507 2998 moun
522 2944 626 2998 averso
642 2947 766 2998 aetatibus
785 2947 835 2996 bo-
904 2949 993 3000 tt-ea.
1024 2949 1092 3000 Unde
1106 2951 1171 3013 cet]
1188 2949 1359 3002 «undoefficr
1371 2955 1400 3003 et

308 3022 597 3086 mesopotameni,
616 3022 834 3084 quodreoenttsst-
871 3023 972 3086 acquiri
990 3023 1042 3072 boo
1057 3025 1151 3086 putas,
1177 3025 1206 3074 ut
1226 3025 1327 3075 mamm
1343 3027 1399 3078 vim

307 3113 390 3161 maen,
418 3100 520 3158 mnus,
543 3098 609 3159 quod
623 3097 833 3156 vetustissimum·
871 3099 926 3147 tam
944 3097 1030 3148 tenuis
1047 3099 1074 3146 et
1091 3095 1150 3147 vilis
1166 3096 1243 3149 cibus
1262 3097 1397 3150 babenti·

307 3175 373 3226 rende
394 3179 430 3224 est
454 3179 477 3224 et
500 3173 563 3222 titud
586 3171 757 3233 proosrtiren,
784 3184 834 3232 quo
872 3173 1213 3224 Wieondwoterwobi
1227 3173 1399 3226 tomedoct

307 3253 414 3299 utrm
436 3248 551 3312 prutenos,
576 3247 724 3307 mulsum,
751 3245 834 3306 qood
870 3246 944 3297 dos?
971 3248 1048 3297 Voss.
1069 3274 1097 3283 -
1115 3248 1142 3297 tn
1158 3261 1221 3298 coro
1236 3249 1333 3314 nidore]
1355 3251 1398 3300 «in

305 3322 408 3385 probe
439 3325 604 3382 tempores,
642 3320 834 3368 miscendum
870 3315 1397 3393 gratoodoreatquabpegtvexeitunte,

308 3409 374 3448 esse
396 3409 473 3445 πονο
498 3394 651 3455 Hymettio
675 3398 706 3443 et
728 3393 834 3443 ootuto
871 3397 917 3458 qui
934 3408 966 3445 ex
984 3393 1051 3446 cibis
1067 3397 1191 3461 pretiosis
1208 3399 1317 3448 oritur.»
1341 3399 1397 3450 Sat.

309 3471 449 3522 Falerno.
469 3468 647 3529 Conisatd,
660 3466 688 3528 i,
702 3465 743 3518 at.
758 3465 835 3518 diuisi
870 3470 900 3530 ἰ,
919 3471 947 3531 i,
966 3470 1012 3521 38:
1030 3484 1122 3520 omum
1137 3472 1225 3522 stidore
1240 3473 1355 3535 sene.
1367 3501 1396 3512 -

308 3543 401 3611 optimi
412 3541 525 3593 faciendi
536 3541 777 3606 praescriptionem
789 3539 836 3591 de³
872 3544 916 3609 Tu]
934 3543 987 3594 Cir.
1005 3544 1052 3594 Od.
1071 3546 1101 3606 t,
1126 3545 1156 3606 9,
1176 3547 1216 3596 ta.
1236 3573 1264 3584 -
1279 3548 1400 3609 pobon-

308 3619 348 3672 dit
364 3614 510 3669 Columella
526 3617 570 3677 ii,
594 3614 637 3668 ii.
657 3641 684 3652 -
703 3615 776 3665 Foris
800 3619 836 3665 est
870 3618 949 3685 meto]
967 3631 982 3668 a
999 3631 1026 3669 v.
1040 3619 1137 3682 pube,
1164 3631 1217 3670 non
1233 3621 1320 3682 ootte,
1346 3620 1400 3674 ob-

309 3694 372 3759 eat]
390 3691 518 3753 «Quando
535 3689 613 3742 abest
634 3703 745 3755 promus
768 3703 835 3741 oon-
870 3693 946 3744 soniu
963 3695 1045 3756 grata.
1076 3694 1149 3744 «iioo
1165 3697 1256 3745 autem
1272 3695 1399 3748 Soomtes

309 3769 374 3830 dus,
401 3765 539 3826 cellarius,
566 3765 635 3815 adeo
656 3767 687 3814 ut
710 3763 834 3816 meliores
870 3769 973 3832 primus
990 3768 1040 3830 ait,
1067 3769 1113 3832 qui
1137 3781 1201 3820 curn
1228 3767 1263 3819 ad
1287 3771 1398 3822 noctem

309 3843 385 3894 eibos
410 3841 458 3891 tibi
484 3854 516 3890 ex
545 3853 617 3904 penu
641 3852 767 3904 promere
790 3839 834 3891 vel
871 3855 957 3908 usque
981 3843 1155 3908 spatiaretur,
1180 3845 1359 3908 interrogatus
1383 3858 1400 3896 a

309 3917 434 3968 obsonari
460 3917 603 3981 nequeat.»
630 3939 659 3953 -·
686 3917 780 3979 men]
805 3919 836 3967 ut
872 3917 1004 3981 quodam,
1018 3931 1067 3968 our
1083 3919 1136 3968 hoo
1152 3917 1266 3980 inesset,
1284 3931 1401 3984 respon·

310 3992 358 4043 od.
372 3991 460 4053 3,27,
480 3991 523 4042 48ι
542 3990 834 4041 meduanae-sous.
872 3985 1032 4056 dit:³'0epov
1048 3987 1179 4058 συνάγω,
1198 3993 1250 4043 hoo
1267 3995 1322 4054 ost,
1341 3992 1401 4045 Pul·

311 4093 341 4104 -
354 4066 492 4129 Defendens
509 4065 598 4130 pisces]
617 4077 707 4115 «mare
724 4067 836 4128 agitem
872 4067 1034 4117 monterium
1045 4079 1172 4131 quaero.»
1190 4067 1284 4117 Sonos..
1299 4093 1327 4103 -
1336 4069 1400 4130 pin-

310 4138 447 4208 proeeilis‚
465 4141 575 4203 pmpter
588 4151 656 4204 quas
672 4151 836 4190 nemonunc
871 4152 946 4203 mern
971 4139 1051 4205 abiis]
1080 4139 1204 4192 «luxurie
1231 4139 1398 4192 tumidum·

310 4215 408 4282 piscari
424 4215 539 4279 potest.»
558 4238 587 4249 -
606 4213 707 4278 Monet]
732 4208 836 4278 χειμά-
873 4214 949 4266 Coni.
961 4228 987 4264 v.
1001 4215 1047 4266 77:
1065 4227 1157 4278 coopto
1172 4213 1400 4266 commanos·

311 4293 397 4356 ζεται.
434 4289 536 4338 seneoa
560 4287 642 4354 Epist.
670 4288 733 4341 tii:
762 4287 837 4341 etet
871 4287 912 4340 ais
927 4289 1003 4340 attin
1031 4288 1184 4349 Persiusb,
1205 4288 1254 4340 98:
1276 4287 1400 4353 Naides
