3174 4974
267 407 329 472 588
627 407 993 462 nonarrrsrrsromauu

310 567 363 642 Ut,
387 574 542 652 quantum
563 563 673 651 generi
696 562 826 638 demas,
849 561 1020 630 virtutibus
1042 561 1163 640 addas;

310 686 360 752 lle
381 686 493 772 primis
515 683 609 753 Urbis
631 683 706 751 belli
729 682 890 770 placuisse
912 682 1082 771 domique

310 807 462 894 Corporis
485 806 607 893 exigui,
631 825 843 893 praeconum,
871 802 994 871 solibus
1016 813 1138 891 apum,

310 928 406 996 lrasci
430 927 585 1004 celerem,
609 936 717 994 tamen
738 935 773 991 ut
795 923 962 1012 placabilis
984 943 1100 992 essem.
1311 925 1352 990 25

267 1232 296 1271 so
314 1219 400 1270 decisis
416 1219 532 1270 4444444444
544 1221 634 1283 percis
650 1219 730 1271 luisse
748 1219 790 1270 di·
827 1221 915 1272 minus
941 1222 1002 1284 apto
1029 1215 1161 1283 explicant
1183 1215 1279 1268 «valde
1305 1231 1352 1268 ca-

267 1295 311 1344 444.
326 1321 353 1330 -
369 1295 411 1344 444
423 1295 514 1356 primia
525 1294 587 1358 cet]
606 1293 645 1344 Ci.
659 1295 711 1343 Sat.
724 1294 750 1354 4,
764 1295 787 1354 4,
827 1307 918 1356 nump»
937 1297 966 1344 ut
977 1296 1019 1345 est
1029 1305 1094 1344 sane
1102 1293 1256 1354 4444444444,
1271 1305 1352 1354 prce-

266 1370 298 1419 744
309 1381 350 1432 sq.
370 1370 478 1433 lippi,
497 1370 542 1428 ti,
561 1368 605 1418 35:
635 1367 791 1430 Principibus
826 1383 940 1431 4444444,
955 1369 1121 1432 procerastis,
1137 1367 1307 1429 praerapido
1320 1379 1353 1416 ac

264 1443 386 1505 placuisse
410 1444 472 1492 44444
495 1456 546 1491 coc
567 1439 657 1492 4444444
673 1442 729 1492 laus
744 1447 788 1492 cat.
826 1441 929 1493 similia.
963 1443 1074 1494 Unicum
1100 1443 1141 1491 cst
1165 1443 1255 1491 autem
1280 1439 1351 1504 apud

267 1519 397 1568 construo
418 1515 461 1567 vel
484 1519 593 1582 propior
614 1529 710 1566 versus
727 1529 790 1566 caa-
827 1515 1352 1578 Horatiumbuiusoompositionisexcm-

266 1604 357 1642 suram
383 1593 411 1641 44
431 1591 492 1654 quia
514 1591 553 1641 sic
569 1591 677 1655 propria
694 1592 789 1654 poetae
826 1589 913 1655 plum,
933 1588 1065 1654 simulque
1079 1601 1150 1639 nunc
1166 1602 1192 1638 v.
1211 1579 1289 1652 ἅπαξ
1305 1587 1352 1638 44-

265 1664 323 1716 lans
340 1667 464 1726 angatur:
482 1677 522 1714 444
538 1663 593 1714 belii
607 1665 721 1726 donicata
735 1665 791 1726 pic-
826 1660 960 1730 γόμενον.
984 1691 1010 1700 -
1036 1663 1127 1714 colibus
1143 1663 1240 1728 aptam]
1264 1663 1352 1726 «apri-

266 1740 343 1788 444444
358 1739 422 1788 ciria
439 1740 544 1801 4444444,
568 1751 619 1788 uon
638 1751 699 1787 oum
717 1736 787 1788 aliia:
827 1738 975 1788 cationibus
1004 1737 1166 1800 gaudentem
1193 1737 1350 1800 trigorisqne

267 1825 325 1862 4444
345 1812 468 1873 onciaco
489 1813 552 1862 44444
565 1813 656 1874 primia
672 1811 727 1862 444444·
744 1813 791 1862 do-
827 1814 1018 1863 matucntam.»
1045 1812 1087 1862 Sic
1104 1810 1168 1863 Plin.
1187 1813 1252 1876 lipp.
1270 1811 1295 1870 6,
1308 1812 1350 1872 444,

264 1887 359 1948 micae,
378 1885 405 1936 id
417 1889 471 1946 asi,
491 1899 600 1946 anonim
615 1887 791 1950 cirtacsfaerot
826 1889 855 1936 5:
880 1899 941 1936 444444
955 1885 997 1936 iiie
1012 1886 1075 1948 acie,
1095 1899 1157 1936 4444
1172 1887 1277 1950 44444444.
1306 1888 1351 1936 lu-

265 1961 331 2010 domi
347 1961 500 2020 4444444444
516 1961 631 2025 capuita,
650 1963 680 2011 ut
696 1961 732 2012 ait
749 1962 791 2011 Ci-
826 1973 887 2011 444.
902 1961 947 2020 44,
964 1959 1028 2010 4034
1055 1961 1149 2009 Nostra
1165 1959 1351 2010 4444444444444

265 2047 328 2086 cero
345 2036 421 2086 Tusc.
435 2035 464 2095 e,
481 2035 523 2096 co,
541 2037 582 2085 ee.
610 2036 683 2085 llaec
699 2038 788 2085 autem
826 2040 957 2086 contracto
977 2035 1086 2084 44444444
1108 2035 1190 2085 444444.
1218 2035 1282 2086 llire
1300 2048 1351 2084 nu-

264 2108 386 2160 scribens
416 2107 573 2159 recordatus
598 2111 640 2160 ast
665 2112 692 2159 44
717 2109 789 2160 Bruti
826 2123 876 2174 per
892 2109 1001 2172 quidam
1017 2109 1273 2172 interpretatusest:
1293 2121 1352 2160 «so-

264 2183 415 2244 Cassiiqnc,
435 2183 462 2231 et
477 2182 612 2232 Octaviani
628 2184 709 2246 atquc
721 2184 791 2234 llae-
826 2183 896 2234 libus
907 2185 1018 2248 propter
1029 2181 1162 2233 calvitiem
1174 2183 1350 2246 expositum.-

264 2257 379 2318 canatia,
400 2253 499 2318 quibus
516 2255 694 2307 adnumerare
711 2259 790 2321 pote-
829 2281 856 2292 -
869 2257 949 2306 144444
966 2255 1068 2306 caleam
1085 2257 1147 2320 cet]
1171 2257 1283 2319 Propter
1299 2256 1351 2306 boc

264 2334 306 2380 rat
322 2331 401 2380 444444
417 2330 574 2393 Agrippam,
592 2331 712 2382 Asinium
729 2331 790 2382 Pol·
826 2343 935 2394 quoquc
962 2343 1025 2381 oum
1049 2344 1099 2395 par
1121 2332 1210 2381 iocum
1227 2329 1351 2380 videntur

264 2403 376 2464 lienem,
397 2403 543 2454 Munatium
560 2402 699 2466 Plancum,
718 2406 789 2456 lies·
826 2404 1032 2469 reprehendisse
1050 2406 1184 2468 Augustus
1201 2405 1229 2453 44
1244 2405 1352 2456 444444-

264 2475 370 2538 sallam,
389 2475 533 2526 Salustium
549 2478 682 2528 minorem
699 2483 750 2530 cet.
826 2491 888 2541 nas,
907 2481 937 2529 ut
953 2492 968 2528 a
986 2477 1069 2542 Lydis
1086 2491 1115 2530 so
1133 2476 1261 2542 appellari
1277 2479 1351 2542 tingit

296 2550 385 2602 4444.
396 2551 582 2613 Ceramicos]
592 2553 693 2602 Festive
703 2555 789 2604 trans·
824 2553 1011 2604 iracundiorem
1025 2553 1125 2604 44444444
1149 2551 1197 2602 Od.
1216 2552 1245 2614 3,
1264 2553 1289 2613 o,
1306 2551 1348 2602 23.

264 2627 285 2674 it
300 2624 335 2674 ad
352 2625 471 2688 corporis
492 2625 533 2675 sui
552 2624 686 2688 habitum,
712 2629 788 2678 culus
826 2627 955 2688 Quocirca
971 2626 1090 2678 subiicit:
1114 2627 1168 2676 «ita
1188 2629 1279 2677 tamen
1296 2627 1351 2676 ira-

264 2699 341 2749 naevi
351 2711 401 2761 per
411 2699 499 2749 iocum
508 2698 543 2748 ab
552 2699 644 2749 amicis
653 2700 788 2752 interdum
825 2700 929 2752 candus
960 2694 1152 2771 (ἀκράχολος,
1182 2693 1350 2764 ὀξύθυμος)

263 2772 469 2832 deridebantur,
487 2772 585 2836 quibus
601 2774 672 2838 lpse,
691 2778 720 2825 ut
735 2776 788 2826 troc
824 2787 899 2836 sum,
925 2778 955 2825 ut
976 2773 1099 2826 iacilbma
1122 2787 1215 2826 rursus
1232 2773 1348 2838 placer.»

263 2846 335 2908 icco,
354 2847 473 2898 arridere
491 2846 607 2909 solebat,
625 2847 710 2912 probe
723 2861 789 2899 con-
825 2849 881 2900 Cic.
895 2849 929 2898 ad
940 2851 992 2899 444.
1005 2850 1033 2909 4,
1055 2850 1101 2910 ti,
1121 2848 1152 2900 l:
1175 2853 1200 2899 et
1214 2847 1351 2899 imitabiles

263 2922 334 2972 scius
359 2922 386 2970 in
410 2921 462 2970 hoc
487 2919 647 2985 corpusculo
671 2924 788 2986 4444444444
824 2923 922 2972 4444444
941 2935 992 2972 ecce
1013 2923 1165 2985 optimorum
1180 2935 1254 2984 coepe
1268 2923 1350 2972 444444-

263 2995 359 3046 Groice
375 3000 472 3045 4444444
488 2995 625 3057 Gammae,
644 3009 726 3060 quem
743 3009 789 3046 na·
823 3009 885 3047 4444
898 3001 922 3046 et
932 2995 1181 3058 mademplcccbilea.
1207 2997 1288 3046 l'otus
1300 3009 1350 3046 an-

263 3071 322 3118 tura
356 3068 406 3131 ipsi
434 3072 619 3130 concesserat,
655 3069 787 3122 inclusum
825 3074 880 3121 torn
896 3069 971 3121 locns
983 3083 1016 3120 ex
1027 3083 1061 3121 44
1073 3072 1115 3121 444
1125 3083 1234 3134 genere,
1247 3069 1282 3121 de
1294 3083 1349 3133 qno

264 3153 333 3192 csse.
349 3169 377 3178 -
396 3142 491 3206 4444444]
509 3145 561 3192 Sat.
574 3145 600 3202 4,
613 3143 638 3202 4,
651 3143 713 3195 308:
731 3146 788 3194 4444-
824 3145 980 3195 Plutarchus
997 3145 1089 3208 Symp.
1102 3145 1132 3205 4,
1146 3146 1157 3195 4
1171 3182 1177 3204 ,
1191 3145 1230 3194 ta.
1249 3157 1276 3210 p.
1288 3145 1347 3195 ero.

262 3229 307 3280 poa
322 3215 433 3266 4444444444
449 3216 481 3266 oli
497 3217 548 3266 4444
563 3217 602 3267 Ad
617 3231 741 3269 4444444444
752 3225 788 3270 44-
823 3219 922 3281 Wytt:
950 3217 1007 3268 Kal
1029 3215 1086 3267 τῶν
1106 3213 1243 3283 κωμικῶν
1265 3212 1347 3280 icco«,

262 3295 303 3340 4444
325 3289 420 3340 modali
443 3289 571 3352 4444444444.
606 3293 740 3355 Angustus
760 3295 787 3343 in
824 3293 924 3355 inquit,
947 3289 1000 3357 τὴν
1017 3295 1132 3364 πικρίαν
1148 3287 1283 3366 ἀφαιρεῖν
1299 3292 1349 3344 444-

262 3363 376 3428 lipistola
393 3363 429 3414 ad
445 3363 581 3415 Horatium
593 3365 665 3428 apud
677 3368 784 3417 Sueton.
823 3362 910 3418 κοῦσι
932 3365 972 3434 τῷ
989 3363 1131 3419 σκώπτειν
1147 3367 1281 3431 ἑαυτούς·
1308 3364 1349 3431 ὥς

262 3438 313 3487 vit.
332 3437 409 3488 Hor.:
434 3438 483 3487 Sed
498 3439 519 3486 ai
536 3438 580 3487 tibi
596 3444 696 3490 4444444
712 3441 785 3502 deest,
821 3436 1027 3513 Ἀριστοφάνης
1052 3443 1094 3505 εἰς
1116 3439 1171 3508 τὴν
1195 3439 1349 3514 φαλακρό-

262 3511 437 3572 4444444444444
451 3523 502 3560 44444
518 3512 591 3562 deest.
627 3513 715 3574 isaaco
731 3515 787 3565 lice-
823 3531 896 3581 4η444
912 3517 961 3568 καὶ
978 3513 1032 3581 τὴν
1049 3514 1131 3568 444444
1145 3514 1255 3582 diceps·
1274 3517 1348 3588 Kpa·

262 3585 297 3635 bit
312 3585 340 3634 44
350 3585 487 3635 4444444444
498 3585 607 3648 cetu,
624 3589 787 3640 4444444444-
822 3593 901 3654 sicop-
917 3587 948 3641 ds
964 3587 1018 3656 τὴν
1034 3591 1161 3658 Πυτίνην
1177 3588 1313 3656 ἐδίδαξεν.

262 3663 302 3709 tace
316 3659 449 3709 4444444444
465 3661 501 3709 toi
518 3661 549 3710 444
560 3654 784 3726 ὀγκωδέστατος,

261 3733 369 3784 acuet
378 3734 511 3784 ventriculi
521 3735 566 3784 4444.
581 3761 609 3772 -
620 3737 786 3802 praeconato]
856 3739 947 3790 se-se.
976 3739 1050 3791 Forte
1060 3740 1151 3806 4444444]
1169 3740 1226 3792 1444
1239 3753 1347 3805 quoque

263 3807 340 3858 «ante
359 3809 464 3871 tempus
481 3821 614 3868 canumm·
635 3811 739 3871 soson,
757 3814 787 3860 ut
822 3814 943 3876 volabat,
970 3817 1000 3865 ut
1023 3817 1202 3866 innotesceret
1222 3817 1346 3880 posteris,

262 3880 728 3947 44444Τηὶ4444(414444444444
748 3886 787 3948 se·
823 3900 875 3952 que
902 3891 990 3940 aetate
1015 3889 1110 3941 inisset
1134 3891 1205 3950 tum,
1233 3901 1295 3940 cum
1321 3891 1348 3940 in

261 3956 360 4006 44444444
375 3957 691 4023 modicissima),
718 3959 787 4009 Boe-
823 3962 945 4026 Epistolis
978 3965 1147 4027 potissimam
1178 3961 1348 4015 elaborandis

262 4029 332 4080 tbius
350 4031 438 4092 (Cous.
451 4031 546 4083 Philas.
561 4033 585 4082 4.
604 4034 679 4084 lletr.
693 4034 722 4094 4,
740 4035 784 4083 444
823 4039 945 4087 versatam
962 4041 1027 4087 crat.
1048 4065 1075 4074 -
1095 4043 1185 4100 4444444
1200 4038 1347 4087 4444444444--

262 4103 575 4169 increpatiotionem
589 4109 680 4158 4444444
695 4109 785 4174 coci),
822 4109 976 4175 4444444444]
994 4113 1097 4175 poetice
1110 4123 1159 4176 pro
1173 4123 1271 4162 nannos
1284 4123 1348 4174 qna·

262 4179 406 4230 Petrarcba
422 4181 475 4231 iam
492 4182 621 4245 vigesimo
632 4183 725 4246 quinto
742 4197 788 4234 ae·
823 4183 942 4247 44444444
956 4187 1106 4248 quattuor·
1119 4185 1158 4236 Ci.
1171 4185 1220 4235 0d.
1233 4186 1258 4246 4,
1269 4184 1294 4244 4,
1303 4183 1344 4233 434

262 4251 643 4320 tabsanno.Ci.Od.2,ti‚
664 4258 703 4308 444.
738 4256 786 4308 Alii
823 4257 1374 4323 Crdtoeoctoccmtrepidwitoetostilcw
