3174 4974
311 449 372 517 gip
669 447 797 499 nonant
813 446 1035 514 nersromnnu

354 605 528 694 Suspendit
549 605 633 692 pieta
654 601 774 670 voltum
799 613 1009 690 mentemque
1026 599 1158 678 tabella,

357 731 449 796 Nunc
470 725 669 802 tibicinibus‚
693 745 779 791 nnnc
801 732 850 790 est
871 727 981 810 gavisa
1003 721 1180 810 tragoedis3

356 848 424 916 Sub
445 848 569 915 nutrice
591 845 699 935 puella
719 845 807 914 velut
827 845 855 914 si
877 843 1004 911 luderet
1024 843 1139 920 infans,

355 971 450 1052 Quod
473 970 590 1058 cupide
613 969 717 1057 petiit,
740 977 865 1035 mature
887 965 982 1054 plena
1005 964 1143 1053 reliquit.
1336 962 1402 1028 400

355 1092 441 1173 Quid
463 1091 569 1181 placet
591 1099 646 1157 aul
666 1088 742 1156 odio
766 1098 830 1165 est,
854 1087 942 1176 quod
964 1107 1029 1154 non
1051 1084 1204 1153 mutabile
1226 1084 1366 1152 eredas?

377 1263 435 1312 4440.
453 1261 572 1323 relinquit
583 1261 612 1311 C.
633 1260 673 1322 (Et
683 1260 722 1310 sic
733 1258 787 1309 dno
799 1259 875 1308 Feae.
895 1261 927 1310 ut
939 1271 1000 1320 nos,
1020 1258 1111 1317 nostri,
1129 1255 1254 1318 Poltlerii,
1267 1256 1368 1306 Scbmi-

345 1338 380 1387 dii
397 1335 511 1398 omnes.)
531 1361 560 1372 -
578 1335 636 1385 404.
656 1334 727 1396 Quod
739 1333 944 1395 plaeet--qoln
960 1347 1011 1383 noa
1027 1346 1051 1384 o.
1076 1359 1100 1368 —
1120 1333 1176 1384 toti.
1195 1331 1298 1393 04444404]
1316 1332 1367 1382 cn·

341 1418 398 1475 ptos
414 1410 481 1462 alter
491 1426 524 1472 φ,
543 1411 654 1472 scriptos
665 1423 680 1460 e
693 1409 791 1460 Codice
804 1409 833 1472 (4)
846 1407 945 1459 Bartbii
963 1407 1081 1470 (Advers.
1098 1406 1139 1468 37,
1153 1405 1203 1469 48.)
1221 1405 1364 1464 Bentleius;

310 1551 443 1614 8444444444
459 1551 521 1612 eet]
546 1547 679 1601 «Tabulas
695 1549 780 1614 pictas
797 1550 839 1598 at-
876 1546 947 1611 quod
970 1547 996 1596 in
1019 1547 1114 1610 quovis
1136 1557 1235 1610 genere
1257 1507 1399 1609 pulebrurlr

311 1627 460 1677 lentissime
477 1625 622 1689 spectavit,
647 1625 683 1673 ita
700 1625 731 1672 nt
746 1621 838 1673 oeulos
876 1623 917 1671 eat
933 1623 961 1670 et
977 1619 1143 1686 perlectum,
1162 1623 1324 1671 Graecorum
1340 1623 1400 1670 ant—

312 1701 554 1764 eogitaliouemqne
575 1698 610 1750 ab
633 1699 664 1749 iis
686 1700 730 1748 vix
747 1711 838 1749 remo-
875 1697 926 1746 mis
952 1696 1061 1746 insitum
1081 1697 1162 1759 atque
1185 1695 1319 1755 innatum,
1344 1707 1400 1758 quo

309 1789 374 1825 vere
392 1776 497 1839 posset,
525 1785 588 1824 curn
612 1772 715 1837 pulchri
732 1774 837 1837 species
875 1770 1056 1820 dueatotum
1081 1770 1178 1818 artium
1203 1765 1309 1819 κύκλον
1331 1769 1400 1819 intra

312 1851 393 1912 atque
424 1845 560 1911 exemplar
591 1848 617 1897 in
647 1848 754 1898 intimos
780 1849 837 1898 eiua
874 1857 974 1910 paucas
991 1845 1093 1894 aetates
1109 1845 1144 1894 tta
1162 1841 1348 1904 excoluerunt,
1369 1847 1401 1894 ut

312 1923 424 1974 allectus
441 1924 635 1988 penetrasset.»
655 1920 759 1984 (Hellas)
778 1923 838 1985 ile!-
874 1921 900 1970 in
918 1931 1024 1983 quaque
1040 1920 1097 1968 arte
1109 1931 1245 1970 summum
1257 1917 1401 1982 perlectio-

311 2003 359 2050 lete
373 1998 593 2048 wmaebaraosett
604 2010 646 2047 om
658 1997 775 2046 Geoidlda
791 1997 838 2046 dea
875 1994 916 2044 nis
927 1995 1033 2057 apicem
1050 1995 1181 2042 tenerent.
1197 2019 1224 2028 -
1239 1993 1304 2054 Qasid
1318 1993 1401 2054 placet

312 2073 382 2123 illicit
397 2073 450 2122 aad
465 2073 504 2122 dis
520 2072 595 2122 Saele.
615 2072 728 2122 Mannum
745 2099 772 2108 -
786 2071 839 2120 oot-
875 2067 938 2131 cet]
958 2068 1014 2117 «lix
1031 2067 1165 2117 humanae
1182 2067 1293 2116 naturae
1310 2066 1402 2116 condi·

311 2152 365 2197 tum
384 2146 553 2208 mmtmnqae]
578 2146 638 2195 Tac.
658 2146 722 2195 Hist.
740 2146 770 2205 l,
789 2147 836 2195 85:
876 2144 953 2193 aione
980 2140 1042 2191 nibil
1059 2143 1085 2192 in
1104 2143 1264 2205 perpetuum
1281 2143 1327 2190 nul
1342 2140 1401 2204 pla-

312 2222 426 2270 miiaiam
441 2221 583 2282 ooltimiguo
593 2221 724 2269 maceriis
741 2219 839 2268 -tibi-
876 2219 919 2268 cet
936 2219 982 2266 aut
998 2217 1148 2280 spernitur;
1167 2215 1238 2265 baud
1255 2217 1334 2280 igitur·
1348 2217 1400 2266 mi-

313 2295 417 2355 ciaibue]
435 2307 502 2344 non:
523 2292 706 2354 «comoedia»
723 2295 753 2343 ut
771 2306 839 2344 non·
875 2305 935 2342 rum
953 2293 1006 2351 est,
1026 2291 1048 2341 si
1065 2292 1159 2341 Graeci
1176 2303 1284 2355 qnoque
1301 2289 1335 2340 ab
1347 2301 1400 2340 una

313 2367 375 2418 nulli
392 2368 558 2431 interpretati
573 2370 650 2428 suut,
669 2367 730 2417 sed:
750 2381 840 2431 «sym-
876 2365 911 2416 ad
927 2363 1006 2416 aliam
1015 2368 1100 2415 artem
1109 2365 1252 2429 praecipue
1260 2363 1400 2415 colendam

313 2441 464 2506 phenicem,
473 2459 486 2486 ι
505 2455 538 2490 ex
550 2440 647 2504 quibus
658 2454 742 2491 unum
754 2454 838 2504 genus
876 2441 1062 2491 transierunt.»
1081 2441 1136 2489 lice
1151 2452 1245 2499 versu,
1264 2441 1286 2489 si
1298 2437 1362 2502 quid
1373 2441 1400 2488 in

314 2515 442 2565 nominat.
470 2516 550 2565 Corn.
564 2515 629 2578 Nep.
643 2515 763 2579 Epamin.
776 2516 836 2577 ²1⁴²
877 2518 1040 2566 Graecorum
1058 2513 1152 2566 studiis
1174 2517 1263 2564 inesse
1279 2514 1401 2564 videatur

314 2591 426 2641 eadum
441 2591 490 2648 sic,
511 2595 539 2639 ut
555 2601 627 2639 uento
646 2589 839 2639 lbebouasmo-
875 2587 989 2639 levitatis
1006 2591 1087 2652 atque
1105 2589 1310 2648 inconstantiae,
1331 2599 1401 2650 quo-

312 2667 359 2730 gis.
389 2665 457 2716 Nom
481 2669 504 2714 et
523 2665 678 2714 &mansure
694 2669 717 2714 et
735 2669 840 2715 cantora
877 2661 1021 2714 dammodo
1048 2664 1164 2712 arcum.
1199 2661 1321 2712 Sebdffio
1346 2661 1363 2711 i.
1381 2660 1398 2711 Ι.

313 2743 348 2792 nd
372 2740 524 2790 chardamo
548 2752 637 2790 eoown
661 2739 746 2790 decim
765 2745 801 2790 est
823 2753 841 2788 a
877 2737 1034 2789 subditicios
1051 2735 1206 2796 videbatur,
1233 2737 1309 2800 qnia,
1332 2749 1400 2800 quo·

312 2815 435 2877 lampeto
447 2841 498 2875 ·-,
520 2813 701 2864 committite
712 2813 840 2876 ololam-
877 2811 958 2864 modo
976 2823 1038 2862 cnm
1059 2809 1283 2874 praecedentibus
1300 2823 1401 2861 conne-

310 2890 433 2952 piodoro,
459 2888 554 2938 solim
579 2901 597 2936 a
622 2888 788 2950 Calliphrone.
810 2917 838 2926 -
878 2889 1004 2948 claretur,
1018 2897 1113 2950 parunt
1122 2885 1310 2950 perspiciebat.
1328 2885 1400 2936 Alius

314 2961 449 3026 tragoedis]
469 2960 620 3012 accumbas
631 2962 738 3024 tragicis
751 2961 841 3012 simul·
877 2963 1019 3014 lectionem
1042 2961 1095 3011 mei
1113 2959 1218 3011 Codicis
1234 2973 1259 3022 c,
1278 2961 1357 3010 etiarn
1373 2961 1400 3009 in

315 3050 368 3101 qne
381 3035 476 3086 fabulis
488 3036 566 3100 ipsis,
580 3049 647 3100 quas
659 3036 799 3099 agebant.»
810 3061 838 3072 -
878 3037 1040 3101 Langeriano
1051 3037 1196 3098 repertam,
1209 3035 1401 3086 commendans

315 3103 366 3162 Sul
382 3111 487 3175 omncs]
511 3111 687 3161 «moderante
705 3113 839 3172 nutrice‚»
878 3113 916 3163 sic
934 3109 1087 3174 explicavit:
1108 3108 1191 3169 «Quid
1203 3121 1313 3170 eorum,
1331 3121 1401 3172 quae

316 3191 346 3237 ut
362 3187 427 3251 Epp.
442 3189 471 3247 l,
489 3187 530 3247 le,
543 3187 587 3236 77:
606 3199 680 3236 saeuo
697 3191 720 3236 te
735 3187 780 3236 sab
796 3201 842 3236 cu-
878 3183 920 3235 vel
930 3182 1038 3248 placent
1048 3181 1090 3233 vel
1102 3182 1253 3248 displicent,
1271 3187 1402 3248 perpetua

316 3262 384 3312 stede
401 3261 493 3311 tenebo.
523 3261 645 3311 Nutrices
662 3263 752 3311 antem
770 3260 841 3324 apud
879 3259 984 3324 placere
1008 3256 1182 3322 displicer-eve
1199 3261 1314 3322 pules?-
1338 3260 1403 3308 Sen-

316 3335 440 3398 antiqnes
464 3335 582 3398 primum
607 3333 662 3384 iera
685 3347 736 3398 per
759 3335 842 3384 trien-
879 3334 959 3383 tentia
977 3345 1061 3396 prope
1079 3332 1174 3382 eadem
1190 3336 1245 3393 est,
1265 3331 1401 3396 eedlonge

316 3411 391 3462 nium
416 3409 529 3459 inientes
553 3407 722 3468 educabant;
748 3411 842 3473 postea
879 3405 1025 3470 elegantior
1062 3407 1120 3469 ipsa
1159 3407 1257 3457 Horatii
1297 3419 1402 3458 manns.

316 3487 348 3536 lis
359 3483 506 3549 paedagogi
517 3481 660 3544 dabantur,
677 3484 756 3534 etiam
769 3482 843 3533 leuti-
879 3480 1029 3532 Schmidius
1047 3484 1185 3544 comparat
1200 3479 1284 3532 Publii
1297 3482 1356 3544 syri
1372 3495 1400 3531 v.

318 3559 375 3618 nis,
402 3560 432 3607 ut
454 3553 527 3608 certe
544 3557 689 3621 Antigonae
707 3558 733 3607 in
751 3557 840 3620 Eurip.
880 3556 937 3607 384.
956 3555 1055 3606 Bottia:
1073 3554 1404 3616 immedicabilia

318 3634 418 3683 Phoen.
434 3659 463 3671 -
479 3632 559 3696 petiit]
578 3634 607 3682 ln
625 3645 704 3696 prosa
721 3645 760 3681 or.
778 3643 843 3694 pro-
879 3631 946 3692 qaod
961 3630 1041 3692 reficit
1054 3631 1174 3680 uomina.
1189 3657 1216 3666 -
1234 3629 1295 3694 liae]
1310 3629 1402 3680 «Hunc

319 3705 362 3757 cul
390 3704 472 3756 dubio
497 3705 648 3770 scripsisset
669 3706 784 3769 patierat
813 3729 841 3740 -
879 3704 999 3754 omnium
1007 3703 1104 3753 artium
1113 3702 1402 3754 amoremetcnltum.»

319 3785 420 3831 samara
433 3778 517 3843 pleian]
541 3781 585 3830 Sic
600 3780 694 3843 iunge,
718 3790 770 3829 non
785 3791 843 3827 mo-
882 3805 909 3815 -
927 3776 1011 3841 pocae]
1028 3779 1102 3827 Non:
1121 3776 1241 3828 «diversa
1258 3779 1332 3841 pacis
1348 3777 1404 3827 loe·

319 3861 375 3905 titre
390 3855 501 3916 reliciat,
519 3854 591 3917 quod
609 3855 738 3917 ingratam
755 3852 845 3902 eiiice·
881 3852 976 3913 derap·
994 3851 1057 3902 sed:
1078 3851 1158 3900 «bono
1175 3849 1269 3912 (dulcia
1281 3851 1402 3914 etgrata)

319 3931 362 3979 ret
378 3923 524 3978 ἀντίθεσιν
540 3941 583 3978 vv.
596 3929 685 3990 cupida
692 3929 771 3990 petiit.
798 3928 845 3978 Est
880 3927 954 3990 pacis
976 3929 1098 3989 tempora
1121 3928 1148 3975 el
1170 3924 1273 3976 artibus
1289 3928 1317 3976 el
1333 3926 1403 3975 vitea

319 4006 418 4055 autem:
436 3997 607 4074 «ἁψίκορος,
618 4003 741 4054 celeriter
750 4003 844 4054 satiata
881 3999 1030 4051 commodis
1055 4000 1185 4063 imprimis
1210 3999 1349 4050 larentia.»
1373 4025 1401 4036 -

321 4079 460 4142 Graecu-
479 4091 546 4139 non,
569 4080 599 4128 ut
615 4075 656 4128 elii
674 4076 776 4137 volunt,
792 4091 845 4139 pa·
879 4075 994 4135 emaque
1009 4074 1119 4137 44444444]
1136 4075 1283 4137 «Prospera
1299 4071 1403 4122 tonnae

320 4155 377 4205 elle
406 4154 516 4219 Egregie
542 4152 583 4204 bis
604 4165 647 4202 vv.
665 4153 787 4216 exprimit
803 4153 845 4200 in·
880 4150 933 4199 boe
949 4149 1050 4208 effecit,
1072 4145 1162 4197 uitali
1179 4146 1261 4197 modo
1277 4147 1404 4210 unoque

321 4227 451 4289 labilem,
470 4229 546 4280 utita
558 4227 659 4288 dicam,
678 4229 706 4277 el
716 4223 844 4277 mobilem
881 4237 943 4275 eum
952 4223 1182 4276 suceessntiraeei
1194 4219 1349 4272 liberalibus
1359 4232 1405 4269 an-

321 4317 353 4354 ac
369 4316 453 4368 prope
464 4303 642 4356 ludibundum
653 4313 763 4354 sensum
776 4301 842 4362 eius,
881 4297 951 4350 tibus
975 4309 1084 4364 operam
1101 4295 1230 4354 darcon·
1256 4293 1370 4357 imagine
1387 4305 1405 4342 a
