3130 4966
602 441 662 490 LlB.
684 442 701 491 l.
738 443 805 492 sal.
825 443 842 494 l.

221 597 288 662 Nou
311 615 454 684 unquam
477 617 572 664 servo
595 596 711 664 melius
734 600 879 675 vestiret,
905 602 946 669 nd
969 623 1074 690 usque

220 719 413 808 Supremam
435 730 578 806 tempus,
601 741 644 786 ue
666 741 702 788 se
725 723 860 808 penuria
884 725 987 790 victus

218 840 438 928 Opprimeret,
461 841 635 908 metuebat.
679 847 717 908 lt
739 843 823 910 huno
847 843 961 912 liberta
984 850 1089 914 securi

219 963 332 1028 Divisit
354 961 511 1042 medium,
535 963 709 1032 fortissima
730 965 995 1056 Tyndaridarum.
1204 971 1266 1036 44444

217 1083 303 1164 Quid
325 1084 369 1150 mi
392 1085 488 1172 igitur
509 1085 651 1154 suades?
674 1087 713 1156 Ut
734 1088 840 1154 vivam
862 1089 1030 1156 Maenius?
1057 1103 1111 1158 aut
1133 1093 1180 1160 sic

241 1263 298 1314 4444.
319 1263 415 1327 (leidae
431 1266 512 1329 tpttur
527 1265 581 1316 duo
593 1241 732 1329 44444444,
751 1268 828 1331 prob.
849 1269 961 1332 Reisigio
979 1271 1034 1320 Lat.
1054 1271 1184 1333 Spracluo.
1204 1287 1230 1338 p.

206 1339 264 1390 sle.
294 1367 321 1378 -
348 1339 447 1391 4444444
462 1338 479 1404 ξ
496 1344 523 1392 44
547 1354 587 1406 pr.
613 1340 642 1402 l,
670 1343 784 1392 Matutae
807 1346 927 1394 Aoroet
952 1345 1113 1410 Porphyno,
1141 1348 1234 1398 Nartes

206 1413 331 1540 aezssdp'
351 1417 461 1465 Nasutus
478 1417 627 1467 comment.
644 1418 736 1480 Cruq,
750 1419 798 1466 CF.
815 1445 841 1454 —
856 1429 889 1467 44
907 1419 942 1467 rte
953 1420 982 1480 u,
1001 1418 1031 1480 λ,
1051 1435 1082 1470 ao
1098 1421 1133 1471 ste
1150 1435 1229 1488 pyrp,

174 1623 250 1670 eum,
278 1611 316 1661 uti
341 1611 429 1662 vnum
454 1613 497 1662 444
520 1611 648 1663 Wshero.
672 1639 699 1649 -
740 1612 821 1664 luisse
834 1612 1116 1680 liberteesuspioatur.
1138 1615 1267 1668 44442444-

170 1686 310 1748 [orttsstma
324 1686 535 1752 Tyndaridarum]
550 1701 644 1752 «quae,
661 1686 702 1737 44-
738 1689 802 1738 sehr.
817 1690 837 1752 s.
855 1689 981 1740 4444444444.
1001 1691 1074 1742 4846.
1092 1705 1119 1756 p.
1138 1691 1186 1742 699
1202 1705 1262 1756 sqq.

172 1763 229 1810 tera
247 1759 460 1823 Clytaemnestra
479 1764 578 1826 (luven.
592 1763 620 1822 6,
638 1763 699 1812 657:
772 1763 894 1815 ror-tot.
920 1765 985 1827 0444
1001 1767 1036 1814 ml
1053 1767 1132 1830 tpttw
1142 1767 1265 1830 44444444]

170 1835 248 1886 sano
282 1836 506 1897 04444444444444
538 1837 622 1888 nultra
650 1851 701 1888 non
740 1841 819 1889 rtVas
834 1839 915 1889 rdttsst
932 1841 966 1890 du
982 1841 1032 1890 mtr
1049 1840 1141 1890 atro?-
1170 1843 1266 1903 Quidue

169 1912 241 1962 44444
279 1911 417 1975 lutee),
456 1915 598 1977 patronum
637 1926 701 1963 eun·
737 1915 830 1978 tpttar,
853 1913 925 1976 quod
943 1913 1076 1966 nonnullis
1093 1912 1205 1979 placuit,
1224 1917 1266 1965 vi·

171 1985 290 2049 demque
316 1988 404 2037 virum
429 1999 524 2048 suum,
549 1988 584 2039 ob
608 1988 701 2039 foedas
738 1989 818 2040 datur
834 1989 970 2040 adversari
993 1989 1177 2041 consuetudini
1194 1991 1265 2041 Latt-

171 2063 277 2125 pstronl
295 2062 391 2114 sordes
408 2064 435 2112 in
453 2077 516 2113 eum
533 2066 699 2128 exaspemta,
739 2079 798 2116 nae.
829 2064 908 2116 Elisio
920 2067 1011 2115 autam
1024 2067 1065 2116 est
1076 2063 1181 2128 eadem,
1195 2079 1264 2130 quae

170 2137 340 2188 atrocissime
362 2137 473 2196 oeetdlt;
495 2140 556 2189 «das
576 2138 701 2189 44444444-
738 2141 790 2190 Sat.
809 2141 836 2200 4,
856 2141 887 2201 4,
905 2140 947 2190 lli.
969 2167 996 2176 -·
1015 2141 1140 2202 44444444]
1159 2143 1204 2190 aut
1224 2142 1267 2191 vi·

169 2215 205 2262 rte
230 2212 303 2262 Wotlr
329 2213 509 2274 Tyndarircter
529 2216 699 2278 Sippsetafl.»
737 2214 776 2264 vit
800 2214 946 2265 naeuius.»
985 2215 1027 2264 Sic
1053 2215 1137 2278 Epod.
1162 2217 1191 2275 4,
1218 2215 1263 2266 st:

170 2287 299 2350 (llirclrnl
312 2289 415 2339 Nomen
426 2289 636 2350 Tyndaridarum
646 2302 700 2353 qua
737 2289 880 2340 Discinctos
896 2294 942 2339 aut
963 2291 1071 2351 pardem
1097 2291 1153 2354 (ut)
1179 2305 1263 2353 nepos.

169 2365 281 2429 proprie
298 2364 429 2427 Tyndarei
448 2364 491 2415 tilii
517 2365 699 2428 designantur,
739 2366 805 2426 «Qui
828 2365 862 2414 de
885 2365 1008 2428 personis
1033 2365 1181 2416 Horatianis
1197 2369 1265 2418 seri·

171 2440 269 2490 Castor
286 2441 314 2488 et
331 2438 435 2500 Pollux,
455 2453 550 2492 omues
567 2439 700 2504 Tyndarei
737 2441 857 2502 pserunt,
877 2439 952 2489 aiunt
968 2440 1102 2490 llaenium
1120 2443 1147 2490 44
1164 2444 1266 2492 scurri-

168 2513 285 2574 liberos,
309 2516 389 2564 etiam
413 2513 480 2566 tillus
503 2515 698 2580 complectitur,
737 2513 809 2566 litate
833 2517 860 2564 et
883 2515 1000 2580 iueptntu
1022 2515 1190 2566 notissimum
1214 2519 1266 2567 llo-

169 2593 199 2640 ut
210 2588 353 2648 llelenam,
367 2587 618 2652 Clytaemnestram,
630 2603 700 2654 quae
739 2603 808 2639 mae.
844 2591 892 2640 llic
909 2591 970 2654 post
986 2590 1176 2654 patrimonium
1187 2591 1265 2642 abro-

167 2666 279 2729 pruprie
300 2664 452 2726 4444444444
470 2668 609 2716 vocantur.
644 2669 700 2717 An·
737 2677 798 2715 sum
816 2663 941 2716 Kalendis
953 2666 1079 2715 lanuartls
1097 2665 1123 2715 in
1136 2665 1264 2729 Capitolio

168 2738 232 2789 thol.
254 2738 366 2790 Plenud.
385 2741 429 2790 76:
460 2741 497 2790 Ol
512 2745 587 2811 τρεῖς
611 2741 701 2792 Tou·
738 2738 886 2792 elaravoee
898 2740 1009 2804 optavit,
1029 2745 1059 2789 44
1070 2739 1263 2803 quadringenta

166 2811 322 2885 daptrlru,
340 2811 620 2886 Κάστωρ,Ἑλένη,
637 2816 699 2881 llo-
737 2827 910 2865 nummorum
938 2815 1014 2864 ueris
1034 2814 1111 2865 alieni
1139 2814 1261 2868 haberet.

166 2887 319 2955 λοδεύκης.
337 2891 450 2942 Theocr.
469 2892 582 2955 (Bergk.)
601 2893 646 2950 48,
667 2894 713 2942 5ι·
738 2892 887 2951 Quaerente
905 2890 1037 2954 quodam,
1056 2889 1121 2954 quid
1138 2889 1189 2941 sibl
1207 2891 1265 2942 vel-

164 2958 260 3018 Ἀνικα
273 2963 489 3037 Τυνδαριδᾶν
500 2963 698 3030 κατεκλάξατο
736 2964 784 3026 144,
814 2965 887 3029 quod
915 2968 970 3016 tam
999 2962 1121 3016 sollemni
1146 2965 1190 3015 dle
1216 2979 1263 3018 aes

165 3037 219 3092 τὰν
236 3035 394 3108 ἀγωτατὰν
412 3038 603 3104 Maeandrius
614 3037 700 3093 Ἑλέ-
736 3040 852 3091 alienum
870 3043 975 3105 optaret
996 3040 1111 3100 trabere,
1138 3039 1194 3092 Noli
1212 3043 1264 3092 ml-

166 3127 229 3166 ναν
246 3111 268 3166 ὁ
285 3112 424 3186 νεώτερος
439 3111 549 3186 Ἀτρέος
565 3113 637 3179 vide.
657 3118 695 3167 Da
736 3117 801 3176 rari,
817 3117 914 3178 inquit,
928 3115 1079 3177 octingenta
1091 3114 1188 3166 debeo.
1216 3117 1263 3166 llio

166 3192 278 3243 diverso
301 3190 456 3255 superlativi
477 3194 505 3242 44
526 3193 633 3255 genitivi
651 3205 699 3255 ge—
736 3192 821 3241 444444
837 3190 918 3240 domo
940 3202 1001 3248 sua,
1025 3201 1106 3251 quam
1123 3189 1158 3238 sd
1176 3189 1262 3240 samm

166 3279 231 3318 nere
244 3266 317 3317 oonl.
332 3267 409 3316 llom.
425 3265 497 3318 llisd.
511 3281 543 3328 χ,
562 3267 621 3317 439ε
640 3268 699 3337 κίρ-
736 3267 908 3331 speetantem
939 3264 1083 3324 habuerat,
1127 3265 1262 3316 divendita

165 3356 243 3404 κος-,
257 3335 458 3410 ἐλαφρότατος
470 3339 623 3406 πετεηνῶν.
645 3342 699 3392 lle-
736 3354 817 3392 uuam
827 3339 979 3390 columnam
995 3339 1045 3390 sibi
1060 3339 1097 3390 lbi
1112 3341 1260 3405 excepisse,

165 3417 274 3468 nander
290 3417 344 3466 luo.
359 3415 422 3466 Feb.
442 3417 482 3466 l'r.
503 3417 530 3475 6,
550 3417 579 3466 9:
601 3413 698 3467 νόσων
736 3416 807 3468 unde
830 3415 990 3479 gladiatores
1016 3417 1163 3480 spectaret,
1191 3428 1261 3479 quae

165 3485 373 3553 χαλεπώτατος
384 3487 507 3554 «Μόνος.
522 3491 616 3543 Culull.
629 3493 654 3552 l,
668 3493 695 3542 l:
735 3506 768 3542 ex
786 3503 819 3542 eo
837 3489 960 3540 44444444
983 3491 1085 3540 llueula
1104 3489 1262 3542 nominaba—

164 3567 285 3618 Ptaselus
305 3567 372 3616 4444-
387 3593 402 3604 ·
417 3567 523 3618 4444444
542 3567 694 3618 erumnose.
735 3570 803 3617 tur.»
817 3567 881 3630 (lloc
893 3565 1006 3628 4444444.)
1024 3568 1147 3615 Possum.
1160 3565 1194 3614 ad
1206 3567 1259 3616 Sat.

166 3641 261 3692 l'lorus
279 3641 309 3701 3,
327 3641 372 3702 40,
392 3642 420 3690 l:
445 3642 619 3692 immanissimi
635 3656 697 3706 pen-
735 3643 763 3700 4,
790 3641 819 3700 3,
846 3642 887 3690 et.
919 3639 972 3690 Cir.
998 3641 1063 3703 Epp.
1089 3640 1117 3700 4,
1146 3641 1190 3700 to,
1216 3641 1258 3690 26.

165 3717 232 3768 44444
247 3717 317 3768 Gaul
333 3722 409 3778 atque
426 3717 554 3768 damnant.
590 3715 697 3768 Simllll·
735 3717 847 3778 (Comm.
861 3716 944 3778 cruq.
962 3715 1101 3775 4444444444,
1120 3727 1202 3777 quem
1215 3727 1261 3778 ap-

165 3805 228 3844 mus
246 3793 338 3842 autem
359 3793 442 3842 nostri
468 3789 542 3842 loeus
563 3793 605 3842 est
629 3793 697 3842 Sue·
733 3789 826 3857 pellat,
849 3788 918 3840 male
936 3801 986 3854 pro
1002 3801 1084 3838 avaro
1101 3801 1133 3838 ac
1150 3787 1259 3838 sordido

165 3871 221 3918 ton.
239 3868 303 3917 Ner.
315 3866 360 3916 33:
378 3867 487 3918 4444444
502 3868 697 3918 vermeriense
733 3865 824 3916 habet.
859 3867 957 3924 lmmo,
980 3865 1002 3914 si
1019 3863 1130 3912 Nasutus
1145 3863 1259 3926 genuina

164 3943 263 3992 4444444.
296 3943 423 3992 Ceterum
437 3941 695 3994 llmmidiillbertam
733 3943 767 3992 sit
784 3939 876 4000 lectio,
903 3942 933 3989 ut
954 3950 983 3988 re
1001 3951 1066 3988 vera
1083 3951 1098 3988 a
1116 3937 1260 3990 codicibus

165 4018 249 4068 etiam
275 4019 509 4081 propternomen
530 4031 610 4069 suum
633 4030 696 4068 cum
733 4015 847 4066 multum
868 4013 1086 4073 commendetur,
1111 4011 1260 4075 intelligen-

166 4091 383 4154 Clytaemnestra
396 4093 545 4156 comparari
558 4093 653 4156 putant
665 4094 694 4142 G.
733 4091 784 4143 dus
802 4091 853 4142 erit
868 4091 907 4149 is,
930 4089 990 4153 qui,
1008 4101 1118 4154 prorsus
1136 4087 1258 4139 diversus

166 4166 376 4218 llermaunuset
388 4167 565 4227 Fuuklraenel,
581 4180 694 4231 quorum
733 4167 767 4216 ab
785 4163 929 4222 Ummidio,
948 4163 983 4214 ob
1000 4165 1108 4216 nimium
1127 4164 1153 4214 in
1165 4175 1258 4214 servas

167 4239 211 4292 ille
232 4241 456 4303 elementarem,
480 4243 524 4293 hio
547 4243 697 4304 Tyndaridis
733 4239 924 4304 indulgentiam
941 4241 1018 4290 atrei
1033 4239 1198 4290 domesticae
1217 4238 1257 4288 in·

168 4327 269 4368 nomeu
295 4316 358 4380 (od.
377 4317 405 4378 t,
433 4318 479 4379 47,
506 4317 560 4378 to.)
582 4317 695 4368 luditum
733 4318 835 4368 curiam
858 4317 965 4368 notatur
987 4317 1039 4366 Sut.
1058 4317 1088 4376 4,
1108 4316 1137 4376 4,
1156 4315 1206 4372 68.)
1229 4339 1254 4348 -
