3174 4974
600 447 659 499 ΗΒ.
679 449 708 498 ll.
745 449 843 501 EPlS'l'.
862 453 880 501 l.

242 605 388 691 Notaque
410 602 492 669 letali
516 613 663 691 portenta
685 604 797 674 labore
819 607 961 695 subegit,

243 724 404 811 Comperit
426 724 577 792 invidiam
599 747 753 814 supremo
765 728 839 794 tine
862 727 996 796 domari.

243 845 310 914 Urit
331 847 417 914 enirn
438 845 563 934 fulgore
588 867 666 924 suo,
690 848 746 936 qui
769 860 960 937 praegravat
983 861 1069 918 artes

243 965 327 1032 lnira
347 987 384 1034 se
406 967 542 1055 positas3
565 969 740 1037 exstinctus
762 971 921 1038 amabitur
943 971 1038 1038 idem.

242 1089 408 1156 Praesenti
432 1087 488 1156 tibi
511 1101 654 1157 maturos
675 1090 830 1178 largimur
849 1091 990 1160 honores
1249 1099 1288 1163 te

266 1305 306 1356 l3.
324 1305 452 1368 splendore
469 1305 523 1357 duo
540 1307 674 1358 Schmidii.
701 1336 727 1345 -
752 1309 796 1369 qui
809 1316 968 1374 praeprooct
985 1316 1064 1374 artes,
1082 1313 1153 1376 infru
1170 1329 1194 1364 se
1207 1329 1256 1378 po-

233 1381 292 1430 sitos
307 1379 380 1444 (urit)
398 1380 444 1431 Fe
459 1380 564 1434 duobus
582 1382 683 1444 Codd.,
703 1383 746 1446 qui
759 1391 932 1449 praegravet,
951 1392 1019 1437 artes
1035 1388 1107 1450 iufra
1122 1402 1148 1438 se
1160 1391 1258 1450 positos

233 1453 306 1520 (seit)
322 1456 422 1516 Bothe,
442 1455 485 1518 qui
498 1463 656 1521 praeprooat
673 1463 740 1520 arte,
762 1459 834 1521 losru
855 1472 880 1509 se
897 1461 992 1521 positos
1014 1461 1033 1510 E
1057 1461 1113 1524 <sed
1136 1461 1221 1513 littera
1242 1481 1257 1514 o

233 1527 327 1580 deberi
343 1529 449 1580 videtur
466 1531 629 1594 correctori),
647 1534 677 1581 ut
694 1533 807 1584 coniecit
832 1535 932 1584 Pcarce
950 1548 1097 1600 rursusque
1114 1539 1237 1602 Deering.

201 1705 267 1770 lore]
285 1705 356 1757 totali
374 1709 532 1758 necessitate
551 1707 656 1760 Herculi
674 1711 726 1760 im·
764 1713 916 1763 ceterorum
942 1713 1014 1764 ortes
1041 1715 1206 1778 virtutesque
1233 1718 1288 1768 suls

201 1781 285 1845 posita
296 1780 331 1831 ab
343 1783 508 1845 Eurystheo,
523 1785 583 1847 quio
597 1785 653 1844 hio,
666 1796 725 1834 rem
763 1783 840 1848 longe
864 1785 1002 1838 interiores
1023 1789 1239 1852 praeponderare
1263 1782 1290 1842 e‘t

200 1856 235 1905 ita
260 1856 418 1908 moderante
443 1859 557 1920 lunone,
584 1859 658 1923 prior
682 1857 725 1908 illo
762 1861 905 1924 propterea
928 1862 1054 1925 ipsosne
1070 1863 1190 1926 pondere
1208 1867 1288 1928 atquo

201 1931 278 1980 natus
303 1934 370 1982 erat.
399 1957 427 1968 -
452 1933 577 1996 Conspers't
604 1933 726 1984 inuidiam
762 1935 788 1983 vi
814 1935 913 1996 ingenti
937 1934 1089 1999 deprimere
1111 1939 1137 1987 iu
1163 1938 1289 1990 tenebras

201 2003 263 2068 cet]
282 2005 436 2070 «Comperit
452 2020 536 2058 unnrn
548 2010 639 2059 tumen
651 2021 726 2058 mou-
765 2007 899 2066 videtum
917 2021 992 2060 urere
1009 2022 1073 2073 ergo
1090 2013 1131 2062 est
1148 2010 1286 2073 «laedere,

200 2081 301 2140 strum,
322 2080 461 2142 invidiam,
481 2079 558 2132 aliter
575 2095 628 2132 non
644 2095 724 2146 posse
763 2082 900 2133 offendere
923 2095 970 2144 ee,
998 2085 1071 2147 quod
1096 2084 1182 2136 eliens
1207 2086 1289 2150 gloria

200 2152 302 2205 domari
319 2155 370 2206 nisi
388 2159 474 2205 morte
492 2157 564 2218 eins,
592 2157 635 2207 cui
658 2157 727 2208 invi·
763 2158 903 2220 tamquam
920 2157 1005 2222 fulgor
1021 2159 1113 2211 oculos
1124 2159 1289 2225 reliquorum

201 2227 308 2288 deturp
320 2241 396 2290 ηοω,
410 2231 439 2278 ut
450 2230 486 2280 nit
497 2231 618 2294 Thucydi.
633 2232 657 2290 i,
671 2231 723 2292 ts,
762 2231 948 2296 piaestringit·
960 2233 1072 2296 (Lucret.
1088 2233 1114 2296 4,
1127 2235 1190 2286 aot:
1208 2236 1290 2298 spieu-

200 2297 312 2366 φθόνος
333 2306 395 2366 τοῖς
415 2299 485 2367 ζῶσι
506 2300 578 2376 πρὸς
594 2301 628 2354 τὸ
645 2299 726 2357 ἀντί·
761 2307 808 2355 tlor
825 2307 974 2368 utrimnque
988 2313 1024 2357 est
1040 2321 1100 2358 coer
1111 2310 1197 2360 adurit
1207 2311 1288 2374 Sceps

200 2375 305 2438 παλον,
323 2372 358 2427 τὸ
375 2376 406 2428 dl
422 2375 465 2445 μὴ
483 2375 617 2445 ἐμποδών
636 2373 726 2431 ἀναν-
762 2381 877 2446 oculos),
892 2395 1069 2446 praepropere
1079 2386 1170 2434 autem
1183 2384 1289 2450 «depri-

199 2453 364 2520 ταγωνίοτῳ
376 2446 476 2523 εὐνοίᾳ
491 2457 650 2522 τετίμηται.
670 2457 725 2507 Arl-
762 2468 854 2517 mere,
878 2457 1159 2518 stederdrticlceup
1183 2461 1213 2509 ut
1234 2460 1287 2509 Sat.

200 2531 261 2579 stol.
280 2528 400 2590 unctu,
420 2531 465 2580 tt:
494 2526 566 2601 πρὸς
582 2527 652 2594 τοὺς
667 2547 725 2596 μυ·
761 2532 791 2591 3,
809 2532 839 2592 3,
858 2532 899 2582 78.
929 2533 1041 2583 Theocr.
1064 2533 1110 2592 47,
1128 2533 1175 2582 95:
1195 2527 1289 2600 Ὅλβῳ

199 2599 318 2674 poecile
340 2597 407 2666 ἔτος
427 2597 513 2668 ὄντας
530 2599 551 2671 ἢ
568 2601 639 2677 πρὸς
656 2602 724 2670 τοὺς
761 2601 935 2670 penum
943 2621 977 2656 era
985 2605 1158 2678 καταβρίθοι
1169 2605 1290 2674 βασιλῆ-

199 2675 359 2744 ἐσομένους
376 2671 397 2742 ἢ
412 2677 612 2743 τεθνεῶτας
633 2679 726 2744 (φιλο-
761 2695 806 2742 ας.
821 2703 849 2716 -
864 2685 932 2730 ortes
943 2680 1006 2744 cet]
1019 2680 1145 2732 latissimo
1159 2683 1290 2745 signitica-

200 2751 333 2817 τιμεῖται)
343 2745 446 2815 οὐδεὶς.
460 2754 535 2804 coni.
543 2755 578 2806 ad
587 2755 635 2805 Od.
644 2756 669 2815 3,
681 2755 724 2817 tt,
763 2755 843 2814 tione,
855 2749 1091 2819 «ἐπιτηδεύματα,
1102 2755 1199 2816 studia,
1208 2758 1288 2807 etiarn

200 2826 249 2878 et:
287 2827 406 2878 Virtutem
434 2829 582 2880 incolumen
610 2831 723 2892 odimus,
762 2829 788 2876 in
807 2825 890 2878 rebus
907 2827 1041 2888 civilibus,
1069 2827 1184 2892 ideoque
1202 2829 1290 2878 homi·

200 2901 331 2952 &Mem
347 2916 380 2952 ec
401 2903 479 2952 ocutis
498 2905 657 2968 quaerimus,
683 2905 725 2954 io-
763 2913 811 2952 nes
828 2901 920 2963 simul,
944 2902 990 2964 qui
1011 2899 1077 2952 toles
1095 2905 1166 2952 artes
1184 2903 1287 2953 minore

199 2979 260 3028 uidi.
289 2979 391 3028 Seneca
408 2977 442 3027 de
460 2977 577 3029 Benefic.
596 2979 625 3040 3,
645 2980 673 3041 7,
694 2981 722 3028 4;
761 2975 856 3040 peritia
874 2980 955 3040 quant
973 2977 1030 3040 ipse
1047 2975 1090 3026 ille
1107 2977 1148 3026 vir
1164 2989 1287 3029 suminus

200 3051 228 3102 io
251 3052 351 3102 medem
375 3057 530 3104 vetustorum
553 3053 651 3104 invido
674 3067 725 3104 ooo
762 3052 843 3114 atque
864 3051 1111 3114 experientissimus
1132 3057 1286 3103 exercent.»

200 3126 288 3178 obetut
307 3125 416 3178 Martial.
430 3127 455 3187 o,
475 3127 519 3176 to:
538 3127 597 3177 Esse
608 3128 725 3188 quidhoc
764 3125 810 3189 (De
830 3125 1008 3188 metonymia,
1035 3136 1088 3188 qua
1106 3137 1168 3176 curn
1186 3126 1287 3178 ortibus

199 3201 297 3262 dicem
319 3201 383 3250 vivis
401 3201 467 3263 qaod
482 3200 556 3263 sousa
572 3203 725 3266 nepoturlit
761 3200 842 3249 etiarn
858 3199 975 3250 artifices
992 3199 1188 3262 significantur,
1213 3201 1284 3252 cont.

199 3289 246 3324 utu
256 3276 323 3338 qued
332 3289 410 3325 romu
421 3280 535 3338 teurporo
545 3275 622 3326 lector
632 3275 725 3326 amnt?
762 3272 874 3324 Phaedr.
885 3273 909 3322 3.
920 3271 986 3336 prol.
996 3287 1021 3324 v.
1032 3274 1080 3324 to:
1091 3274 1189 3325 torrenti
1199 3281 1287 3326 sanctu

200 3349 232 3400 Hi
254 3353 311 3400 raeti
330 3349 440 3400 inuidiae
462 3350 597 3411 uiminuu,
620 3351 723 3414 Repete,
760 3349 920 3408 Moenoepoe
935 3347 989 3398 lovi
1004 3349 1122 3398 Feeamdo
1135 3350 1219 3398 oooier
1235 3363 1286 3398 or-

199 3437 293 3484 moree,
310 3424 441 3488 Praeferri
457 3425 574 3487 antiquos
590 3430 725 3488 semperne
761 3421 836 3470 tium
848 3421 946 3484 peperit
962 3422 1104 3486 olorum.)
1132 3424 1239 3485 Tricee,
1260 3425 1286 3474 in

199 3499 245 3549 ttlo
266 3499 345 3548 novis.
366 3525 393 3534 -
413 3499 540 3566 portento]
562 3501 602 3552 cl.
623 3501 672 3551 Od.
694 3503 722 3560 4,
762 3494 909 3558 questui
929 3496 1092 3562 interpretes
1113 3511 1175 3550 sese
1198 3497 1286 3561 impti-

199 3573 245 3634 33,
264 3573 304 3623 43.
324 3575 430 3624 Lucret.
448 3576 478 3636 5,
497 3575 537 3626 37.
557 3575 591 3626 de
609 3575 673 3626 ieris
689 3575 723 3625 ab
761 3573 889 3631 cuerunt,
923 3571 985 3622 inde
1013 3573 1182 3636 potissimum
1211 3575 1286 3622 ortae

200 3645 313 3698 Hercule
330 3648 419 3698 victis:
439 3649 527 3700 Cetera
540 3649 725 3713 depenercloc
761 3647 837 3707 sunt,
864 3644 938 3708 quod
966 3649 1045 3710 poete
1066 3659 1116 3697 suo
1138 3649 1196 3697 iure
1220 3645 1287 3696 duas

200 3734 267 3783 quoe
282 3727 339 3771 suut
352 3727 471 3784 portoria
483 3729 625 3785 pererupto.
640 3751 668 3760 -
684 3737 725 3774 eu-
761 3718 881 3770 diversus
899 3721 1027 3784 imagines
1046 3722 1136 3770 urendi
1158 3723 1185 3770 et
1205 3733 1286 3782 proe-

196 3809 284 3860 pramo
293 3795 518 3860 fiueJFinisetlam
530 3795 726 3847 obsolutedici-
759 3795 888 3858 praomsdi
905 3796 958 3845 tom
977 3798 1034 3846 arte
1052 3795 1195 3845 coniunxit.
1221 3797 1286 3845 ‹otr-

199 3871 243 3920 tur
251 3883 299 3934 pro
306 3873 395 3920 morte.
406 3869 656 3931 (Tac.Ann.llt,63.l
667 3869 725 3920 Cle·
759 3873 795 3919 tes
811 3871 901 3920 autern
919 3871 1086 3920 accusativus
1104 3873 1144 3920 est
1162 3883 1214 3919 non
1238 3883 1285 3920 so-

200 3944 254 3993 rior
270 3945 361 3994 autern
378 3957 410 3994 eu
422 3943 577 4006 significatio
594 3943 624 3994 tlt
635 3943 724 3993 addito
760 3941 816 3993 lum
833 3957 859 3992 v.
874 3949 1033 4007 proeprnoat
1055 3945 1179 4006 potestati
1198 3943 1286 3994 obno-

200 4031 225 4068 v.
243 4030 374 4080 asprum,
401 4018 454 4068 dos
475 4017 722 4068 dossersteliel.
760 4018 834 4076 rrius,
864 4018 913 4068 sed
939 4017 1047 4068 ulterius
1074 4029 1181 4081 quoque
1206 4020 1284 4067 urit.»

200 4091 275 4142 ovid.
297 4093 358 4143 rtet.
380 4092 410 4154 3,
430 4092 491 4142 ⁴36:
520 4092 618 4154 dicque
639 4091 725 4141 beatus
760 4091 880 4140 Dimum.
901 4115 929 4128 -
949 4092 1093 4153 admotae]
1115 4093 1176 4154 apte
1200 4105 1287 4156 oppo-

198 4166 262 4217 Aute
288 4166 383 4217 obitaou
411 4179 484 4216 neoto
515 4179 725 4228 supremoque
761 4163 1001 4229 nitnrsulporiilli.

198 4241 314 4305 faeere
330 4241 406 4292 decet.
422 4267 449 4276 -
466 4240 520 4289 Urit
535 4239 598 4304 cet]
618 4240 725 4306 nepten—
794 4239 883 4288 te-tr.
908 4239 1035 4290 Praesenti
1053 4239 1114 4302 cet]
1133 4241 1202 4290 «iles
1220 4253 1286 4291 con-

200 4313 266 4366 dore
278 4315 350 4366 enirn
361 4327 411 4366 sno
427 4313 509 4365 laedit
519 4313 660 4378 aequales,
679 4315 724 4378 qui
761 4315 802 4364 tra
824 4313 875 4364 hae
899 4314 925 4364 in
948 4327 978 4364 re
996 4315 1091 4378 priscis
1112 4313 1161 4366 illis
1179 4317 1286 4366 Graecis

286 4406 378 4454 lionar.
394 4418 448 4453 ror..
465 4405 491 4452 ll.
523 4417 560 4452 so.
576 4417 627 4452 rur.
644 4406 678 4452 ΙΙΙ.
1088 4407 1116 4452 33
