3174 4974
616 435 675 484 tte.
694 436 724 484 ll.
744 433 842 487 arist.
860 438 879 486 1.

252 589 285 656 Si
308 587 471 677 quaedam
492 589 586 655 nimis
609 591 755 678 antique,
779 591 807 657 sl
829 590 985 678 pleraque
1007 593 1088 659 dure

249 711 366 777 ilioere
392 709 495 778 eredit
516 731 588 788 eoa,
612 712 727 800 ignave
748 712 848 778 multa
869 713 1001 791 latetur,

249 831 288 898 Et
307 831 392 918 sapit
413 841 446 900 et
466 851 594 898 meeum
616 831 691 900 iacit
712 844 745 901 et
765 835 841 901 love
863 834 983 902 indicat
1008 855 1125 924 aequo.

247 954 318 1018 Non
339 952 493 1040 equidem
514 953 656 1022 insector
677 953 883 1043 delendaque
905 956 1048 1024 earmina
1068 957 1136 1023 Livi

248 1074 328 1142 Esse
351 1094 439 1153 reor,
464 1075 594 1142 memini
616 1095 703 1163 quae
724 1076 894 1165 plagosum
915 1077 993 1145 mihi
1015 1099 1116 1166 parvo
1253 1083 1293 1146 70

270 1322 310 1372 67.
329 1321 408 1372 eredit
424 1321 510 1383 insite,
537 1335 632 1374 omues
652 1323 721 1374 Feae
738 1325 766 1372 et
782 1323 909 1386 Pottierii,
932 1325 997 1376 item
1014 1325 1140 1388 quattuor
1155 1326 1260 1377 seumi-

237 1397 286 1459 dit,
306 1397 405 1451 LCth:
423 1398 487 1446 cedit
497 1410 561 1447 oum
572 1397 637 1448 Cod.
650 1399 714 1461 tieg.
728 1398 787 1448 Soc.
802 1398 838 1462 (et
848 1400 944 1462 quarto
960 1397 1093 1461 Schmidiil
1111 1399 1257 1460 Bentleius‚

123 1491 125 1500 ·
236 1471 269 1522 44.
290 1497 319 1507 -
338 1471 380 1521 69.
398 1472 531 1522 deleam
547 1483 571 1532 c,
589 1487 616 1538 γ,
633 1471 777 1533 ΒεηῑΙοίυε,
796 1473 823 1522 F.
849 1471 960 1534 (lituos,
979 1472 1065 1537 bsEp
1084 1485 1178 1524 omnes
1196 1476 1259 1525 Pot-

235 1547 303 1596 iterii
320 1548 349 1596 et
371 1546 517 1608 Schmidii.)
545 1575 572 1583 -
598 1547 708 1596 einim
727 1547 758 1596 E.
782 1573 809 1583 -
833 1546 899 1596 tiott
917 1545 973 1598 bEc
991 1549 1019 1596 et
1034 1547 1088 1598 duo
1113 1548 1256 1610 Schmidt,

235 1621 311 1671 Laevi
335 1635 367 1681 κ,
390 1619 533 1672 Bentletne.
554 1647 581 1658 -
600 1621 640 1672 70.
656 1621 790 1684 plurmum
806 1633 872 1682 quoe
887 1621 990 1686 primae
1007 1621 1141 1673 schmidii.

200 1847 292 1896 meatu
307 1846 432 1910 levemur.
460 1844 564 1904 Quintil.
584 1845 631 1906 40,
647 1845 677 1906 7,
694 1846 724 1896 7:
764 1846 869 1896 vocavit
885 1847 999 1898 Licinius
1016 1847 1087 1911 apud
1099 1849 1154 1898 Cio.
1168 1848 1202 1899 de
1214 1850 1288 1900 Finn.

201 1921 267 1982 oartd
290 1923 347 1970 erat
370 1919 501 1982 laetamen,
532 1920 553 1969 tl
576 1932 648 1970 omno
671 1919 728 1982 plata
764 1921 915 1982 t,a,t.-
933 1921 1019 1986 eredit]
1038 1923 1288 1974 lianoveramesse

200 1996 367 2059 effoeleoeteo,
386 1993 640 2056 poenaequetntar?
657 1995 727 2044 Nittt
762 1993 878 2045 arbitror
887 1993 1029 2048 lectionem
1039 1999 1192 2061 propterea,
1203 1999 1286 2062 quod,

198 2069 226 2118 to
239 2069 322 2132 poeto
336 2081 416 2130 repro
432 2067 532 2118 Livium
544 2068 723 2130 Andronicum,
762 2073 791 2119 ut
809 2073 850 2121 eut
867 2071 894 2121 in
911 2084 937 2120 v.
955 2072 1065 2134 (metor,
1084 2073 1229 2136 requiritur
1245 2073 1288 2124 hie

197 2143 260 2194 utta
285 2145 313 2194 lo
340 2143 446 2193 diatono
471 2155 551 2204 repre
578 2145 725 2207 haustuum
762 2157 870 2209 quoque
891 2145 959 2196 aetio
981 2143 1065 2196 libera
1082 2147 1110 2196 et
1126 2149 1285 2210 spontanea;

198 2219 303 2268 nuoutm
323 2217 475 2268 hebdomo.
511 2216 564 2267 Cir.
586 2217 722 2268 onomast.
761 2232 792 2268 ac
809 2232 906 2283 parum
921 2220 1052 2270 ooneinne
1064 2219 1284 2284 proiectodieas:

198 2293 253 2344 cie.
267 2294 293 2343 in
305 2293 357 2342 hoe
368 2305 393 2342 r.
407 2293 435 2341 et
446 2291 475 2341 E.
488 2290 647 2342 liiusemann
659 2293 725 2342 tivit
761 2295 827 2358 «qui
843 2295 908 2345 mihi
925 2294 977 2344 hoo
988 2293 1031 2346 vel
1045 2294 1109 2347 iilud
1122 2297 1284 2359 coneedit,

195 2368 332 2418 Andronici
347 2369 502 2418 marnam
518 2367 653 2429 deliquiae.
672 2368 724 2418 Ru·
760 2381 887 2420 mecum
902 2369 979 2420 iacit
991 2373 1018 2420 et
1029 2371 1123 2435 sapit.»
1143 2372 1189 2434 (De
1200 2372 1286 2422 verbo

196 2439 275 2492 dolat.
289 2441 362 2493 4849.
758 2445 844 2495 cedere
867 2457 917 2509 pro
942 2446 1074 2496 concedere
1099 2448 1226 2510 usurpato
1250 2446 1283 2498 oi.

228 2516 318 2566 63-448.
344 2516 471 2566 tumtun
488 2515 551 2581 eet]
568 2517 624 2566 iam
641 2528 722 2580 aper·
758 2521 865 2582 praeter
890 2518 1012 2583 exempla
1037 2533 1052 2570 a
1071 2517 1188 2570 Bentleio
1205 2534 1220 2570 e
1239 2521 1285 2571 Di-

196 2591 248 2640 tine
265 2589 449 2641 demonstrare
468 2589 634 2654 aggreditur,
661 2591 722 2654 qul·
758 2594 839 2656 gestis
856 2591 932 2643 allata
950 2596 1029 2657 Prop.
1049 2594 1079 2654 4,
1097 2594 1141 2654 to,
1162 2594 1203 2644 28.
1222 2595 1282 2645 Tae.

196 2663 246 2715 bun
267 2665 431 2728 argumentis
453 2665 550 2715 duetus
567 2677 582 2714 a
599 2663 669 2726 volgi
686 2663 720 2714 de
757 2669 824 2717 Ann.
840 2667 880 2727 ta,
893 2666 946 2730 lt.)
980 2669 1121 2717 Praeterea
1138 2667 1217 2716 lectio
1235 2669 1284 2718 ista

194 2737 331 2789 veteribus
342 2739 428 2802 poetis
437 2738 606 2803 opinionibus
619 2737 722 2788 diesen·
758 2741 907 2790 auctoritati
924 2740 1039 2791 duorum
1057 2740 1195 2790 dumtaxat
1207 2741 1285 2792 Codi-

195 2811 250 2862 tiat,
263 2839 287 2850 -
300 2812 396 2877 peceat]
408 2812 552 2863 Glareanus
559 2817 657 2874 preren
670 2812 720 2863 sed
757 2825 819 2863 eum
836 2812 983 2875 volgarium
1001 2805 1127 2863 innititur*¹
1143 2841 1170 2850 —
1184 2813 1283 2878 immae]

194 2889 274 2950 poeta
296 2886 414 2951 loquitur
430 2887 464 2938 de
482 2891 512 2938 re
530 2889 603 2937 certa
620 2899 653 2937 ao
670 2886 720 2938 de-
758 2888 830 2937 «sine
848 2888 938 2936 nerrie
955 2899 987 2936 ac
1004 2887 1159 2950 sanguine.»
1189 2879 1284 2959 «Ἀργὰ

194 2959 275 3011 finita.
290 2989 318 2998 -
330 2962 406 3012 nimia
416 2962 526 3027 uultque]
543 2956 718 3032 «ἀρχαὶόιῶς,
756 2961 806 3011 καὶ
822 2956 874 3010 τὸν
890 2956 1038 3030 ἀκροατὴν
1051 2953 1170 3030 ἠρεμεῖν
1181 2959 1282 3022 ἐῶντα,

193 3037 220 3086 in
237 3035 362 3098 modum,
385 3038 430 3102 qui
451 3037 586 3102 praesenti
603 3048 719 3087 eonsue-
756 3039 786 3086 ut
803 3035 837 3086 de
858 3039 964 3086 oratore
985 3037 1094 3099 Dtonya.
1116 3037 1197 3099 Loug.
1219 3038 1282 3108 rapt

193 3111 277 3161 tudini
288 3113 395 3162 Latinae
407 3113 562 3176 repugnat.»
583 3113 626 3162 sio
637 3111 719 3161 etiam
757 3103 855 3174 ὕψους
872 3109 913 3172 at,
927 3109 962 3172 4.,
978 3110 1005 3161 id
1022 3113 1077 3171 eat,
1096 3122 1166 3174 quae
1183 3109 1282 3162 nullam

191 3187 335 3249 Augustus,
348 3187 593 3237 euiussententiam
606 3184 718 3250 pnlelnre
755 3185 810 3234 vim
827 3183 928 3234 habent
944 3185 979 3234 ad
1000 3183 1163 3235 movendum
1180 3185 1282 3234 audito-

192 3263 303 3311 noverat
324 3265 415 3326 potito¹
440 3262 567 3312 emmelos
587 3265 611 3312 et
630 3262 718 3311 outt—
755 3271 829 3318 rem;
856 3258 954 3322 quibus
972 3261 1143 3324 opponuntur
1161 3254 1199 3309 τὰ
1214 3259 1281 3310 ἐνα-

192 3335 335 3396 quarioa,
353 3340 382 3385 ut
398 3336 496 3386 dmereo
508 3335 717 3400 permotiones,
754 3329 855 3400 ydvta,
874 3331 1007 3400 ἐμπαθῆ,
1020 3329 1193 3400 παθητικά.»
1211 3335 1282 3384 Wri-

188 3409 251 3471 pnrt'
265 3409 367 3472 (widin
383 3411 484 3472 spreuit.
503 3411 611 3461 sueton.
624 3411 715 3461 Oetav.
754 3421 834 3459 canna
851 3409 955 3460 Comm.
968 3410 988 3459 i.
1002 3408 1036 3460 de
1049 3410 1145 3460 Laevio
1162 3409 1240 3474 poeta
1251 3421 1278 3472 p.

191 3481 231 3533 86.
247 3509 275 3519 -
291 3483 421 3546 pleraque]
447 3483 629 3548 «permultap
647 3497 714 3534 non:
753 3482 778 3534 8.
799 3507 827 3518 -
845 3484 902 3534 rma
913 3509 925 3520 -
939 3483 1028 3548 neutro]
1055 3484 1189 3548 apropitio
1214 3481 1278 3540 sibi;

191 3555 349 3620 «plurimam
364 3585 392 3595 -
411 3559 481 3623 dum]
499 3560 526 3609 in
543 3559 716 3624 compositio·
753 3559 816 3609 iove
841 3557 950 3622 quidem
976 3559 1043 3608 irato
1064 3559 1107 3620 iit,
1135 3561 1165 3608 ut
1190 3559 1281 3607 errent

190 3630 269 3682 nibus
286 3645 302 3681 a
318 3633 425 3683 aduae
439 3632 543 3698 linguae
561 3633 648 3684 indole
666 3632 716 3683 ab·
753 3633 876 3684 homines
893 3645 926 3684 ae
942 3632 1081 3684 delirent.»
1100 3635 1194 3682 Poura.

190 3705 374 3768 horrentibus,
404 3707 646 3760 constructionibus
674 3709 716 3758 in-

189 3779 303 3845 meatu,
326 3781 429 3833 seabrie
451 3782 584 3834 versibus.
614 3783 715 3834 Eodem
785 3781 874 3834 69-44.
900 3782 1018 3844 inmotae]
1045 3782 1195 3832 construe:
1222 3781 1279 3830 Nou

166 3881 168 3886 ·
189 3854 290 3907 releraa
307 3855 369 3907 lieet
385 3856 500 3908 duorum
520 3855 634 3907 aliorum
651 3857 716 3906 sati-
752 3857 859 3907 inuentor
874 3857 992 3906 amoene
1002 3857 1068 3906 Liuii
1083 3856 1235 3917 meque
1246 3867 1278 3906 ea

188 3930 419 3982 rtooramindioia.
433 3930 716 3991 mellatenam
751 3945 801 3981 mre
822 3945 895 3992 reor,
921 3931 948 3980 id
973 3933 1026 3992 eet,
1054 3941 1127 3979 «non
1151 3929 1278 3992 equidem

187 4003 266 4054 trime
289 4010 402 4056 motorto
418 4006 505 4068 4449440
521 4019 555 4056 ee
569 4005 715 4055 fflmwluuo
751 4007 806 4055 tam
823 4006 926 4056 intenso
943 4018 1004 4056 sum
1021 4005 1110 4055 animo
1126 4005 1154 4054 in
1170 4006 1277 4056 veterae

187 4080 300 4130 wallo.
320 4083 394 4131 Pera.
407 4081 431 4141 4,
445 4081 491 4130 77:
511 4080 584 4140 Sunt,
596 4080 715 4140 quoera-
751 4079 855 4130 noetroe
876 4080 984 4143 potitae,
1011 4081 1041 4128 ut
1063 4077 1177 4142 exempli
1194 4079 1276 4142 gratia

187 4153 323 4217 norm
338 4159 362 4204 et
382 4167 519 4206 oemreoeo
533 4159 646 4204 mmtw
661 4154 715 4204 Au·
751 4153 815 4204 Livii
832 4153 974 4204 Andronici
996 4153 1094 4216 scripta
1112 4151 1275 4205 obliteranda

187 4227 265 4291 ttopo,
279 4229 407 4280 menois
418 4243 463 4279 eor
473 4226 629 4293 tuedfieobtle
638 4227 712 4292 pulta
751 4230 779 4278 et
795 4240 826 4277 ex
844 4227 983 4277 hominum
997 4225 1122 4278 manibus
1138 4227 1164 4277 in
1181 4239 1276 4292 perpe·

187 4304 230 4354 sto
253 4304 287 4355 44.
308 4303 426 4356 attilium
441 4303 552 4368 [memo
567 4303 715 4366 morou
750 4305 826 4354 tuum
852 4299 1035 4365 extorquenda
1060 4313 1213 4353 censeam
1245 4327 1273 4341 κ
