3192 4974
268 428 331 494 430
629 426 757 478 44044444
775 426 994 478 444040440044

312 587 360 654 Sit
379 585 436 674 qui
459 584 543 652 dicta
566 582 652 651 ieras
675 581 831 658 eliminet,
855 590 891 646 ut
912 587 1007 648 00004
1027 599 1087 668 par
1177 543 1183 582 ‘

312 710 530 795 iungaturque
552 705 633 794 pari.
678 705 808 771 Butram
831 702 886 770 tibi
910 701 1168 790 Septiciumque,

312 831 351 896 lit
370 829 431 896 nisi
453 848 556 896 coena
578 827 669 916 prior
690 826 863 914 potiorque
886 823 993 913 puella
1015 823 1171 892 Sabinum

335 1009 376 1060 26.
394 1008 502 1059 44404040
519 1007 547 1068 S,
567 1005 689 1058 4444440040
699 1008 725 1070 ζ,
743 1005 852 1056 Brutum
863 1004 923 1055 004.
944 1005 983 1067 (04
994 1016 1057 1066 000,
1077 1002 1179 1069 bchp,
1192 1001 1287 1070 βκμξτ
1299 1009 1327 1056 04

302 1083 419 1136 4404440444
435 1079 576 1147 plerique.)
593 1105 621 1118 -
639 1079 835 1144 Septtmtmnque
851 1077 879 1142 d,
897 1079 1015 1142 quinque
1029 1079 1185 1131 Pottieriiet
1202 1080 1261 1131 LCt.
1291 1081 1330 1144 (ut

304 1171 367 1220 noa,
387 1157 489 1222 persp,
508 1153 637 1221 04444444

272 1315 393 1368 ardorum
409 1317 491 1367 instar
508 1313 692 1380 splendeant.»
713 1337 739 1350 —
754 1313 799 1364 eti·
834 1309 953 1376 potatum
975 1312 1030 1362 est:
1050 1311 1136 1374 potior
1158 1313 1264 1362 0000400
1288 1313 1364 1364 8004-

271 1391 355 1456 minet]
380 1392 469 1441 «extra
493 1388 574 1440 limen
599 1388 695 1440 004000
717 1400 796 1438 meae
834 1401 903 1438 0004.
928 1411 956 1423 -
980 1385 1111 1452 Sabinum]
1137 1387 1266 1438 sabinum
1292 1389 1363 1439 0000

272 1480 335 1518 0004
352 1465 457 1526 exierit,
482 1466 593 1529 propter
615 1461 797 1528 garrulitatem
835 1460 877 1513 alii
900 1459 993 1513 404004
1013 1475 1074 1514 0000
1091 1464 1122 1513 A.
1141 1461 1282 1524 Sabinum,
1305 1464 1366 1514 044-

271 1545 375 1592 4040040
398 1537 514 1603 divulget
538 1539 711 1589 convivarum
737 1549 798 1588 ser·
835 1536 871 1588 dii
888 1537 1005 1590 amioum
1027 1537 1094 1601 (Am.
1115 1538 1144 1600 t,
1168 1538 1213 1600 40,
1237 1539 1301 1604 bb),
1321 1541 1364 1590 cui

272 1627 394 1668 mones..
416 1615 556 1678 Antipater
567 1614 594 1664 in
605 1613 683 1664 44040.
697 1611 750 1664 Pal.
764 1613 795 1663 11.
836 1611 898 1663 olim
916 1611 1073 1664 tribuebant
1089 1615 1145 1664 tres
1162 1613 1294 1666 Heroides
1306 1616 1366 1667 044-

271 1705 298 1757 p.
311 1690 373 1741 328:
399 1683 492 1739 4404κο0
508 1682 601 1761 ἄνδρα
617 1685 736 1760 repnte
748 1687 798 1740 0404
836 1686 922 1738 040040
947 1684 1107 1753 plerumque
1133 1684 1305 1750 subiunctas,
1334 1701 1365 1740 re

271 1761 375 1832 μόθων
396 1760 550 1830 μνήμονας
572 1757 744 1835 4400000404.
768 1791 796 1800 -
835 1765 1004 1814 4040004040
1017 1761 1302 1826 compositasdemurn
1316 1763 1366 1814 clr-

271 1843 346 1892 cot'ot
366 1853 419 1902 por
440 1839 503 1904 004.)
530 1839 604 1892 Plato
626 1839 751 1928 Sympos.
770 1851 796 1902 p.
836 1837 903 1888 citer
925 1850 950 1886 0.
973 1835 1047 1888 tter.
1074 1835 1108 1886 ab
1132 1834 1232 1899 angeio
1256 1838 1365 1898 Quirino

273 1915 329 1966 400.
342 1915 375 1966 a:
395 1909 412 1964 ὁ
430 1909 553 1978 παλαιὸς
569 1909 657 1982 λόγος
673 1927 704 1964 aa
721 1905 797 1974 ἔχει,
837 1911 949 1974 Sabino,
968 1911 1142 1974 grammatico
1159 1910 1224 1962 italo
1237 1911 1317 1974 (unde
1329 1912 1366 1964 ta-

273 1983 313 2053 ὦς
329 1983 435 2056 ὁμοῖον
452 1985 546 2056 ὁμοίῳ
564 1983 649 2052 (κατὰ
665 1983 700 2038 ut
717 1987 799 2038 00404
836 1985 886 2038 0440
899 1988 980 2038 etiam
991 1984 1135 2048 colligitur,
1154 1999 1203 2036 cnr
1219 1985 1306 2038 nullus
1319 1987 1367 2038 ad·

272 2067 314 2116 040
336 2066 401 2130 ipsis
420 2064 513 2116 verbis
535 2065 629 2116 inserit
644 2065 799 2116 Aristaene-
837 2063 890 2113 000
914 2059 1019 2112 44404040
1043 2059 1135 2112 Codex
1160 2062 1212 2113 lis.
1241 2063 1365 2126 repertus

272 2144 316 2192 tus
333 2142 362 2203 4,
381 2140 432 2204 40.)
449 2132 496 2190 olel
513 2135 634 2204 πελάζει.
837 2139 883 2198 sit;
910 2135 995 2190 semel
1018 2135 1091 2186 enirn
1113 2137 1139 2186 tn
1161 2136 1253 2188 000440
1270 2149 1366 2188 04040-

729 2227 734 2232 ·
837 2215 894 2274 400,
919 2213 990 2277 typis
1013 2209 1112 2262 deinde
1135 2223 1279 2276 expressae
1302 2215 1366 2264 eunt

304 2289 347 2340 26.
359 2290 400 2340 27.
419 2287 744 2352 bouem-septimamque]
758 2299 801 2338 00-
837 2289 956 2352 primum
973 2286 1091 2337 venetiis
1110 2285 1204 2350 4488),
1223 2285 1266 2338 0444
1289 2286 1367 2338 Sabi-

274 2363 349 2416 dales
377 2364 502 2426 Torquati
531 2365 558 2413 et
590 2363 689 2414 Horatii
722 2361 800 2412 00040
838 2374 904 2413 0004
920 2361 1059 2421 Tironem,
1086 2361 1132 2425 qui
1157 2359 1256 2412 librum
1276 2362 1367 2425 Cepn-

275 2439 387 2502 ignotos.
403 2438 499 2489 biirum
511 2437 716 2487 Butruenomen
730 2449 800 2487 non·
839 2435 913 2488 ricbn
930 2436 1076 2486 Maecenati
1098 2435 1204 2486 dicavit.
1235 2433 1308 2499 (Plin.
1333 2436 1364 2486 H.

275 2513 340 2564 dum
355 2511 418 2563 abbi
433 2512 571 2574 repertum
588 2513 642 2574 est,
662 2511 711 2562 nisi
728 2511 801 2576 apud
838 2515 869 2564 Ν.
883 2511 929 2572 40,
949 2511 994 2572 40,
1013 2511 1064 2574 ou.)
1094 2513 1194 2562 Verum
1212 2513 1278 2562 certi
1295 2510 1364 2562 deti·

275 2589 348 2638 Grut.
363 2587 441 2646 4044,
461 2584 485 2636 4.
504 2586 532 2635 40
552 2586 723 2650 inscriptione
741 2595 801 2636 040-
839 2587 888 2638 0444
905 2583 967 2636 04044
985 2587 1083 2650 potest.
1114 2587 1237 2646 «Nescio,
1257 2599 1306 2636 cur
1318 2586 1367 2647 (ln-

276 2662 370 2714 niiesto
383 2659 529 2721 subditiva,
547 2661 586 2710 uti
602 2663 676 2726 patet
687 2675 721 2712 ex
733 2662 802 2712 Con·
839 2663 972 2726 terpretes
996 2661 1177 2725 40000440400)
1203 2659 1368 2724 neglexerint

275 2735 377 2798 0040444,
390 2735 437 2800 qni
448 2747 585 2798 nunquam
598 2735 713 2797 luerunt,
727 2747 803 2787 men·
839 2735 981 2787 Britannici
998 2736 1193 2797 coniecturam,
1212 2749 1265 2800 qua
1283 2737 1305 2787 ie
1322 2737 1367 2786 Sa·

275 2813 355 2862 tione.
384 2811 493 2875 ineptus
518 2807 640 2861 falsamne
665 2811 727 2861 binc
752 2823 803 2862 no·
838 2810 934 2861 binum
944 2808 1027 2862 00004
1037 2823 1086 2874 pro
1098 2812 1126 2860 T.
1142 2808 1220 2860 440444
1235 2811 1365 2870 Petronis,

276 2899 339 2938 44400
364 2885 466 2937 44440440
488 2886 536 2936 004.
578 2886 658 2936 butro
681 2886 803 2937 44040440-
839 2883 990 2936 00440044444
1007 2885 1231 2949 Pompeianarum
1249 2887 1365 2950 partium

276 2975 327 3012 nus
351 2973 385 3010 ex
409 2959 507 3010 eodem
533 2971 631 3022 genere
654 2959 801 3011 facetorum
840 2960 1004 3010 centurionis
1038 2956 1106 3020 filio,
1142 2961 1185 3011 oui
1217 2973 1367 3022 cognomen

276 3034 415 3087 hominum
448 3032 529 3084 404000
568 3032 703 3099 putandus
745 3037 800 3096 est,
840 3037 899 3084 erat
923 3031 1051 3083 Sabino.»
1086 3034 1192 3085 00044..
1213 3035 1270 3098 (Sic
1296 3036 1367 3086 enirn

277 3122 331 3172 quo
360 3108 470 3160 4444404444
496 3112 520 3158 04
551 3120 656 3158 00444000
683 3109 737 3158 Sat.
766 3109 800 3170 2,
840 3107 919 3159 huius
928 3105 1073 3169 adnotatio,
1088 3107 1200 3160 40440000
1210 3109 1293 3174 ipsius
1303 3123 1370 3175 quo-

276 3185 304 3246 'i,
323 3183 375 3244 30,
394 3182 555 3246 quibuscum
573 3183 654 3234 animi
667 3195 748 3234 causa
761 3183 803 3232 in·
841 3195 894 3248 que
919 3183 1075 3244 Britannici,
1102 3183 1178 3234 00400
1200 3197 1293 3236 curam
1314 3198 1368 3236 000

277 3257 385 3310 4040040
406 3256 490 3308 440040
512 3255 663 3318 4000004444,
691 3267 738 3307 eos
754 3269 803 3307 00-
840 3258 904 3320 4404,
918 3256 1166 3309 00400000000404.
1194 3257 1365 3312 Cinsuetou.

277 3332 341 3384 dem
362 3345 444 3398 opera
467 3329 569 3384 cibans.
602 3331 690 3382 Nostri
716 3330 800 3382 Codri.
841 3335 922 3398 vesp.
937 3334 960 3382 4.
979 3333 1107 3383 Ceterum
1124 3335 1199 3384 aetus
1215 3335 1367 3386 Suetoniani

277 3407 386 3458 44404004
401 3405 463 3458 4004.
475 3406 625 3468 8004404400,
649 3406 691 3456 004
710 3405 752 3457 0444
770 3419 804 3458 044
840 3408 919 3458 buius
939 3405 1029 3457 sabini
1049 3419 1112 3457 cum
1133 3405 1212 3459 huius
1235 3407 1367 3474 Epistulae

278 3481 327 3534 00.
344 3483 372 3544 t,
391 3481 416 3532 6.
434 3482 461 3530 04
480 3481 547 3545 Epp.
566 3482 593 3543 4,
612 3481 641 3543 0,
659 3483 684 3531 4.
704 3481 804 3534 substi-
841 3485 963 3546 tempore
973 3481 1037 3532 satis
1046 3482 1175 3544 congruit.
1190 3482 1290 3542 Quodsi
1302 3497 1367 3534 4040

278 3557 388 3608 4004004
409 3555 563 3618 8004404000.
594 3555 648 3606 Cir.
666 3555 805 3607 weichert
841 3557 969 3609 divinavit
998 3557 1179 3619 Britannicus,
1217 3571 1367 3622 cognomen

278 3634 307 3683 P.
325 3633 352 3682 i..
372 3645 399 3696 p.
412 3629 470 3681 344.
501 3631 530 3692 Q.
543 3629 662 3692 84040404
679 3631 726 3694 (040
746 3631 804 3682 004·
841 3633 933 3697 utique
950 3631 1062 3682 ductum
1080 3633 1172 3684 estex
1189 3631 1257 3685 illius
1273 3636 1368 3686 0040440

279 3706 329 3769 tur)
347 3719 420 3769 004400
435 3707 479 3756 iio.
498 3705 541 3756 004
557 3705 638 3756 etiarn
656 3705 727 3772 apud
745 3707 802 3757 Cic.
842 3720 917 3759 more
935 3719 951 3757 0
968 3709 1055 3758 matre
1071 3707 1189 3774 8004440.)

279 3781 470 3832 4104040000.
492 3779 522 3841 3,
546 3778 591 3842 44,
614 3780 655 3831 30.
681 3807 709 3816 -
727 3792 805 3830 coena
874 3781 963 3833 08-34.
982 3783 1099 3846 pluribus
1113 3783 1216 3848 0040444]
1234 3783 1368 3835 «connais

276 3855 358 3921 petor]
385 3855 436 3907 «ad
461 3867 542 3920 quem
566 3855 641 3920 prius
667 3854 804 3918 quemad
842 3871 858 3908 a
883 3854 1055 3909 convivatura
1080 3871 1132 3910 non
1162 3859 1290 3920 invitatis,
1319 3856 1368 3911 000

280 3943 368 3982 meum
386 3931 499 3982 sonasse
517 3930 640 3981 invitatu!
658 3930 729 3989 03444
751 3942 805 3980 0011
842 3946 911 3997 quos
923 3934 969 3998 qui
986 3934 1086 3984 40444044
1103 3935 1166 3986 0004
1177 3932 1312 3986 4040404404
1323 3947 1368 3985 se-

281 4004 404 4068 ·lautior,
423 4003 547 4066 melion»
570 4015 603 4054 ex
621 4015 674 4068 quo
691 4001 805 4054 4004040-
843 4021 905 4060 cum
921 4006 1049 4060 ducunt.»
1078 4009 1131 4059 Cir.
1149 4009 1202 4058 Sat.
1222 4010 1253 4072 2,
1277 4009 1307 4070 8,
1325 4008 1367 4058 44.

280 4083 322 4146 gie
333 4082 448 4132 oriretur
459 4094 522 4131 cnm
532 4093 560 4131 v.
568 4081 703 4143 porion·
709 4079 804 4145 puello]
841 4083 928 4134 4444004
956 4085 1047 4134 004004
1077 4082 1140 4135 04044
1169 4081 1203 4132 00
1232 4095 1369 4134 summum

281 4158 353 4208 40440
377 4170 492 4208 0000040
515 4157 595 4208 00040
618 4154 717 4208 mavolt
742 4167 805 4206 oum
843 4157 977 4222 quattuor,
996 4157 1094 4221 quibus
1105 4155 1198 4209 solitura
1209 4157 1370 4210 novenarius

281 4232 366 4282 040400
383 4243 464 4294 quam
481 4231 648 4283 nobiscnm.»
676 4232 705 4282 lu
722 4229 807 4282 Gallo·
843 4231 1016 4282 convivarum
1034 4243 1164 4283 uumerus
1181 4230 1304 4296 expletus
1324 4244 1370 4284 es·

282 4319 341 4358 rum
359 4303 519 4358 editionibus
536 4303 661 4358 mutilatis
672 4307 711 4357 040
722 4307 806 4358 40404-
843 4308 893 4357 set.
920 4305 1004 4356 Varro
1025 4305 1097 4370 apud
1120 4304 1184 4356 0041.
1204 4306 1248 4366 40,
1273 4308 1318 4366 44,
1343 4307 1366 4356 t.
