3156 4972
599 437 659 487 nn.
679 437 709 488 n.
745 437 812 487 sm.
830 435 861 486 v.
1213 435 1276 499 305

231 599 387 672 Mesene,
412 591 631 683 qnoddicam,
654 593 850 660 factumest:
875 612 955 658 unus
971 590 1119 679 improba
1130 591 1247 660 Thebis

231 720 278 786 lix
299 726 490 784 testamento
514 716 561 781 sic
587 725 637 782 est
658 713 758 781 elata:
782 713 922 781 cadaver
1235 717 1275 780 85

231 841 368 908 Unctum
390 837 463 904 oleo
486 835 574 924 largo
597 835 692 902 nudis
713 834 856 902 humeris
878 833 948 901 tulit
968 834 1079 912 hence,

232 960 362 1029 Scilicet
383 959 468 1026 elabi
491 959 518 1024 si
539 969 652 1045 posset
673 967 815 1036 mortua3
838 956 954 1034 oredo,

234 1081 331 1162 Quod
353 1081 488 1147 nimium
510 1080 666 1146 institerat
687 1079 815 1146 viventi.
862 1079 982 1146 Cautus
1005 1077 1109 1146 adito:

233 1205 302 1271 Neu
324 1202 414 1268 desis
437 1202 571 1289 operae,
595 1220 678 1267 neve
703 1199 932 1266 immoderatus
955 1199 1111 1267 abundes.

234 1323 405 1391 Difficilem
427 1333 460 1390 et
481 1343 646 1390 morosum
668 1320 811 1388 offendet
832 1319 997 1409 garrulum
1019 1319 1102 1388 ultro
1238 1323 1280 1387 90

224 1521 297 1587 apud
316 1521 405 1572 Feam.
425 1547 454 1557 -
482 1521 523 1571 88.
555 1519 686 1569 exstiteret
710 1531 779 1568 corr.
797 1520 823 1569 s.
852 1543 879 1556 -
905 1519 945 1570 90.
971 1521 1076 1582 offendet
1096 1519 1246 1582 usonem:

226 1597 330 1660 offendit
345 1608 373 1659 p,
391 1611 418 1661 y,
436 1594 490 1645 duo
508 1595 638 1654 Pottierii‚
657 1593 763 1656 offendes
779 1592 912 1644 Bentlelus
930 1595 999 1644 coni.
1019 1597 1046 1644 et
1062 1595 1095 1646 ll.
1124 1623 1152 1630 -
1178 1595 1248 1646 uitro

225 1683 363 1735 superscr.
382 1669 442 1729 ob,
468 1669 589 1734 panidos
612 1668 694 1729 utro,
718 1668 776 1716 Non
793 1668 813 1717 C
821 1705 827 1728 ‚
853 1668 975 1731 penaten
993 1669 1068 1719 uitro.
1086 1669 1143 1718 Non
1167 1671 1248 1720 Bent-

225 1744 307 1805 leius,
334 1743 469 1808 pernam
496 1743 566 1792 uitro
581 1744 639 1792 Non
655 1742 682 1792 F.
719 1741 820 1804 [Esuis
837 1743 974 1794 codicibus
995 1756 1083 1806 neque
1100 1741 1248 1804 Bentleius,

224 1820 271 1884 qni
288 1819 353 1884 legit
367 1820 448 1880 euro,
475 1817 586 1869 alteram
603 1817 746 1868 lectionem
764 1818 893 1878 enotavit,
917 1829 1005 1880 neque
1024 1817 1177 1879 Pettierius,
1202 1819 1249 1881 qui

224 1895 309 1946 habet
324 1895 405 1956 une,
424 1891 506 1944 uilem
522 1895 680 1944 varietatem
697 1891 874 1953 memoravit.)

192 2074 346 2138 petulanter
362 2071 495 2124 ludificata
507 2077 549 2124 est
562 2073 718 2124 heredem.»
757 2071 882 2122 mondus
897 2072 980 2134 neres,
1007 2073 1051 2134 eui
1069 2073 1190 2134 retinntos
1206 2077 1284 2122 teste·

195 2173 222 2184 -
244 2148 329 2198 liciis
350 2149 412 2210 cet]
434 2148 545 2200 Videtur
568 2150 635 2200 haec
657 2161 721 2198 ner·
758 2149 820 2198 toris
835 2161 886 2197 non
910 2147 936 2196 in
959 2161 1031 2196 more
1050 2148 1184 2197 secundem
1207 2148 1285 2210 ipsius

192 2221 342 2273 ratiuncula
360 2221 439 2272 ducta
456 2237 516 2274 esse
532 2222 575 2273 vel
593 2237 625 2274 ex
638 2225 720 2273 mimo
757 2223 910 2272 uetustatem
932 2221 1035 2283 abunt,
1066 2222 1109 2271 sed
1135 2222 1284 2272 eunomiam

193 2295 284 2360 aliquo
301 2297 343 2347 vel
365 2310 398 2347 ex
420 2298 480 2347 ioco
500 2296 634 2362 populeri;
661 2299 721 2348 etc-
758 2298 884 2348 humanm
900 2297 1051 2346 condicionis
1066 2296 1210 2358 sepulturae
1227 2302 1284 2346 tro-

193 2372 249 2421 nim
257 2370 469 2436 ullumunquam
479 2374 669 2423 testamentum
679 2371 721 2422 vel
759 2373 829 2423 didit,
865 2374 905 2422 Fr.
919 2371 959 2422 ct.
979 2385 1020 2436 pr.
1038 2373 1068 2422 D.
1087 2371 1121 2420 de
1138 2372 1243 2434 Legatis
1262 2373 1282 2422 Ι.

193 2444 308 2507 Thebis,
328 2449 357 2496 ut
368 2444 455 2510 lepide
467 2447 548 2511 lingit,
566 2447 610 2498 vel
622 2449 728 2504 Romae
761 2447 835 2510 (30.]:
871 2447 1034 2508 Pomponius:
1064 2447 1158 2507 Turpia
1185 2446 1283 2509 inpete,

193 2521 234 2571 sic
251 2522 413 2584 conceptum
440 2534 515 2582 csse,
545 2535 655 2586 prorsus
680 2522 723 2571 in·
760 2535 825 2584 pune
841 2522 974 2571 mandi
990 2522 1073 2584 inopis
1090 2520 1209 2584 unuani
1224 2521 1286 2571 scri

193 2593 324 2645 credibile
343 2598 392 2646 est.
428 2597 496 2645 Sane
513 2597 629 2647 atrocius
642 2597 722 2646 etiam
760 2596 866 2657 bonne,
885 2597 941 2645 odio
958 2595 1086 2645 scribentis
1099 2609 1149 2658 pro
1164 2596 1288 2646 nonsori·

193 2671 236 2720 est
252 2668 374 2734 Eumolpi
389 2671 580 2720 testamentum
591 2671 663 2735 apud
676 2673 723 2721 Pe-
758 2671 808 2732 ptis
823 2671 953 2721 nentur.
983 2671 1063 2720 Gaius
1085 2671 1114 2730 2,
1133 2670 1194 2721 stc:
1223 2671 1286 2733 Qui-

193 2747 263 2793 tron.
283 2742 340 2793 444.
359 2755 417 2794 rem
441 2745 476 2792 ita
499 2745 720 2806 exaggerantem:
760 2745 863 2794 mudum
881 2745 965 2807 placet
982 2757 1077 2806 poenae
1098 2745 1198 2794 nomine
1218 2745 1288 2795 here

195 2819 284 2868 annes
301 2820 346 2878 qut
361 2818 388 2866 in
405 2821 548 2867 testemto
564 2831 619 2867 meo
636 2818 723 2882 ispete
761 2820 817 2869 &sn
839 2818 935 2868 institui
956 2831 1006 2867 non
1027 2829 1107 2880 posse.
1130 2843 1157 2854 —-
1180 2818 1286 2883 Scilicet]

193 2891 298 2950 nobem,
321 2896 425 2953 procur
449 2891 548 2941 libertos
568 2905 648 2953 meos,
674 2893 722 2942 tec
759 2889 907 2958 epirosen,
936 2891 1002 2940 «hoc
1024 2893 1142 2948 tentans,
1172 2904 1206 2942 an
1230 2891 1286 2941 ior-

192 2965 339 3016 condicione
351 2966 502 3028 percipient,
527 2979 591 3028 puae
607 2967 676 3028 dedi,
700 2967 722 3016 si
759 2971 831 3018 tesso
849 2968 942 3031 posset
956 2962 1037 3026 elabi,
1056 2978 1110 3028 quo
1123 2964 1192 3016 iacto
1204 2967 1285 3018 heres

193 3053 287 3102 corpus
306 3052 390 3090 metm
411 3041 438 3090 in
456 3047 545 3103 portes
570 3041 723 3091 succiderint
759 3041 888 3091 molestus
924 3039 1066 3090 excidisset
1104 3039 1284 3092 hereditate.»

193 3121 218 3165 et
233 3115 350 3164 adstante
363 3116 456 3178 populo
472 3116 629 3166 omnederint.
669 3117 722 3169 lle-
758 3115 923 3168 Manifestum
946 3111 1176 3178 interpolationem
1197 3119 1283 3166 ortam

195 3191 303 3239 morant
334 3188 487 3240 huiusmodi
520 3190 610 3253 inepta
637 3192 722 3240 teste·
760 3203 791 3240 ex
809 3188 908 3238 rariore
926 3185 1070 3253 particulae
1088 3189 1109 3237 si
1126 3201 1177 3239 usu
1200 3189 1285 3242 habet

193 3265 287 3312 menta
304 3263 366 3312 lCti.
402 3265 513 3313 entre.
533 3261 595 3327 §.s
625 3265 664 3314 De
681 3263 722 3313 le·
759 3263 825 3313 God.
838 3261 929 3312 Bland.
943 3261 1156 3324 antiquissimus:
1174 3263 1239 3313 eloti
1256 3269 1285 3314 ut

193 3337 262 3400 getis
279 3337 387 3400 1.(ec.):
409 3337 508 3400 ineptes
523 3339 662 3389 uoluntates
678 3340 722 3388 do-
758 3339 794 3388 sic
807 3341 898 3400 posset.
920 3359 947 3372 -·
966 3336 1153 3398 immoderatus]
1172 3337 1237 3402 Epp.
1255 3340 1284 3402 4,

191 3411 339 3474 Μεωνωη
365 3413 435 3462 eirca
456 3413 613 3475 sepulturam
635 3411 720 3476 (uelstd
760 3413 805 3474 43,
832 3414 865 3462 5:
895 3411 1001 3461 Sedulus
1018 3424 1127 3473 -opero
1149 3413 1288 3464 cotenon

191 3491 272 3536 ossus
287 3489 334 3534 eset
349 3486 371 3534 si
386 3499 438 3548 quo
454 3487 509 3536 otio
524 3499 682 3549 neperuucuo
694 3492 723 3536 ut
758 3489 879 3537 minister.
900 3512 928 3523 —-
946 3485 1064 3550 abundes]
1083 3500 1182 3554 «prope
1205 3491 1285 3540 nimie

192 3560 222 3608 in
244 3560 323 3622 ninus
345 3559 523 3622 impendantur
547 3560 608 3625 (non
627 3559 721 3624 edne)
760 3561 867 3612 iacies.»

192 3633 351 3696 Papinianus
359 3633 460 3686 ttulit
474 3637 654 3698 liesponsorun
662 3636 722 3685 scri·
792 3635 1191 3701 90·92.Difflciiemstmorosnm]
1201 3639 1286 3690 Etiam

193 3707 238 3758 stt.
274 3709 315 3758 Fr.
335 3709 376 3758 27.
395 3722 436 3773 pr.
453 3711 483 3760 D.
503 3710 537 3760 de
556 3709 640 3760 Cond.
658 3711 719 3760 inst.
760 3711 814 3760 Cic.
829 3713 899 3761 Orat.
912 3711 957 3772 se,
978 3712 1034 3763 tet.
1054 3713 1136 3776 iungit
1153 3714 1220 3763 haec
1232 3713 1286 3764 duo

195 3783 299 3847 (2st
314 3783 467 3834 Modestinus
477 3785 723 3847 ttetftttnespon·
759 3785 894 3849 Epithetn;
922 3785 1030 3850 difficilis
1047 3782 1211 3851 (δύσκολος)
1230 3789 1284 3850 est,
1323 3814 1328 3822 ·

192 3869 245 3907 sor.
282 3858 392 3920 widem
412 3860 439 3908 in
455 3873 500 3909 nso
518 3865 662 3910 testamento
678 3861 722 3910 le-
759 3861 803 3910 cui
820 3861 863 3909 vix
875 3859 1023 3925 quidquam
1040 3859 1128 3924 placet
1144 3863 1285 3925 omnisque

191 3931 279 3980 rodem
295 3933 396 3994 scripsit
412 3933 514 3983 urdtutt
525 3935 682 3996 condicione,
700 3937 721 3984 si
759 3935 871 3984 comitas
896 3934 986 3993 deest;
1012 3947 1138 3996 moronus,
1165 3937 1211 3999 qui
1235 3949 1285 4000 pro

190 4003 317 4067 reliquias
327 4007 379 4056 nnus
389 4007 417 4056 in
427 4020 499 4057 moro
510 4009 620 4058 obtinet.
641 4011 722 4071 (iuue-
757 4007 842 4058 lubitu
859 4021 891 4059 ac
908 4007 1043 4059 fastidiose
1056 4010 1136 4060 modo
1148 4009 1209 4072 hoc,
1229 4023 1287 4062 mo-

190 4079 311 4140 motor,
334 4093 391 4130 een
406 4081 476 4132 neres
491 4083 618 4132 imduttns
632 4083 721 4132 condi-
758 4083 794 4133 do
812 4081 876 4133 illud
892 4082 959 4143 volt,
983 4082 1069 4144 iubet,
1094 4086 1175 4134 vetat.
1197 4113 1225 4122 -
1243 4085 1286 4149 of-

191 4153 261 4204 cioni
276 4167 329 4203 non
345 4155 484 4217 pandect,
511 4171 546 4206 en
563 4157 721 4219 expellendus
755 4157 846 4222 tondet]
868 4155 977 4207 Bentleii
999 4157 1150 4209 emendatio
1167 4161 1283 4222 offendes,

192 4231 229 4279 est
245 4226 278 4276 ed
289 4227 442 4280 ineditum
457 4231 610 4280 Modestinus
620 4244 721 4293 respon
757 4231 891 4297 proposita
909 4233 1018 4296 propter
1035 4235 1124 4282 cetera
1147 4235 1282 4285 secundae

192 4303 244 4352 dit:
262 4303 417 4353 tondendus
432 4309 467 4354 est
482 4305 565 4369 mepte
581 4319 657 4368 qum
674 4319 720 4358 oc-
756 4319 889 4371 personae
901 4305 998 4370 verba,
1017 4306 1112 4359 saltem
1129 4311 1281 4362 neccssaria

252 4393 344 4441 fleur.
361 4406 408 4442 vor.
431 4395 457 4442 11.
488 4409 528 4442 nn.
544 4408 595 4444 uer.
613 4397 649 4444 ΙΙΙ.
1085 4403 1113 4447 20
