3174 4974
268 433 353 500 ’644
653 433 781 485 44444444
795 433 1017 508 ,4444444444
1081 393 1083 398 ’

333 589 518 658 Mensorunt
539 589 702 676 hodieque
726 599 856 657 manent
878 589 1013 678 vestigia
1034 591 1128 656 ruris.
1317 590 1380 656 too

334 715 433 780 Serus
456 711 541 779 enim
564 710 697 777 Graecis
719 710 861 777 admovit
883 711 1031 778 acumina
1053 711 1185 787 chartis,

335 836 372 901 Et
393 843 467 922 post
487 832 606 899 Punica
628 831 713 898 bella
735 831 865 919 quietus
888 851 1047 920 quaerere
1071 832 1196 919 eoepit,

335 955 420 1036 Ouid
442 953 619 1042 Sophocles
641 964 673 1021 et
694 953 829 1040 Thespis
852 961 884 1019 et
905 951 1084 1042 Aeschylus
1107 951 1184 1020 utile
1206 951 1334 1020 terrent

334 1076 478 1143 'lentavit
500 1095 632 1163 quoque
655 1094 738 1150 rem,
764 1073 791 1140 si
814 1073 910 1160 digne
933 1083 1060 1140 vertere
1082 1083 1208 1161 posset,

357 1311 413 1362 463.
433 1311 498 1362 cod.
513 1323 528 1360 c
545 1322 655 1360 mancus
673 1311 715 1360 eet
731 1308 792 1361 inde
810 1307 844 1359 eb
860 1309 912 1358 hoc
928 1321 953 1358 v.
972 1306 1110 1369 usquead
1127 1322 1152 1357 v.
1165 1307 1222 1360 tos.
1239 1335 1265 1346 --
1285 1306 1341 1359 464.

324 1399 435 1448 quoque,
452 1398 507 1435 rem
521 1385 543 1434 si
559 1384 722 1448 distinguunt
738 1384 796 1444 LtF,
815 1396 912 1446 quoque
927 1395 981 1432 rom
996 1383 1018 1432 st
1034 1385 1112 1432 ceute
1130 1382 1191 1434 itis.

291 1606 354 1674 [ost‘
374 1611 463 1658 4444444
488 1620 575 1658 ausser
601 1607 646 1658 der
670 1606 818 1669 4444444444
854 1606 917 1658 dem
935 1608 1022 1656 aetate
1040 1603 1380 1670 explicandesuntiloratii

291 1687 379 1750 444444,
405 1683 535 1734 4444444444
556 1683 583 1732 44
606 1683 652 1732 den
670 1683 750 1733 444444
766 1683 818 1730 und
854 1681 951 1742 verba,
978 1693 1032 1731 non
1060 1680 1094 1731 de
1123 1679 1290 1745 temporibus
1317 1685 1380 1745 post

292 1761 319 1810 44
344 1761 392 1810 den
416 1757 573 1823 Refieeiooeo
598 1757 638 1806 444
657 1757 815 1806 444444νί44444.
854 1755 1040 1818 Karthaginem
1067 1753 1196 1815 deletam,
1224 1759 1285 1806 ente
1308 1767 1379 1819 quae

293 1834 369 1894 Quod
387 1833 531 1884 discrimen
554 1831 596 1882 hic
614 1843 721 1895 quoque
739 1831 818 1882 stetui
854 1832 970 1881 mortem
987 1827 1143 1880 obieratuel
1161 1829 1218 1893 ipse
1229 1829 1378 1890 Terentius,

293 1909 393 1972 potest:
411 1906 575 1956 4444444444-
586 1932 600 1942 -
614 1906 669 1955 sind
684 1905 817 1969 gettiebene,
855 1904 1007 1954 dimidiatus
1030 1902 1071 1954 ille
1088 1902 1242 1954 Menander.
1262 1931 1288 1940 -
1308 1905 1380 1966 quie-

292 1982 410 2046 ut'epud
427 1982 546 2031 Tacitum
564 1983 630 2030 Ano.
646 1979 674 2041 4,
692 1979 738 2030 35:
758 1979 818 2030 Cre-
854 1978 901 2043 444]
919 1974 1035 2048 εἰρήνην
1052 1970 1145 2044 ἄγων,
1164 1977 1243 2040 iunge
1260 1990 1322 2028 oum
1333 1991 1378 2028 44.

292 2057 366 2106 motii
387 2056 462 2105 Cordi
486 2055 561 2104 444444
584 2067 631 2115 per
651 2055 742 2104 44444444
762 2065 819 2104 444-
851 2058 909 2116 post
917 2053 1012 2103 Punico
1029 2053 1104 2112 beda,
1123 2065 1175 2103 uon
1191 2064 1253 2103 cum
1264 2065 1291 2103 4.
1303 2065 1380 2115 poce·

292 2130 819 2190 mondosceosoerepatras:redmoose-
854 2141 919 2178 rere.
939 2126 1114 2178 ct.v.93.—
1135 2126 1240 2190 4444444]
1253 2125 1292 2176 Cl.
1305 2129 1335 2176 A.
1349 2129 1378 2176 P.

293 2209 353 2254 44444
364 2203 481 2252 occottoti
493 2207 515 2251 44
527 2203 594 2252 editi.
612 2200 679 2251 444444
692 2215 756 2252 sane
768 2202 819 2250 hac
854 2204 903 2254 276
914 2215 955 2265 eq.
983 2203 1013 2252 Η.
1027 2200 1044 2251 4.
1063 2201 1172 2252 honoris
1194 2213 1275 2252 causa
1293 2203 1381 2252 uomi-

294 2277 443 2330 dilIerentie
456 2289 508 2326 non
520 2278 625 2326 servata
636 2279 730 2340 poetae
741 2276 819 2325 metri
855 2280 946 2336 natur,
965 2276 1057 2340 utpote
1072 2287 1153 2339 quem
1165 2287 1215 2338 pro
1227 2273 1379 2338 tragoediae

294 2351 484 2402 necessitatem
496 2350 581 2399 secuti
593 2351 663 2399 suut.
683 2349 752 2412 virg.
763 2348 816 2398 Eoi.
855 2349 994 2400 inventore
1013 2348 1125 2413 (olymp.
1139 2349 1180 2399 64.
1196 2362 1221 2399 a.
1235 2350 1297 2400 Chr.
1311 2347 1378 2409 5³6.)

295 2425 336 2485 46,
351 2423 397 2473 43;
415 2423 625 2472 4444444--444444
639 2422 819 2488 (4444444444-
855 2423 988 2476 haherent
1012 2423 1199 2482 Grammatici3
1229 2435 1282 2474 uon
1307 2421 1380 2486 quod

294 2511 339 2548 cuo
355 2523 395 2534 -·
413 2501 436 2546 et
457 2495 532 2560 palidi
547 2499 669 2561 4444444444
684 2509 752 2546 saco
767 2497 820 2557 lp·
856 2499 913 2550 eius
939 2497 1042 2548 tabulas
1068 2497 1102 2560 (st
1128 2509 1246 2560 unquam
1268 2499 1379 2548 Romam

294 2572 358 2622 coel.
374 2598 401 2607 —
419 2570 546 2632 hodieque]
565 2571 708 2635 praecipue
726 2572 752 2620 in
764 2583 821 2620 car-
856 2574 1049 2638 peruenerunt,
1068 2571 1101 2622 de
1119 2585 1173 2636 quo
1187 2572 1244 2636 ipso
1257 2571 1379 2622 dubitare

294 2645 410 2698 minibus
436 2645 605 2696 fescenninis
631 2648 659 2696 et
679 2646 705 2696 in
729 2645 819 2697 mimis
855 2647 924 2709 iicet)
942 2647 1035 2696 imitati
1052 2648 1106 2696 sint
1115 2646 1203 2696 Liuius
1215 2645 1379 2698 Andronicus

293 2719 473 2784 Atellanisque
486 2734 491 2778 3
505 2719 555 2770 sed
568 2719 702 2780 quaedam
714 2719 820 2769 Horatio
855 2722 1052 2786 posterioresvo
1068 2721 1160 2784 tragici
1178 2721 1269 2770 latim.
1300 2721 1378 2771 Certe

295 2797 373 2848 nimis
399 2795 497 2844 rustica
523 2793 683 2844 videbantur
707 2794 819 2846 lortesse
856 2797 881 2846 in
907 2795 991 2846 Bothii
1017 2795 1105 2846 Poetis
1129 2796 1242 2846 scenicis
1267 2807 1301 2845 ne
1326 2807 1379 2844 une

294 2871 337 2922 vel
354 2873 380 2920 in
398 2868 515 2927 Catullo,
535 2883 586 2918 neo
603 2871 704 2932 magni,
723 2872 753 2920 ut
765 2870 820 2933 opi·
856 2869 964 2934 quidem
989 2867 1078 2919 lebula
1103 2871 1280 2929 memoretur,
1308 2880 1378 2932 quae

295 2959 359 3004 444,
378 2941 493 2994 iaciebat
508 2943 621 2994 Novium
638 2945 667 2992 et
677 2944 821 3008 Pomponi·
855 2942 1018 3008 respondent
1034 2941 1111 2994 alicui
1129 2955 1162 2993 ex
1178 2941 1228 2994 illis
1244 2944 1377 3006 quattuor,

296 3031 341 3070 am
363 3017 540 3080 porrtmtaom
564 3017 698 3081 elegantes,
730 3018 761 3066 at
785 3018 821 3066 eit
856 3031 925 3082 quae
936 3018 1062 3082 Thespidi
1074 3016 1227 3068 tribuuntur
1237 3016 1310 3080 apud
1320 3017 1380 3067 Sui-

296 3094 391 3144 Fronto
408 3105 435 3156 p.
456 3092 497 3142 70.
516 3093 560 3149 44..
584 3091 611 3140 44
626 3090 708 3140 verto
724 3092 820 3140 rosti—
856 3092 933 3142 dam:
960 3087 1103 3154 Πενθεύς,
1125 3081 1211 3142 'aldio
1232 3089 1337 3142 4444444
1360 3083 1380 3155 ἢ

295 3168 383 3218 conis
407 3171 430 3216 at
446 3165 600 3216 marturibus
615 3170 639 3214 ct
653 3165 819 3215 4444444444ήί4.
857 3162 987 3236 Φόρβας,
1002 3161 1111 3236 Ἱερετς,
1121 3159 1239 3216 ’4444444
1257 3166 1296 3216 Cl.
1309 3163 1381 3216 Wei-

299 3269 325 3278 -
344 3240 421 3305 roris]
440 3241 639 3291 4444ῑί444464.»
665 3237 819 3303 (14444444,
857 3242 920 3292 44444
936 3241 981 3290 Gr.
1003 3241 1110 3305 Tropod.
1128 3242 1147 3290 4.
1168 3254 1195 3305 p.
1216 3241 1255 3291 46,
1280 3238 1379 3291 callide

296 3315 336 3367 tt.
350 3314 385 3364 de
396 3313 517 3364 Saliene:
536 3315 604 3364 idem
618 3315 726 3377 infaceto
737 3319 772 3364 est
783 3317 821 3364 44-
857 3317 948 3366 auum
961 3315 1085 3378 Thespidi
1104 3315 1253 3378 tragoedias
1270 3312 1381 3366 nonnul-

294 3389 401 3454 focetior
410 3401 483 3448 44444,
502 3387 583 3438 8444444
595 3391 716 3450 potinoto
726 3391 818 3454 44444444.
855 3389 894 3440 les
919 3390 1098 3452 supposuerat
1117 3387 1269 3439 Heraclides
1291 3389 1381 3438 Ponti·

330 3461 451 3512 464-463.
462 3461 539 3510 Serus
546 3463 682 3527 estimet]
701 3464 820 3514 «Etenim
857 3477 913 3515 cus.
939 3462 1006 3514 Vide
1021 3462 1193 3514 Welokeruru
1204 3465 1245 3514 111.
1264 3476 1292 3526 p.
1305 3463 1379 3512 4046.

296 3537 439 3596 Romanus,
457 3535 530 3598 prius
542 3533 636 3585 litteris
649 3537 755 3588 Graecis
767 3551 820 3588 non
860 3565 886 3574 —
904 3537 1043 3600 4444444444]
1062 3537 1101 3588 Cl.
1120 3539 1149 3588 Α.
1168 3539 1195 3588 Ρ.
1215 3537 1264 3588 278
1275 3548 1335 3599 sqq.
1350 3563 1377 3572 —

297 3610 425 3670 initiatus,
453 3608 562 3658 demum
583 3610 643 3673 post
659 3612 776 3674 primum
794 3614 821 3662 et
856 3610 924 3676 444444]
943 3611 1085 3675 «diguam,
1104 3611 1177 3676 quod
1189 3611 1378 3662 imitarentur.-

296 3683 446 3736 seoundum
467 3684 596 3734 Punicum
619 3683 730 3747 bellum,
757 3699 821 3736 oum

297 3761 385 3812 4444444
410 3758 549 3822 tranquille
578 3761 682 3818 essent,
713 3761 820 3811 oculum
891 3760 1029 3812 464-467.
1063 3761 1187 3826 44444444]
1211 3757 1381 3811 «Periculum

199 3861 205 3874 ·
296 3848 376 3886 suum
392 3835 528 3897 ingenium
548 3833 581 3882 ad
602 3833 821 3884 eocuretiusstu-
858 3835 932 3896 lecit,
960 3836 1076 3887 incertus
1102 3837 1264 3895 etiamtunc,
1290 3835 1381 3884 utrum

297 3909 371 3959 dium
391 3909 538 3971 scitamque
559 3908 732 3958 imitationem
753 3912 820 3971 poti-
856 3922 1018 3974 prosperum
1051 3921 1208 3962 successum
1241 3907 1381 3960 habiturus

297 3984 385 4034 tarum
401 3985 564 4034 Graecorum
580 3982 736 4032 convertit.»
754 3983 819 4032 Por·
856 3983 925 4034 toret
936 3997 1048 4034 neone.»
1065 3984 1146 4047 iunge
1158 3985 1259 4034 eutem:
1278 3983 1382 4034 4444444444

298 4058 355 4108 cius
382 4057 485 4108 licinus
512 4055 585 4120 epud
610 4055 673 4106 Geli.
699 4055 744 4116 t'l,
771 4057 817 4117 44,
855 4071 921 4119 ron,
937 4057 1117 4122 reinceptum.»
1131 4061 1307 4109 4444444444
1316 4069 1380 4120 m,

297 4132 346 4182 ts:
365 4131 467 4182 Poenico
481 4131 542 4182 44444
558 4132 664 4182 recordo
675 4132 749 4182 44444
762 4131 821 4192 pio-
856 4131 882 4182 id
901 4135 955 4194 est,
973 4135 1003 4183 ut
1020 4131 1122 4194 volunt,
1147 4145 1230 4197 «quoe
1250 4135 1314 4184 tuac
1331 4131 1383 4182 4444-

297 4211 358 4257 noto
380 4209 465 4271 prodo
487 4207 573 4258 44444444
595 4219 620 4256 se
636 4205 777 4258 4444444444
793 4207 820 4256 44
856 4205 958 4258 hebent
974 4205 1123 4270 tragoedias
1137 4209 1278 4259 Graecus.»
1296 4207 1335 4260 Cl.
1348 4211 1380 4258 Α.

297 4281 395 4333 44444444·
410 4281 606 4346 monterone.
626 4284 711 4346 Atque
726 4281 760 4333 de
773 4293 820 4330 ea·
856 4283 884 4330 P.
898 4279 946 4332 285
958 4294 1035 4344 seqq.
1056 4307 1083 4318 -
1102 4281 1209 4345 4444444]
1234 4280 1381 4332 «tenendo
