3178 4972
585 445 682 496 unu
719 445 815 498 aaran
843 447 907 496 xiv.
1055 439 1061 452 '
1230 443 1292 508 5⁴3

241 604 321 670 Cum
345 602 448 668 servis
472 599 595 666 nrba'na
617 599 719 666 diaria
742 601 859 668 rodere
882 602 1000 678 marim
1248 603 1290 666 to

244 725 365 792 Horum
387 731 421 788 tu
444 722 476 786 in
498 741 669 788 numerum
690 731 765 788 voto
789 723 865 788 ruis.
911 721 1035 790 Invidet
1056 743 1149 788 nsum

208 845 212 854 '
242 846 417 932 Lignorum
438 853 471 908 et
492 843 620 930 pecoris
643 842 698 908 tibi
722 842 793 909 caio
817 853 948 930 argutus
972 853 1003 909 et
1024 843 1118 909 horti.

244 968 341 1053 Optat
363 963 517 1052 ephippia
538 963 615 1040 bos,
640 963 732 1050 piger
753 974 842 1051 optat
863 985 956 1030 arare
978 963 1137 1043 caballum

243 1087 348 1166 Quam
370 1086 430 1151 scit
452 1093 608 1171 uterque,
632 1082 750 1164 libans,
775 1083 932 1162 censebo,
957 1095 1108 1152 exerceat
1129 1095 1238 1152 artem.

268 1291 308 1343 to.
327 1293 405 1341 emis
421 1295 450 1340 tn
465 1290 565 1340 urbana
581 1289 716 1342 Bentleiua
733 1291 894 1342 coniectura.
910 1315 937 1328 -
957 1291 998 1342 40.
1017 1291 1058 1343 it.
1078 1293 1163 1343 oan-
1175 1321 1189 1330 -
1200 1308 1258 1344 mn-

234 1365 292 1416 ata?
307 1367 404 1417 Honori
414 1392 428 1402 -
440 1392 454 1402 -
464 1365 537 1414 ruis?
556 1365 679 1428 Doaring.
698 1390 725 1402 -
739 1364 780 1416 43.
794 1366 849 1428 toa,
864 1368 939 1431 piper
949 1372 1019 1430 optat
1030 1366 1163 1418 Bentleiua
1175 1372 1202 1419 et
1219 1371 1255 1422 hi:

235 1441 277 1492 tot
289 1443 378 1505 piper,
395 1445 468 1502 optat
483 1440 585 1490 Leti-⁴0.

202 1639 253 1693 per
269 1625 386 1690 numios
403 1625 461 1676 dies
479 1626 563 1676 servis
575 1623 728 1685 admetitur,
767 1623 802 1674 ad
815 1624 887 1688 quod
899 1625 1039 1677 coniemnt
1052 1628 1126 1678 ovid.
1139 1632 1198 1680 hm.
1213 1633 1237 1693 t,
1251 1631 1291 1695 43,
1369 1618 1375 1631 “

202 1703 480 1768 additiepiernmque,
497 1704 641 1767 utopinor,
655 1715 731 1754 men·
768 1699 814 1748 tc:
847 1701 935 1750 Prima
957 1715 1033 1752 cocos
1056 1705 1143 1754 tardor
1163 1705 1207 1754 aab
1231 1707 1293 1770 iupa

203 1793 248 1830 ane
271 1777 361 1828 herilis
385 1776 510 1840 reliquiis.
541 1775 664 1840 (Martini.
687 1779 728 1837 tt,
764 1774 854 1836 pondo
878 1774 956 1825 bocas.
994 1777 1114 1828 «Omnes
1131 1779 1250 1830 nituntur
1266 1781 1292 1830 in

204 1853 264 1904 ⁴08:
279 1853 467 1914 pieri-diario
479 1851 606 1916 poscunt.)
624 1853 730 1914 ingrata
768 1849 892 1908 vetitum,
918 1851 1024 1914 optant,
1043 1851 1180 1914 quaesibi
1198 1858 1293 1918 negate

203 1927 292 1976 autem
315 1928 356 1975 est
383 1923 535 1974 Bentleiana
565 1923 607 1974 iila
634 1917 731 1988 'e'pcpa-
768 1925 837 1971 aunt.
861 1923 903 1972 Sic
921 1921 970 1972 bos
987 1937 1094 1988 quoque
1112 1930 1230 1978 aratrum
1242 1929 1295 1979 mi-

204 2015 250 2062 σις
261 2001 322 2050 Gran
339 2002 416 2050 mauis
433 2005 460 2049 tu
477 1997 591 2060 urbano,
611 2013 730 2062 sequen·
768 2008 828 2045 sere
848 1998 958 2046 trahens
970 1998 1015 2048 uhi
1027 1999 1159 2050 caballum
1172 1999 1295 2054 celeriter

204 2073 274 2124 tihus
292 2075 728 2124 vv.iiommtuinnnmcrumcet.
768 2073 796 2118 et
821 2071 944 2134 expedite
970 2077 1122 2124 currentem
1146 2079 1293 2140 conspexit,

207 2177 234 2185 -
251 2147 348 2212 rodere]
372 2149 406 2198 de
424 2147 506 2208 duro,
535 2149 621 2210 tenui,
649 2161 730 2212 pareo
768 2145 895 2207 quoniam
922 2147 995 2210 quod
1013 2161 1042 2197 se
1060 2151 1160 2200 cruciat
1176 2154 1294 2203 aratrum

204 2235 344 2274 servornm
355 2223 520 2273 urbanorum
532 2224 611 2272 victu.
626 2223 729 2273 eistat.
768 2219 861 2280 sentit,
881 2219 991 2270 calcaria
1004 2222 1101 2284 quibus
1116 2221 1159 2274 iiia
1171 2227 1295 2290 pungitur

206 2299 268 2358 nt,
283 2297 506 2361 68.-ootcnttr]
526 2299 598 2348 «Hoc
615 2301 731 2348 tusum-
768 2306 820 2343 non
846 2294 934 2356 videt,
971 2309 1041 2360 equo
1068 2297 1190 2350 ieiicioris
1216 2303 1295 2352 sonia

205 2383 315 2434 mopere
338 2373 428 2434 optas,
455 2374 485 2420 ut
507 2385 600 2422 rursus
618 2370 731 2422 iamiiiae
769 2370 888 2431 speciem
907 2370 1015 2421 invidet.
1051 2373 1148 2422 Contra
1166 2373 1294 2438 caballus,

205 2445 324 2496 urbanae
350 2447 519 2509 aggregeris:
553 2448 645 2496 contra
674 2444 732 2495 caio
769 2443 815 2506 qui
832 2442 980 2496 calcaribus
998 2446 1141 2497 crudeliter
1164 2447 1296 2501 laceratus

206 2521 309 2582 (servus
326 2532 358 2570 ex
376 2519 473 2570 inmitia
492 2519 606 2581 urbana,
633 2518 733 2569 viliori·
770 2520 797 2566 et
813 2519 912 2569 invitus
929 2531 1011 2583 saepe
1030 2533 1139 2572 cursum
1160 2527 1294 2588 properat,

205 2593 257 2644 bris
274 2593 481 2657 durioribusque
496 2595 648 2645 ministeriis
660 2607 676 2644 a
687 2607 732 2644 me
769 2604 833 2641 cum
857 2591 955 2642 hovem
981 2591 1053 2644 lenta
1079 2598 1106 2645 et
1128 2598 1218 2658 quiete
1235 2611 1297 2648 ara-

206 2667 379 2730 destinatus),
397 2668 478 2718 homo
495 2681 560 2718 eane
578 2668 689 2719 callidus
701 2681 733 2718 ac
770 2666 841 2713 trum
853 2665 1004 2716 trahentem
1015 2667 1088 2728 vidit,
1104 2669 1183 2720 huius
1195 2673 1296 2724 sortem

206 2742 279 2792 vater
306 2743 344 2804 (ut
364 2741 415 2791 sibi
439 2744 511 2792 certa
529 2741 646 2803 videtur,
669 2755 733 2792 cum
770 2749 851 2788 unam
869 2751 930 2789 esse
941 2739 1063 2802 beatam,
1080 2755 1157 2793 suam
1169 2745 1298 2797 miseram

206 2829 249 2868 me
268 2817 363 2866 herum
381 2816 515 2867 interdum
533 2817 632 2880 decipit
648 2815 734 2868 etde-
770 2813 904 2874 queritur3
928 2827 962 2863 ne
985 2813 1027 2864 iiia
1045 2814 1153 2866 stultitia
1171 2831 1298 2870 occaect-

185 2891 334 2953 *tendam
354 2889 470 2941 liberum
487 2890 534 2940 tibi
549 2902 630 2940 unum
641 2903 733 2940 rernm
770 2887 813 2935 tus
831 2898 884 2935 nnn
901 2886 966 2937 vidit
982 2887 1110 2939 baculum
1125 2893 1235 2942 aratoris
1252 2907 1299 2945 ue·

206 2965 241 3016 ad
259 2967 357 3015 rictum
375 2966 589 3016 necessariarum
607 2965 732 3015 invidet.»
770 2971 824 3022 quc
852 2961 937 3010 sensit
969 2963 1126 3024 gravitatem
1158 2964 1298 3028 glebarum

207 3065 236 3078 -
254 3039 350 3090 invidat
366 3040 429 3101 cet]
459 3041 539 3101 Nam,
557 3041 587 3089 ut
604 3041 640 3089 ait
657 3042 734 3090 Pom-
770 3037 816 3084 aut
832 3035 988 3100 impeditam
1000 3037 1026 3086 in
1038 3036 1118 3088 sulcis
1129 3039 1209 3090 viam.
1235 3043 1298 3093 Uter

205 3115 301 3180 panius
326 3115 353 3164 in
375 3112 512 3177 Ergastuio
529 3113 601 3179 apud
620 3115 685 3164 tion.
705 3128 731 3178 p,
769 3108 848 3171 igitur
875 3111 950 3174 piger
976 3112 1032 3173 ast,
1062 3111 1113 3162 hos
1136 3127 1171 3163 an
1188 3119 1297 3177 aquosi

207 3188 272 3240 tot:
300 3189 383 3252 torpe
404 3187 437 3238 oh
462 3188 524 3238 urbe
543 3189 657 3250 oittcort,
684 3202 734 3251 quc
770 3185 824 3235 Nisi
857 3183 932 3235 fallor
960 3189 1082 3249 uterque.
1129 3188 1297 3252 Quapropter

206 3275 264 3313 mur
289 3267 406 3312 rarenter
427 3265 505 3326 venit,
532 3264 589 3313 h'oa
614 3263 732 3324 44444444,
771 3270 833 3309 cum
850 3257 919 3308 hova
936 3257 1000 3309 iilud
1013 3260 1150 3324 epitheton
1162 3261 1299 3314 coniunxit

205 3339 248 3388 aad
264 3338 392 3388 minori
408 3343 443 3388 eat
459 3351 517 3388 mea
533 3339 662 3388 senentio.
682 3339 735 3388 Ca·
771 3335 895 3384 Horatius
912 3334 1046 3385 vicinitate
1064 3334 1128 3397 ioci,
1147 3349 1210 3386 curn
1227 3351 1298 3400 equo

206 3411 260 3462 loni
277 3425 341 3462 raro
358 3413 446 3462 omnia
466 3411 611 3463 admetitur
627 3412 735 3476 dispen-
771 3411 799 3458 et
814 3409 974 3460 necessitate
994 3411 1142 3460 sententiae
1156 3412 1183 3460 et
1193 3411 1298 3462 vinculo

207 3487 279 3537 sator
290 3488 319 3536 et
330 3499 415 3549 usque
427 3486 461 3537 ad
473 3488 580 3537 unciam
591 3486 731 3551 ponderat.
771 3497 917 3544 caesurae,
953 3497 1023 3548 quae
1057 3486 1165 3536 tertium
1198 3487 1298 3552 pedem

210 3587 237 3596 -
260 3561 367 3622 pecoris]
397 3559 470 3622 «iac,
500 3573 624 3622 caseum,
652 3562 733 3612 etiam
771 3557 893 3608 dividit·
931 3560 1123 3609 Drnmmunsrn
1152 3560 1176 3610 in
1204 3563 1296 3623 Progr.

207 3645 318 3684 carnem
335 3635 459 3698 agninam
477 3638 504 3684 et
519 3635 663 3686 haedinam
680 3638 731 3685 cet.
770 3633 892 3697 aquisgr.
919 3632 991 3684 tata.
1017 3648 1044 3698 p.
1065 3635 1105 3684 ts.
1134 3635 1172 3686 Ci.
1199 3633 1299 3685 herhat

208 3708 255 3759 tihi
273 3709 460 3774 praebentiw
485 3709 521 3759 ad
537 3723 686 3772 summam,
704 3712 734 3760 ut
770 3709 846 3758 tactt.
869 3709 955 3758 Vamts.
969 3709 989 3757 1.
1002 3721 1029 3772 p.
1044 3709 1084 3759 ta.
1106 3737 1133 3744 -
1153 3710 1235 3770 Quom
1252 3712 1299 3760 mit

208 3785 250 3834 est
276 3785 303 3833 in
331 3783 488 3849 proverbio,
524 3785 599 3847 Optat
627 3787 677 3834 cet.
704 3811 731 3820 —
771 3782 834 3851 cet]
852 3783 881 3832 in
898 3782 1071 3847 proverbium
1088 3784 1230 3834 transierat
1241 3786 1297 3835 Ari·
1351 3771 1358 3787 ‘

207 3859 331 3924 opttpptc]
343 3857 482 3920 ἐφίππων
491 3855 625 3928 captim,
643 3859 735 3909 Scha-
770 3854 908 3921 stophnnis
931 3857 1011 3921 vesp.
1028 3856 1087 3908 4434
1103 3871 1108 3905 :
1130 3851 1229 3928 Ἕρδοι
1253 3873 1297 3922 τις

207 3933 334 3992 tractem
354 3933 486 3996 «tegimen
498 3935 559 3996 eqni
578 3932 611 3982 ad
625 3931 734 3982 mollem
771 3925 807 3995 ἣν
833 3924 957 3993 ἕκαστος
982 3928 1069 3996 εἰδείη
1094 3931 1208 3998 τέχνην.
1240 3933 1294 3984 Cic.

206 4009 345 4058 vecturam
354 4009 503 4071 paratum.»
514 4009 619 4056 Nouius.
634 4033 660 4042 —
672 4008 734 4056 Am·
770 4007 847 4056 Tunc.
861 4008 885 4067 4,
900 4007 940 4068 48,
954 4005 999 4057 tr:
1017 4007 1083 4058 liena
1098 4007 1164 4055 caim
1181 4007 1223 4056 itio
1236 4021 1298 4070 prc-

207 4079 313 4144 bigami,
341 4084 430 4132 utrum
457 4079 674 4144 distinguendum
700 4081 734 4130 sit
769 4079 1021 4130 aarhthrceccracn
1029 4079 1197 4143 praecipitur?
1215 4084 1298 4144 Ocno

208 4167 271 4206 cum
296 4155 427 4217 Bentleio,
455 4169 537 4220 quem
560 4169 608 4206 noa
625 4167 732 4218 quoque
770 4155 1066 4217 concatenatarum,
1084 4157 1112 4204 to
1126 4155 1297 4207 tocsaaner-

208 4231 293 4280 aecnti
310 4243 417 4292 sumus,
436 4245 470 4281 an
482 4232 538 4282 sio:
558 4231 633 4293 Optat
650 4231 733 4292 aphip-
769 4234 865 4279 ωσι.-
884 4230 991 4295 coemto]
1009 4231 1115 4280 Domini
1132 4232 1174 4281 est
1190 4235 1297 4282 santen-

206 4305 252 4367 pio
267 4305 310 4355 bos
322 4306 412 4368 piper,
430 4310 500 4368 optat
516 4317 595 4355 orara
610 4303 731 4366 achatius,
769 4306 817 4366 tin,
837 4315 905 4366 quaa
923 4304 1019 4356 eadem
1031 4317 1141 4369 semper
1152 4307 1201 4356 erit
1215 4306 1295 4370 (unde

293 4397 385 4445 itomr.
400 4409 455 4444 von.
472 4399 499 4444 ii.
529 4409 569 4444 nn.
586 4407 637 4443 arar.
652 4395 689 4442 iii.
1100 4397 1128 4442 3³
