3156 4972
493 443 495 450 ¹
602 453 661 504 tls.
680 456 710 504 ll.
747 457 814 507 SAT.
835 458 876 506 lV.

236 607 362 672 Ponere
386 605 478 694 signa
501 609 593 675 novis
615 612 814 700 praeceptis,
839 612 948 700 qualia
969 615 1099 682 vineant

236 727 440 816 Pythagoran
463 729 624 818 Anytique
647 751 739 798 reum
761 733 958 822 doctumque
980 735 1122 804 Platona.

259 925 326 975 SAT.
348 926 388 975 lv.
424 927 449 976 2.
470 927 574 978 vineunt
590 926 655 994 hSp,
674 931 800 992 quattuor
819 932 949 994 Pultieril,
975 934 1038 984 item
1057 949 1086 994 c,
1114 949 1248 1000 superser.

226 1013 252 1060 e,
279 998 305 1048 id
323 1001 378 1058 est.
404 1001 503 1051 oinemt
528 1003 565 1064 (ut
582 1003 648 1053 Cod.
668 1002 759 1054 bland.
778 1005 915 1069 antiquiss.
936 1010 963 1057 et
985 1007 1026 1058 alii
1044 1011 1170 1073 quattuor
1187 1014 1249 1063 Pot-

227 1073 313 1136 tierii),
332 1076 389 1126 tum
408 1077 466 1126 cte.
503 1077 543 1138 iot
560 1090 622 1139 nos,
641 1080 758 1129 Pottierii
775 1078 868 1144 reliqui
887 1079 984 1146 aliique
1002 1085 1029 1132 et
1046 1083 1084 1144 L.)

193 1274 239 1312 sua
251 1260 316 1312 laisa
329 1274 391 1312 cum
402 1260 460 1311 aliis
467 1264 554 1325 ueris,
573 1263 622 1314 sed
635 1265 720 1314 omni·
757 1267 902 1327 monicum,
922 1281 973 1330 qua
991 1268 1135 1320 utebantur
1153 1275 1180 1322 et
1197 1275 1283 1324 orato·

192 1335 244 1386 bus
275 1335 374 1386 iamdiu
404 1337 488 1398 notiS,
517 1337 717 1402 permiscuerit‚
757 1353 801 1390 res
813 1343 842 1391 et
860 1339 1011 1406 philosophi
1028 1345 1136 1408 antiqui.
1167 1347 1282 1398 Festinat

191 1413 244 1462 hoe
261 1410 408 1461 admodum
425 1411 528 1475 perlida
548 1410 670 1473 oonsilio,
690 1414 719 1463 ut
756 1415 834 1477 igitur
846 1417 935 1478 Catips
945 1431 1053 1480 potero,
1066 1419 1183 1481 reterre,
1196 1423 1279 1485 apua,

191 1485 299 1549 volgum
320 1485 513 1549 Epicureorum
536 1488 717 1537 Romanorum
756 1505 815 1542 voe.
829 1495 936 1556 proprio
953 1495 1075 1559 iniopiuer
1088 1499 1280 1548 sententiarum

191 1559 345 1612 huiusmodi
370 1559 489 1620 culinae,
518 1563 548 1610 ut
573 1559 715 1619 rebantur,
755 1577 864 1617 suarum
891 1568 918 1618 in
942 1569 1002 1618 loeis
1023 1582 1038 1619 a
1061 1583 1091 1621 se
1115 1573 1213 1635 captis,
1242 1575 1279 1635 ut,

191 1635 405 1686 llaeoenalianae
423 1635 527 1685 areanis
543 1635 611 1686 mire
628 1633 717 1685 ludili-
755 1642 971 1706 quandocunque
988 1643 1063 1703 velit,
1087 1658 1181 1697 earnm
1198 1660 1281 1697 aceu-

191 1711 307 1768 caretur,
317 1709 402 1759 risum
410 1711 500 1759 autem
512 1711 636 1760 moveret
646 1709 718 1761 llae-
755 1717 812 1766 rate
833 1717 968 1768 reeordari
994 1720 1086 1782 possit.
1123 1720 1188 1770 Vide
1209 1735 1234 1771 v.
1254 1723 1278 1772 6.

190 1785 277 1836 cenati
295 1785 345 1848 ipsi
357 1783 507 1848 ceterisque
520 1785 624 1846 amicis.
644 1785 715 1835 edito
754 1790 808 1840 Cir.
821 1791 915 1855 script.
934 1792 969 1842 ad
987 1793 1103 1844 Herenn.
1118 1793 1146 1855 3,
1166 1796 1198 1845 ⁴6
1209 1795 1277 1848 -24,

190 1857 289 1910 deinde
314 1856 382 1909 libro
407 1856 552 1909 lectoribus
579 1857 714 1910 omnibus.
754 1865 808 1914 Cio.
828 1865 862 1914 de
886 1868 929 1916 Or.
951 1866 982 1927 2,
1008 1867 1040 1918 86
1066 1880 1154 1932 seqq..
1183 1868 1228 1919 ubi
1253 1871 1278 1934 g.

189 1934 294 1984 Etenim
318 1945 380 1984 oum
403 1931 452 1983 illis
475 1934 592 1997 primum
609 1933 643 1983 ab
661 1935 717 1984 llo-
753 1938 810 1988 359.
828 1940 886 2004 ipse
904 1953 1011 2004 quoque
1029 1941 1113 1992 verbo
1127 1956 1221 2005 pooere
1232 1946 1281 1994 uti·

188 2009 257 2059 ratio
281 2007 491 2058 communicatas
516 2019 577 2058 esse
595 2010 625 2058 ut
641 2010 715 2058 eete-
753 2016 808 2063 tur:
825 2017 916 2064 lterum
927 2017 1166 2078 meuorioproprio
1176 2023 1281 2068 estora·

188 2097 233 2135 ras
244 2083 350 2146 eclogas
363 2082 518 2148 plerasque,
537 2085 576 2135 sic
587 2083 637 2134 has
650 2097 716 2147 quo·
753 2089 830 2148 torir,·
848 2103 904 2140 eum
916 2090 1020 2154 unquis
1026 2093 1141 2152 personia
1152 2092 1211 2142 hene
1226 2108 1279 2156 po-

187 2173 241 2223 que
253 2159 350 2210 satiras
362 2161 573 2210 consentaneum
584 2161 634 2210 est.
653 2161 716 2209 Pro·
752 2163 827 2214 sitia
842 2169 931 2214 notare
944 2178 1089 2228 possumus,
1107 2172 1135 2216 ut
1146 2170 1279 2219 sententias

188 2235 258 2284 lecto
276 2233 344 2283 haee
361 2231 458 2296 legenti
480 2231 619 2296 aliquoties
642 2235 715 2285 venit
750 2240 958 2303 imaginihus,
977 2241 1090 2290 ordinem
1110 2242 1189 2292 loeis
1209 2257 1279 2293 oom-

187 2311 214 2358 in
233 2310 352 2358 mentem
369 2306 437 2359 illius
458 2309 555 2370 Sati,
573 2309 603 2369 2,
622 2310 667 2359 ill:
686 2311 715 2359 Si
749 2316 939 2378 protendamus.
974 2317 1011 2366 Eo
1023 2315 1117 2366 salsior
1133 2321 1224 2370 autem
1237 2322 1279 2370 est

187 2384 244 2444 quis
258 2397 326 2432 nuuc
341 2395 440 2446 meges
455 2396 543 2432 moues
556 2384 714 2434 edtcettae-
751 2389 838 2450 loeus,
874 2390 946 2454 quod
975 2390 1103 2442 artificiali
1130 2393 1277 2444 memoriae

185 2471 240 2518 sos,
265 2456 367 2507 Porehit
388 2457 463 2519 praui
489 2457 576 2506 dorida
599 2459 715 2509 lienem
751 2476 847 2528 parum
860 2467 905 2513 aut
922 2463 985 2514 nihil
1004 2464 1127 2516 tribuisse
1139 2467 1277 2518 Horatium

185 2534 308 2583 imantia.
344 2533 470 2594 Ceterum
488 2533 648 2583 meminerat
658 2534 713 2584 lor·
751 2537 909 2589 verisimile
927 2540 976 2589 est.
997 2541 1148 2605 -vineonq
1166 2543 1277 2606 Propter

185 2611 257 2658 tasse
275 2607 399 2657 Horatius
416 2604 541 2657 similium
557 2611 712 2672 poematum
751 2613 838 2678 ipsum
851 2626 875 2662 v.
889 2614 976 2674 qualia
988 2615 1172 2665 coniunctivus
1184 2619 1276 2680 utique

185 2681 409 2734 didascalicomm
425 2682 459 2732 de
472 2685 529 2732 arte
541 2683 616 2734 eibos
628 2697 713 2749 nppun
750 2688 836 2752 aptior
853 2689 895 2738 est
910 2700 991 2752 quam
1002 2690 1100 2739 uincent
1111 2687 1152 2739 vel
1163 2691 1274 2752 vineunt,

184 2757 275 2816 randi,
294 2755 402 2820 qualem
417 2760 548 2808 memorat
559 2759 712 2810 Athenaeus
749 2763 848 2826 quippe
861 2763 906 2825 qui
917 2763 1061 2826 sigqitieet:
1082 2762 1185 2826 «qualia
1199 2764 1274 2815 lacile

186 2834 209 2894 l,
220 2834 246 2882 7.
256 2832 422 2883 Archestrati
430 2831 648 2901 Γαστρονομίαν
657 2836 708 2884 eet.
748 2834 866 2900 palmam
883 2837 953 2886 terre
971 2839 1073 2901 possint
1093 2838 1274 2900 Pythagoricis

183 2909 267 2958 Erant
284 2906 375 2956 itidem
395 2907 469 2956 Ennii
488 2907 639 2970 Phegetiea.
749 2914 928 2976 comparata.»
965 2913 1099 2974 (Celerum
1122 2910 1274 2962 hrturuma

217 2982 273 3032 4-3.
306 2982 374 3030 Unde
390 2986 414 3030 et
430 2981 487 3045 quo]
505 2982 558 3032 Cir.
572 2985 664 3044 sati,
684 2985 707 3045 9,
747 2986 825 3037 bonis
850 2986 934 3037 codd.
963 2987 1097 3040 firmatum
1124 2989 1275 3050 praestaret

183 3057 225 3108 62.
246 3083 275 3092 -
294 3056 387 3120 emite]
405 3056 710 3108 SioPlatollenex.ini-
747 3059 843 3112 saltem
872 3061 1007 3124 praesenti
1039 3059 1155 3124 indicat.)
1196 3062 1271 3112 Conl.

183 3133 232 3184 tio:
252 3127 301 3195 Ἐξ
317 3125 427 3201 ἀγορᾶς
443 3124 464 3198 ἢ
481 3127 571 3182 πόθεν
587 3129 709 3197 Menege—
747 3135 812 3199 Epp.
828 3134 855 3192 i,
874 3133 904 3194 t,
924 3133 953 3184 3:
983 3133 1096 3183 Scribere
1116 3135 1182 3196 quod
1204 3137 1274 3186 Cossi

182 3223 247 3271 νος;
276 3207 421 3271 Utrobique
446 3221 500 3258 uon
526 3209 568 3259 est
592 3211 708 3272 positum
745 3209 887 3260 Parrueosis
901 3208 1125 3270 opmerdoviueut.
1161 3209 1271 3273 Egregie

181 3283 380 3350 provocative,
398 3283 709 3348 sedeumquadamad-
746 3286 825 3349 poeta
851 3282 974 3346 exprimit
997 3283 1125 3332 Athenaei
1151 3281 1212 3334 illud
1239 3285 1270 3344 Ἰ,

182 3359 323 3409 miratione
348 3358 400 3408 hoc
425 3357 529 3408 dicunt:
562 3359 656 3412 «Unde
682 3363 709 3410 et
747 3359 795 3409 36:
814 3351 993 3419 Ἀλαζονικόν
1009 3355 1071 3407 ἐστι
1088 3353 1146 3408 πᾶν
1162 3354 1196 3408 τὸ
1213 3355 1271 3409 τῶν

182 3445 236 3497 quo
254 3433 327 3483 venit
348 3432 392 3483 bio
415 3433 508 3492 homo,
538 3433 564 3482 in
581 3447 634 3497 quo
652 3436 709 3485 lle-
745 3434 890 3502 μαγείρων
901 3428 1005 3492 φῦλον.
1018 3432 1270 3497 —Aopliquereuml

181 3521 330 3568 uenenum,
350 3507 454 3558 Catium
472 3520 618 3570 agnoscere
631 3509 708 3560 nobis
746 3506 1271 3559 Socratemaecusatumahleletohuius-

180 3582 330 3633 videmur:
343 3609 370 3618 -
383 3582 568 3647 Pooeiasipua]
586 3585 708 3648 Porphy-
746 3594 799 3645 que
822 3580 1050 3644 subscriptoribus
1076 3579 1270 3653 (συνηγόροις)

180 3659 239 3708 rion
257 3655 384 3722 explieat:
412 3655 548 3707 «scabere
570 3659 597 3708 et
618 3658 707 3708 consi·
746 3655 1007 3718 tyconeetsnpto,
1026 3655 1198 3719 quiquidem
1220 3657 1270 3706 So-

180 3745 263 3796 gnare
287 3744 355 3780 nova
379 3733 554 3795 praeceptap
581 3731 608 3781 id
633 3730 707 3796 quod
745 3728 1270 3792 oratisadversariorumlongeluitaeer-

180 3821 229 3871 pro
247 3808 322 3856 certo
340 3817 383 3855 vv.
400 3817 494 3866 ponere
509 3805 583 3868 aprio
603 3806 706 3868 signiti-
745 3805 841 3865 rimus,
867 3801 930 3854 Plat.
946 3803 1020 3868 Apol.
1040 3803 1113 3853 Soer.
1133 3818 1159 3867 p.
1178 3803 1218 3854 23.
1238 3805 1268 3854 E.

179 3895 242 3932 care
260 3880 405 3943 nequeunt.
441 3878 490 3929 Alii
507 3881 655 3942 cogitarunt
671 3880 705 3932 de
744 3878 823 3940 Anyti
841 3879 944 3928 tristem
961 3878 1042 3928 linem
1060 3878 1270 3928 namatTheml-

180 3956 249 4006 notis
268 3952 444 4018 (Tironianish
469 3967 564 4005 verum
588 3959 707 4019 praestat
744 3953 810 4004 atius
827 3953 897 4002 Orat.
911 3953 952 4002 20.
964 3965 992 4017 p.
1007 3951 1065 4003 293.
1084 3952 1172 4014 Dind.¹
1192 3953 1268 4002 cuius

177 4027 302 4094 philologi
315 4029 442 4091 anonymi
454 4028 525 4092 apud
537 4028 703 4091 Lambinum‚
743 4026 827 4078 verba
853 4027 934 4078 animi
962 4039 1041 4078 eausa
1059 4027 1267 4091 exscripsimus:

177 4101 376 4155 hlilscherlichii
393 4106 420 4153 et
444 4105 643 4166 Morgenstemll
662 4104 704 4168 (de
736 4096 853 4154 Ἄνυτον
878 4101 1054 4153 κατέλευσαν
1078 4097 1126 4152 διὰ
1150 4099 1269 4171 Σωκρά-

177 4181 372 4230 nrteveteram
384 4179 563 4230 mnemonica.
595 4181 704 4245 Dorpetl
743 4191 795 4243 την
812 4177 844 4228 oi
856 4173 1046 4248 Ἡρακλεῶται
1057 4177 1089 4226 oi
1098 4177 1129 4228 ἐν
1139 4173 1178 4244 τῷ
1189 4173 1268 4227 Πόν-

177 4255 250 4306 4835.
270 4267 297 4318 p.
317 4251 392 4318 mvn
417 4255 612 4319 interpretatio,
637 4256 704 4305 haee
742 4267 799 4320 up,
828 4253 877 4303 nai
905 4252 957 4302 νῦν
983 4249 1126 4304 δείκνυται
1152 4245 1267 4304 Ἀνύτου

175 4343 219 4380 vr.
239 4327 383 4380 relerenda
401 4341 461 4381 esse
474 4328 509 4380 ad
526 4332 612 4381 artem
624 4342 704 4381 mne·
742 4321 851 4381 αὐτόθι
864 4324 947 4393 σῆμα
957 4325 988 4378 ἐν
999 4323 1038 4394 τῷ
1056 4327 1218 4398 προαστείῳ
1230 4321 1266 4378 ori
