3082 4968
572 443 635 496 tut.
651 444 670 495 l.
709 443 777 496 sni.
796 443 839 496 [Χ.
1188 443 1250 511 155

201 597 239 666 llt
254 617 398 686 propero
413 617 481 686 qno
496 597 570 666 scis.
599 596 726 667 Dubius
740 621 822 680 sum,
838 599 919 688 qnid
933 601 1056 679 inciam,
1073 601 1184 691 inquit,
1207 604 1250 671 to

201 721 286 788 Tene
309 719 492 808 relinquam
513 739 554 786 nn
575 739 655 788 rem.
684 721 744 799 lle,
768 721 877 790 sodes.
906 724 976 790 Non
997 723 1121 804 inciam,
1144 723 1206 804 ille,

201 842 239 908 Ει
260 841 465 930 praecedere
488 841 604 930 coepit
647 842 731 930 ligo,
754 851 791 910 ut
809 844 1008 914 contendero
1023 846 1142 914 durum
1157 857 1208 915 est

201 965 282 1032 Cum
304 963 447 1041 victore,
471 983 602 1052 sequor.
646 965 818 1033 Maecenas
840 965 1005 1054 quomodo
1026 969 1160 1036 tecum?

201 1085 283 1154 lliuc
294 1083 426 1174 repetis
448 1104 628 1173 paucorum
638 1084 804 1156 hominum
820 1097 853 1156 et
867 1089 983 1158 mentis
996 1088 1082 1158 bene
1098 1111 1214 1172 sauae;

225 1255 266 1308 tt.
285 1269 323 1307 aa
338 1253 416 1307 rara?
433 1257 504 1320 (cnm
520 1257 734 1322 interrogationis
751 1259 834 1323 signo)
851 1259 883 1321 b,
902 1265 948 1312 out
962 1273 1017 1312 rara
1032 1273 1059 1326 p.
1075 1285 1104 1300 -·
1116 1259 1158 1314 is.
1171 1263 1218 1313 du-

193 1345 251 1382 ram
268 1332 332 1383 Cum
349 1345 383 1396 cp
401 1333 429 1382 et
443 1343 484 1398 pr.
503 1333 533 1394 S,
552 1344 586 1381 ex
603 1331 660 1384 aiis
678 1333 763 1384 codd.
784 1333 835 1401 (γε)
853 1335 1000 1398 Bentlcius,
1020 1337 1080 1387 Fea.
1108 1337 1148 1401 (Ul
1159 1350 1217 1399 uos,

192 1405 209 1457 b
227 1409 255 1458 ει
271 1419 343 1458 corr.
362 1405 399 1469 S.)
419 1433 448 1444 -
471 1403 513 1458 ii.
536 1399 680 1468 bonum·
699 1409 789 1459 mauu
811 1423 844 1460 ex
861 1423 915 1461 uno
932 1411 1001 1462 leae
1017 1411 1115 1474 Bothe,
1137 1413 1219 1464 bomi-

191 1495 253 1532 num
267 1486 297 1532 ut
311 1481 402 1532 mauis
418 1480 484 1532 cod.
503 1481 616 1546 Gotting.
636 1480 714 1547 prob.
734 1485 862 1536 (ιεειιεεο.

159 1621 199 1672 rio
214 1619 372 1686 ponendum
389 1587 685 1673 inissetutraaa--ou
721 1623 873 1691 percnum]
889 1625 996 1677 Terent.
1014 1625 1081 1678 Eun.
1100 1625 1129 1688 3,
1148 1625 1177 1688 i,
1202 1627 1248 1678 ts:

160 1695 212 1747 sed
237 1695 362 1746 Horatius
387 1695 506 1746 imitatur
530 1708 686 1747 sermonem
724 1699 786 1753 Tar.
818 1700 900 1751 iaaac
913 1702 950 1751 sic
964 1701 1037 1752 borno
1056 1705 1091 1751 ert
1108 1703 1252 1764 Ρεφαεεο-

159 1769 317 1822 familiarem
333 1771 493 1834 cogitatione
511 1783 544 1821 ex
563 1771 687 1836 superio-
724 1774 928 1826 nanbombuan.
952 1777 998 1825 Gr.
1020 1775 1250 1839 mmoautumn,

158 1845 234 1896 ribus
250 1843 391 1910 suppleto:
420 1844 519 1896 Dubios
534 1857 603 1907 nea,
632 1849 687 1897 ιεεε
724 1849 850 1911 arbitror,
867 1849 889 1898 ει
905 1853 986 1900 mam
1001 1849 1071 1899 ειειι.
1107 1849 1201 1900 Cicero
1216 1849 1252 1901 de

159 1922 211 1972 cet.
245 1921 302 1972 Nec
318 1931 384 1970 vero
402 1918 491 1971 diiiert
507 1920 562 1971 Cic.
581 1918 616 1970 ad
632 1921 685 1971 att.
725 1924 788 1974 Fato
806 1923 879 1988 apud
895 1922 1014 1976 llacrob.
1033 1925 1138 1976 Satura.
1156 1925 1185 1985 2,
1205 1924 1250 1975 li:

159 1995 203 2057 li,
221 1994 269 2056 at,
287 1995 320 2045 2:
343 1993 418 2045 calba
433 2007 473 2045 aaa
490 1992 686 2059 (dubitantem)
722 1998 856 2061 Actaeae·
863 1999 1060 2062 aarum
1069 1999 1198 2050 bominac
1206 2005 1251 2065 εει,

158 2069 290 2121 earam
304 2069 400 2133 saum,
418 2071 445 2120 P.
465 2069 570 2121 &aaut
585 2095 599 2106 -
615 2095 631 2108 -
645 2069 688 2120 ut-
724 2071 752 2123 id
769 2074 824 2136 est,
843 2074 939 2138 «piscis
957 2075 1012 2124 tam
1028 2087 1119 2135 rarus,
1137 2075 1167 2124 ut
1182 2086 1253 2141 pau·

157 2159 221 2196 ocae
236 2171 252 2182 -
267 2169 284 2181 ·
296 2149 374 2207 goba
395 2157 440 2195 ruo
462 2149 579 2195 nummus
593 2145 626 2195 sit
640 2171 657 2182 -
672 2169 687 2182 -
725 2147 763 2198 cis
780 2146 919 2200 dumtaxat
941 2149 1059 2200 convivis
1081 2149 1180 2214 apponi
1203 2148 1254 2199 de-

159 2233 193 2272 oc
205 2223 273 2284 post.
308 2220 378 2270 Orat.
398 2219 426 2270 bl
441 2232 448 2268 ι
463 2221 611 2288 ¹caroeaituur
628 2219 688 2284 (ita·
724 2221 814 2273 beat.»
851 2223 951 2276 sensns
973 2224 1001 2275 h.
1024 2221 1041 2275 l.
1061 2227 1115 2275 est:
1144 2223 1253 2290 «paucis

158 2309 212 2360 que
230 2293 390 2358 dubitatum)
412 2299 461 2357 ast,
483 2295 511 2344 io
532 2299 615 2346 ιοιοειε
635 2295 689 2345 cir-
725 2297 850 2361 qnidem,
877 2297 926 2349 sod
943 2299 1057 2362 egregiis
1077 2297 1253 2350 familiaribus

157 2369 228 2420 cuitu
243 2369 288 2418 illo
299 2369 422 2419 motionis
437 2393 453 2406 ·
469 2394 484 2407 -
500 2383 535 2420 oa
551 2370 578 2420 tn
591 2371 690 2433 ρειεει-
725 2371 780 2435 ille,
800 2385 852 2437 qua
870 2375 912 2424 εει
927 2373 1084 2439 prudentia,
1102 2373 1140 2425 uti
1157 2373 1251 2426 solet.»

154 2445 206 2508 piis
221 2443 304 2494 roim
319 2457 501 2496 --uamaua
517 2447 686 2497 meumst.
725 2449 811 2500 liinus
839 2449 913 2499 recte
940 2449 1090 2500 Dlinlzerus
1124 2447 1196 2513 (ooli.
1224 2463 1251 2500 v.

159 2521 302 2571 materen
318 2519 345 2570 in
363 2519 568 2585 interrogatione
586 2521 688 2573 directa
726 2522 772 2572 il:
788 2536 854 2572 wius
868 2523 1029 2589 liudonem.)
1044 2524 1251 2588 interpretatur:

159 2593 296 2645 eiiicaoins
313 2595 387 2644 certe
404 2594 514 2646 dixisset
532 2595 594 2646 Tene
609 2595 689 2647 relia-
727 2597 882 2649 «Maecenas
909 2598 991 2648 homo
1020 2599 1062 2648 εει
1090 2599 1252 2662 egregins,-

159 2681 208 2732 quo
224 2682 261 2718 oa
276 2681 344 2731 rena,
361 2671 392 2719 ut
409 2669 463 2721 Cic.
477 2669 511 2720 ad
523 2672 575 2721 stt.
591 2671 638 2734 ib,
656 2672 687 2732 8,
726 2673 824 2737 aazia,
839 2673 1007 2737 vortrcffliclt,
1025 2687 1075 2723 uon
1085 2673 1188 2724 mlteaer
1196 2673 1252 2724 Art.

159 2743 192 2794 2:
214 2745 689 2807 scrobesberiensium?
726 2749 774 2798 vv.
795 2747 1138 2810 poaoomm--submouea
1163 2747 1254 2799 diver·

161 2817 265 2883 —reml
284 2819 360 2869 «lien
374 2831 424 2882 pro
441 2818 486 2871 lite
498 2820 572 2872 dixit.
607 2823 650 2872 Sic
662 2824 689 2873 ει
726 2823 831 2873 sissima
848 2823 1013 2888 interpretati
1035 2824 1098 2874 suut
1118 2821 1253 2886 philologi.

160 2895 186 2944 in
203 2893 309 2957 legibus
325 2895 456 2958 scriptum
472 2896 583 2946 inveniri
602 2895 686 2948 solet:
727 2897 750 2961 l)
779 2897 873 2947 Omnia
902 2898 1052 2962 importuno
1084 2895 1252 2946 tribuuntur:

158 2982 213 3020 rora
228 2971 282 3020 aive
297 2970 392 3020 bum.»
409 2973 503 3022 Poura.
522 2971 606 3022 Varro
619 2974 646 3023 L.
658 2975 687 3025 L.
727 2971 883 3032 «Quomodo
894 2974 985 3023 tecum
996 2971 1061 3022 vivit
1076 2971 1253 3022 llaeceuasi·

160 3045 189 3106 i,
207 3043 256 3096 9³:
284 3044 378 3108 uotiua
398 3057 440 3097 rea
461 3051 519 3097 erut
539 3047 567 3096 in
586 3053 689 3098 coutro-
728 3047 903 3110 (Responsum
931 3058 985 3097 non
1016 3047 1171 3110 exspectat,
1205 3043 1255 3097 sed

159 3121 257 3182 emto,
284 3133 316 3170 ao
335 3120 476 3171 vocabatur
499 3121 509 3171 l
517 3123 563 3182 is;
588 3123 643 3173 ideo
661 3123 690 3173 ia
727 3123 852 3171 contiuuo
872 3133 921 3185 pro
938 3133 988 3171 suo
1005 3123 1085 3185 captu
1108 3123 1189 3184 atquc
1212 3121 1255 3170 iu-

160 3195 301 3246 nctionibua
309 3195 423 3245 mamus
432 3195 497 3246 dici:
517 3197 691 3259 uisitauit
727 3197 805 3260 genio
816 3194 940 3246 laudibus
953 3195 1025 3247 illum
1036 3194 1162 3258 extollit:)
1175 3208 1255 3260 «pau-

161 3271 235 3322 sits
259 3270 302 3321 iti
324 3270 428 3320 tirsi!
449 3269 571 3322 uictas
594 3273 690 3323 oaoii-
727 3283 774 3322 cos
796 3271 888 3334 utiquc
914 3271 985 3321 iuter
1007 3271 1109 3322 amicos
1131 3271 1254 3334 recipcre

162 3345 230 3396 ΤΕΤ.
250 3371 280 3382 -
298 3345 391 3394 dmm
407 3345 450 3410 εει]
474 3345 578 3397 Excidit
601 3351 637 3396 est
662 3345 689 3396 in
727 3343 808 3407 solet,
832 3344 881 3395 sed
904 3345 1040 3410 ememus,
1059 3347 1089 3396 ut
1105 3347 1148 3407 to,
1167 3345 1255 3408 Virgi-

161 3419 251 3471 multis
276 3419 361 3470 Codd.
384 3422 497 3485 propter
518 3421 689 3473 Horatianam
726 3419 804 3482 ium,
822 3420 945 3484 Varium,
966 3425 1046 3486 atque
1063 3422 1116 3472 hoc
1132 3422 1192 3486 ipso
1204 3420 1256 3471 de-

161 3497 322 3560 scripturum
334 3497 456 3546 iimmot.
472 3523 499 3534 -
512 3497 615 3563 obtare]
627 3499 688 3563 «qni
726 3493 798 3545 lectu
815 3495 996 3559 demonstrat,
1020 3498 1119 3562 quamn
1137 3496 1172 3547 alt
1188 3508 1255 3561 pru-

161 3570 286 3622 instando
302 3571 441 3635 pervicit.»
727 3571 818 3622 dontio
842 3572 989 3637 praeditus.
1035 3573 1149 3624 Omnino
1174 3583 1255 3622 nemo

193 3645 285 3697 it-ta.
311 3645 445 3696 illcaoeaoa
465 3647 527 3710 cet]
547 3647 623 3699 Nunc
640 3648 690 3699 de·
727 3645 833 3698 lortuna
856 3647 992 3700 dexterius
1014 3661 1046 3699 ac
1068 3645 1200 3698 sollertius
1221 3659 1255 3698 co

162 3732 236 3770 mum
253 3719 344 3770 missis
361 3719 519 3786 ambagibus
536 3720 572 3772 nd
588 3723 615 3773 id
629 3735 691 3789 pen·
729 3723 771 3772 εει
787 3735 866 3786 ιιευε,
890 3736 944 3788 qua
961 3725 988 3773 in
1005 3725 1061 3774 arie
1079 3735 1144 3772 sane
1162 3733 1255 3772 rerum

162 3794 234 3846 venit
258 3795 442 3860 importunus,
469 3796 542 3859 quod
564 3809 612 3848 sua
630 3811 690 3848 ma·
728 3795 907 3848 humanarum
924 3797 1006 3848 cardo
1020 3797 1141 3848 vertitur.
1157 3823 1184 3834 -
1198 3799 1255 3848 lam

162 3869 232 3920 xime
250 3870 390 3932 intererat,
409 3873 453 3933 nt,
471 3872 494 3922 si
511 3871 569 3922 lieri
581 3874 688 3936 posset,
729 3869 804 3922 iacilc
817 3871 864 3922 tibi
876 3871 1015 3933 culmini,
1034 3871 1135 3922 bomini
1146 3874 1255 3923 centum

164 3944 348 3996 intercedente
385 3946 492 3998 lloralio
528 3948 690 4000 Maecenatis
729 3948 841 4009 artium,
866 3945 961 4012 quales
978 3945 1020 3998 ille
1042 3945 1111 3998 solat
1127 3945 1254 4012 deligere,

164 4021 312 4070 amicorum
344 4019 418 4071 velut
450 4022 554 4072 cohorti
592 4021 689 4072 eodem
729 4022 831 4073 aditum
856 4023 891 4074 ad
921 4035 985 4074 cum
1008 4035 1121 4088 pararc;
1156 4037 1188 4074 ac
1215 4023 1255 4075 ia-

164 4094 243 4146 modo
269 4097 472 4159 aggregaretur,
502 4109 557 4160 quo
583 4097 690 4148 lioralio
730 4099 785 4149 cies
802 4098 855 4148 hoc
872 4098 984 4149 iortasse
1002 4110 1055 4149 nou
1073 4099 1130 4150 sina
1147 4099 1255 4163 proprio

165 4168 285 4233 Virgilius
306 4169 375 4221 illius
396 4171 541 4222 amicitiam
564 4171 691 4223 concilia-
729 4175 775 4223 tuo
799 4171 959 4234 commodo;
987 4185 1037 4238 ego
1061 4174 1133 4223 enim
1155 4174 1182 4223 te
1205 4185 1255 4237 pro

164 4245 213 4294 rat.
237 4271 267 4282 -
289 4245 387 4311 repam]
413 4259 583 4298 asermonam
606 4248 690 4300 inter·
729 4245 795 4298 virili
812 4249 889 4311 parte
906 4248 1027 4300 iurarem
1044 4248 1174 4300 adversus
1191 4248 1256 4299 invi·

166 4320 277 4372 misem
294 4321 356 4372 lrlnc
373 4333 466 4374 misus
483 4321 646 4373 exorditur.»
661 4349 688 4361 ·-
729 4322 779 4374 dos
805 4324 885 4387 atque
906 4323 1011 4387 iniquos
1033 4325 1109 4385 tuos,
1138 4324 1198 4387 qui,
1226 4324 1256 4372 ut
