3192 4974
283 448 344 512 448
643 449 770 500 nonam
787 448 1008 519 uusronluuu

634 801 900 872 mmm
923 801 1020 864 VH·

326 948 476 1034 Quinque
498 944 568 1011 dies
592 942 647 1009 tibi
670 941 831 1030 pollicitus
853 963 905 1009 me
928 964 1004 1009 rure
1030 943 1185 1021 buturum,

326 1067 477 1136 Sextilem
501 1076 601 1155 totum
622 1063 761 1130 mendax
784 1061 964 1131 desideror.
1009 1067 1104 1153 Atqui

327 1191 359 1256 Si
381 1209 434 1256 rne
456 1188 567 1255 vivere
589 1186 638 1252 vis
661 1206 775 1252 sanum
798 1196 953 1274 recteque
974 1185 1151 1262 valentem,

331 1350 443 1401 Euvll.
456 1349 482 1398 4.
492 1348 575 1410 Atque]
585 1346 683 1397 allud.
697 1373 724 1383 -
735 1346 758 1396 3.
768 1347 807 1394 343
816 1359 908 1396 sonum
918 1353 1030 1409 33343333
1040 1349 1164 1399 33433433
1174 1347 1337 1414 4383343464.

316 1423 450 1476 Bentleius
468 1425 496 1473 et
514 1423 546 1472 0:
562 1421 601 1472 ois
618 1425 731 1483 recteque
740 1421 825 1470 344333
836 1423 960 1472 uolentem
971 1422 1000 1481 E,
1013 1423 1116 1485 greum
1133 1421 1190 1474 aliis
1201 1424 1338 1483 vetustis»

316 1499 516 1628 llllelrltllsieffi'
535 1512 568 1550 ex
585 1497 641 1550 aliis
660 1498 705 1548 Fbl
713 1536 719 1559 ,
736 1497 775 1546 343
789 1503 903 1560 recteque
920 1497 1006 1562 343333
1023 1497 1145 1548 uolentem
1162 1497 1296 1548 Bentleius
1313 1499 1339 1547 in

316 1718 370 1768 vll.
401 1717 440 1766 De
466 1713 544 1764 buius
569 1711 701 1778 Epistolae
728 1725 808 1776 argu·
844 1713 937 1762 343333.
966 1712 1063 1762 Bacch.
1076 1713 1106 1772 4,
1125 1713 1153 1772 4,
1174 1713 1222 1762 ll:
1244 1713 1338 1763 Vivitne
1350 1719 1374 1762 34

284 1793 376 1842 mento
393 1790 453 1840 vide
471 1789 629 1839 Excursum.
844 1787 930 1837 334344
940 1786 1006 1838 ibid.
1020 1801 1045 1838 3.
1060 1786 1106 1838 ll:
1123 1788 1185 1838 34344
1196 1793 1219 1838 34
1228 1787 1303 1838 octat.
1322 1789 1371 1838 Te·

311 1866 362 1917 4-6.
374 1866 487 1928 Quinem
495 1864 555 1926 34433]
566 1863 806 1926 utnosocirtlaye¹
845 1865 913 1912 rent.
933 1862 1027 1912 443334.
1041 1861 1067 1922 3,
1088 1863 1116 1922 4,
1135 1855 1182 1912 ll:
1210 1863 1278 1912 Valet
1295 1867 1371 1924 34333

284 1954 413 1993 numerus
430 1939 561 2000 infinitus,
590 1952 643 1989 non
660 1939 739 1989 nimis
762 1949 809 1987 ac·
844 1937 914 1986 34344.
946 1937 1000 1986 Clo.
1013 1935 1239 1996 scrobum:
1259 1937 1287 1986 84
1299 1937 1373 1999 4333-

284 2018 375 2066 333343
393 2014 539 2077 urgendus.
569 2012 644 2064 Conl.
667 2013 720 2062 Sat.
739 2014 763 2070 4,
782 2011 806 2068 3,
847 2010 901 2073 333)
924 2012 981 2060 3334
1002 2014 1059 2060 sunt
1081 2024 1112 2059 33
1131 2011 1249 2060 calentes.
1279 2010 1373 2062 Celsus

285 2088 494 2154 ilisa—rare]
513 2086 739 2148 insoblnomeo‚
758 2099 809 2150 po·
848 2087 876 2147 4,
895 2085 923 2134 t:
951 2086 1051 2134 83333
1076 2085 1161 2144 bomo,
1188 2086 1276 2145 quiet
1299 2085 1374 2136 4333

284 2165 336 2214 4433
356 2175 452 2227 quam,
478 2163 507 2211 ut
527 2159 571 2210 alii
592 2163 704 2225 propter
725 2173 751 2210 3.
766 2159 806 2210 tt.
845 2160 931 2209 33434
956 2165 979 2210 34
999 2173 1060 2209 3333
1076 2160 1170 2222 3333443
1186 2165 1233 2220 334,
1259 2160 1334 2210 334443
1349 2173 1374 2210 se

284 2236 458 2297 arbitrantur,
477 2236 503 2284 ln
520 2235 599 2284 amici
619 2233 731 2285 alicuius
748 2231 808 2282 villa
847 2234 958 2297 34443333
975 2235 1067 2299 leuibus
1083 2233 1159 2284 43434.
1189 2235 1265 2285 biart.
1279 2235 1306 2296 6,
1326 2235 1371 2295 40,

284 2309 428 2361 Tiburtina.
455 2337 482 2346 —
505 2307 632 2372 8333444333]
657 2309 733 2358 Anno
759 2308 809 2357 de·
849 2309 892 2358 lb:
918 2309 976 2358 Nou
993 2313 1028 2358 334
1047 2309 1189 2359 3433333344
1207 2309 1371 2359 3343333443.

284 2397 360 2436 mum
372 2398 398 2433 u.
409 2397 433 2434 c.
444 2382 501 2433 446.
520 2383 564 2432 bio
575 2383 676 2433 mensis
685 2383 810 2446 43333433
847 2381 957 2432 Bentleii
975 2385 1046 2434 coni.
1066 2383 1101 2446 (ln
1119 2383 1195 2433 Curis
1212 2383 1372 2444 novissimis)

285 2460 437 2510 nominatus
450 2459 499 2508 est.
528 2457 576 2507 Dio
589 2458 663 2508 Cass.
678 2458 722 2518 444,
742 2457 766 2506 6.
780 2484 807 2493 -
847 2461 961 2518 recteque
976 2457 1062 2520 343333
1079 2457 1199 2507 33433433
1216 2457 1372 2508 Latinanon

284 2535 396 2584 3333433
423 2531 556 2596 4334443333]
587 2531 681 2582 Dedlta
711 2544 807 2595 opera,
847 2532 962 2582 videtur.
983 2560 1011 2568 -
1029 2530 1138 2595 3334333]
1157 2533 1201 2580 uut
1217 2530 1304 2582 absim
1322 2531 1374 2582 hoc

286 2620 340 2672 quo
352 2605 452 2658 facilius
463 2608 605 2657 Maecenas
617 2605 668 2656 sibi
678 2607 808 2668 ignoscat,
848 2619 956 2667 mense,
976 2620 1029 2670 quo
1047 2605 1151 2656 3343333
1166 2607 1275 2656 austrini
1294 2608 1371 2672 (virg.

285 2689 341 2735 tem
357 2683 534 2734 vehementer
554 2683 612 2746 ipse
634 2694 664 2732 33
685 2683 808 2741 3333334,
849 2683 894 2730 Ge.
908 2681 937 2742 4,
950 2681 1019 2741 446,
1032 2681 1060 2730 43
1078 2680 1243 2743 83433333)
1256 2681 1282 2731 43
1295 2693 1374 2732 causa

286 2772 340 2809 non
351 2756 436 2821 quod,
449 2754 606 2807 3433333414
617 2754 722 2815 volunt,
736 2768 812 2805 men·
847 2757 925 2814 sunt,
944 2755 973 2804 ut
990 2753 1065 2804 multi
1082 2755 1205 2804 homines
1217 2757 1373 2816 moriantur,

286 2833 354 2884 dacii
371 2831 478 2896 culpam
495 2831 581 2881 amico
603 2829 731 2880 obiecerit
752 2829 811 2879 lau·
848 2829 973 2892 quocirca
990 2829 1089 2891 ubique
1107 2829 1133 2878 in
1153 2828 1281 2880 funebres
1297 2843 1374 2894 pom-

286 2912 336 2959 tor.
352 2935 380 2944 —
398 2905 481 2970 Atqui]
500 2907 549 2956 ml
565 2919 621 2956 333.
649 2903 807 2955 3033444333
848 2916 896 2969 pas
923 2903 1110 2952 incurrimus.»
1139 2927 1166 2938 -
1193 2905 1256 2968 {trae
1276 2903 1372 2968 334333]

285 2985 418 3042 attamen,
443 2993 505 3030 cum
522 2981 575 3030 hoc
593 2979 632 3030 sic
649 2991 679 3030 33
696 2976 809 3039 babeat,
849 2991 958 3028 «mense
976 2976 1064 3027 Sextili
1077 2980 1104 3027 et
1115 2977 1267 3041 Septembri
1286 2981 1374 3028 matu-

286 3054 364 3106 dabis
380 3053 515 3104 licentiam
534 3057 602 3106 cet.»
618 3081 645 3089 -
658 3053 685 3103 84
696 3066 736 3103 me
747 3052 809 3117 334]
847 3065 958 3104 3333333
980 3053 1068 3116 ipsum
1089 3065 1169 3116 grave
1191 3054 1327 3103 auctumni
1344 3051 1370 3102 d.

286 3129 397 3180 Restitui
424 3127 566 3179 lectionem
592 3141 607 3176 a
632 3127 718 3177 tribus
742 3128 810 3177 mois
847 3129 890 3178 444.
916 3139 953 3178 m.
979 3131 1043 3191 Aug.
1073 3127 1222 3192 incipientis
1246 3129 1320 3191 (Voss
1338 3127 1372 3176 ad

286 3202 524 3268 compluribusque
543 3201 600 3252 aliis
618 3201 702 3251 Codd.
721 3201 810 3252 denuo
847 3202 918 3264 virg.
930 3203 975 3252 Ge.
987 3201 1015 3262 3,
1029 3201 1095 3264 446.)
1108 3202 1371 3266 tempuedesignat.»

285 3277 429 3328 firmatam.
464 3277 568 3327 Etenim
592 3288 654 3326 cum
676 3275 718 3326 vel
744 3275 810 3327 lalso
848 3275 1173 3336 03343.(]4.834.4,6,49.
1193 3277 1370 3335 blinusrecte,

284 3365 335 3418 pro
352 3350 495 3414 tautologia
511 3350 645 3400 baberent
659 3363 704 3400 vv.
721 3365 811 3400 sanum
848 3348 891 3399 alii
909 3363 955 3401 eas
972 3349 1114 3413 significari
1130 3352 1236 3414 334334,
1256 3363 1326 3414 quas
1338 3349 1372 3400 ab

287 3428 316 3476 et
329 3431 396 3476 33343
410 3427 545 3486 coloten,
564 3423 606 3475 vel
624 3439 686 3476 cum
703 3425 810 3476 fortuito
848 3421 919 3474 Italis
938 3424 996 3487 stobi
1017 3425 1076 3488 44334
1097 3423 1265 3487 appellantur
1286 3428 1325 3486 et,
1351 3425 1374 3474 34

286 3499 422 3550 turbatum
445 3501 518 3551 esset
541 3499 567 3550 43
586 3499 639 3550 boc
660 3513 740 3551 versu
763 3514 811 3552 ex·
849 3497 992 3548 immodice
1018 3501 1205 3561 assumuntur,
1233 3497 1308 3550 lacile
1334 3498 1374 3549 le-

286 3573 443 3634 soribendo,
462 3577 492 3624 ut
509 3575 613 3624 3333434
629 3589 661 3624 ex
678 3575 725 3625 Ed.
743 3575 808 3625 ven.
848 3573 913 3623 bres
934 3573 1056 3635 gignunt,
1083 3575 1246 3636 posteriores
1272 3573 1373 3623 iunctus

288 3650 366 3701 tter:
385 3649 414 3699 84
429 3663 469 3698 me
484 3650 568 3700 343333
582 3649 621 3700 343
635 3654 748 3711 recteque
767 3663 811 3700 33-
849 3649 891 3698 4434
912 3647 1014 3698 bilerae
1036 3661 1099 3698 cum
1120 3650 1173 3700 sint
1194 3647 1372 3700 saluberrimi.

286 3737 347 3774 3333
357 3725 488 3785 33433433,
503 3726 530 3774 34
541 3724 668 3774 Schmidii
680 3724 808 3775 secundo:
849 3723 902 3774 Clr.
916 3723 1084 3773 Pherecratis
1100 3736 1197 3775 versus
1213 3724 1286 3789 apud
1308 3724 1374 3774 4434-

287 3801 315 3850 84
331 3813 371 3850 333
386 3801 424 3850 cis
440 3805 505 3850 recle
520 3801 652 3862 3433333333
667 3801 751 3850 videre
765 3813 812 3849 33-
848 3797 909 3848 3343.
934 3798 1037 3860 Fragm.
1056 3797 1132 3848 Com.
1152 3798 1182 3847 ll.
1204 3812 1230 3861 p.
1248 3799 1312 3849 287:
1338 3788 1374 3846 ’.44

287 3875 389 3934 lentare,
412 3877 451 3926 sio
474 3878 627 3926 correctum
644 3877 698 3926 est:
729 3875 756 3924 84
772 3889 812 3925 me
848 3867 996 3936 δαιμόνιε,
1016 3868 1135 3942 πύρεττε
1151 3869 1242 3937 μηδὲν
1259 3873 1375 3944 φροντί-

286 3951 370 3998 343333
390 3951 428 3999 343
444 3955 557 4012 recteque
575 3950 660 4000 344333
679 3949 809 4000 3343343333.
850 3963 918 4010 σας,
948 3946 1004 3997 Kal
1032 3944 1089 3997 τῶν
1113 3943 1261 4008 φιβάλεων
1285 3944 1375 4018 τρῶγε

287 4024 384 4073 Nostra
399 4037 464 4074 3333
480 4023 559 4075 433443
577 4023 709 4074 sermonis
727 4025 812 4087 quoti·
849 4017 947 4073 σύκων
963 4015 1016 4072 τοῦ
1033 4021 1146 4092 θέρους,
1166 4015 1375 4086 Κάμπιπλάμε-

288 4097 359 4147 dlani
368 4097 480 4148 formula
486 4101 527 4149 334
535 4097 722 4162 reperiturque
730 4099 811 4148 344333
849 4111 899 4160 νος
910 4090 1033 4147 33463363
1043 4092 1095 4159 τὰς
1106 4095 1304 4168 μεσημβρως,
1317 4087 1375 4148 Kol-

289 4171 355 4235 Epp.
375 4173 404 4232 l,
430 4172 474 4234 46,
497 4173 539 4222 bl.
569 4173 622 4222 Sul.
641 4171 670 4232 2,
694 4173 721 4232 5,
746 4172 809 4222 llll:
850 4185 885 4219 τα
909 4169 1064 4235 σφακέλιζε
1088 4173 1138 4222 καὶ
1167 4175 1300 4242 πέπρησο
1325 4173 1374 4222 καὶ

292 4245 475 4307 vivenacum.
505 4245 755 4306 ΡΙ33444343.4,4,
772 4245 809 4297 44;
848 4241 917 4306 βόα.
947 4245 1275 4310 44433343333334444333.
1289 4246 1314 4309 3,
1327 4245 1372 4297 48;

288 4319 353 4370 44333
375 4320 455 4371 4433343
476 4326 510 4371 cst
531 4321 602 4372 illam
625 4320 812 4372 salvaene
846 4313 914 4370 Ἐὰν
930 4317 961 4371 δέ
978 4321 1002 4386 γ’
1016 4315 1373 4386 ἡμῶνσῡκατῆςμεσημ-
