3192 4974
269 423 332 488 364
476 401 478 406 ’
650 425 780 477 nonam
797 426 979 479 sirrmnuu

269 575 291 646 ἢ
316 580 424 634 παίδων
448 581 540 636 ἐστίν·
567 578 584 633 ό
609 581 641 634 δὲ
666 578 737 655 ὑπὲρ
759 577 849 634 αὐτὸν
869 579 988 646 εἰκότως
1004 579 1044 650 τῷ
1060 578 1188 648 μάλιστα
1204 583 1355 651 τιμωμένῳ

268 661 326 716 τῶν
342 665 525 733 κεκλημένων
542 661 687 734 ἀπεδόθη,
706 665 753 718 ἵνα
769 661 854 734 ἐγγὺς
869 657 891 738 ᾖ
906 663 959 718 τοῦ
977 663 1138 730 ἑστιῶντος.

334 753 390 801 tem
408 765 440 802 ex
457 752 509 802 hoc
525 753 669 818 praecipue
687 751 746 802 ioco
763 750 908 803 Salmasius
919 752 953 801 ad
966 750 1083 802 solinum
1095 764 1121 815 p.
1135 751 1191 801 886.
1211 752 1356 802 construxit

269 831 372 885 triclinii
388 835 514 896 schama,
533 835 606 900 quoti
624 836 667 885 hic
684 834 855 896 exhibamus;
883 848 915 886 ea
937 837 1027 885 temen
1049 848 1080 884 re
1098 835 1219 886 nonnum
1236 835 1354 886 differte

268 916 445 980 Salmasiano,
465 918 551 983 quod,
570 921 600 970 ut
616 921 728 984 apparet
745 933 778 970 ex
794 934 820 969 v,
832 919 890 982 23„
911 919 1069 970 Nasidienus
1086 920 1228 983 occupavit
1239 920 1284 969 imi
1295 917 1356 970 iecti

268 1001 388 1052 madium
404 1000 507 1064 locum,
528 1002 555 1053 id
572 1005 627 1064 est,
646 1005 783 1065 actatum,
803 1016 870 1066 non,
889 1006 919 1052 ut
935 1005 978 1054 est
994 1003 1066 1068 apud
1078 1001 1248 1053 Plutarchum
1260 1004 1287 1052 et
1298 1001 1356 1052 Sai-

268 1086 395 1155 masiqm‚
414 1099 564 1146 summum,
578 1084 610 1142 ,id
628 1087 683 1148 est,
702 1087 860 1151 septimum,
879 1089 936 1138 sive
954 1087 980 1136 in
997 1086 1050 1137 hoc
1068 1100 1176 1152 quoquc
1189 1085 1355 1136 aberrauita

268 1167 344 1218 solito
362 1183 452 1232 more,
472 1171 529 1220 sive
547 1169 620 1233 quod
637 1169 780 1221 arbitratus
798 1174 840 1221 est
856 1173 1053 1222 Nomentanum
1070 1171 1162 1222 scitius
1179 1182 1243 1221 cum
1253 1171 1356 1220 Haece·

268 1255 329 1302 nate
347 1253 603 1314 sermocinaturum,
622 1265 704 1317 quam
720 1254 778 1318 ipse
795 1256 926 1318 potuisset
942 1255 994 1305 hoc
1010 1253 1097 1304 officio
1114 1253 1229 1316 deiungi.

523 1374 547 1424 6.
794 1375 817 1425 t.
1066 1374 1091 1426 i.

457 1459 616 1548 ¹m¹¹⁸¹⁰⁰¹¹f
753 1489 864 1541 Medius.
1012 1489 1147 1538 summus.

441 1550 463 1587 s.
474 1534 629 1587 consularis.

328 3787 421 3838 Ditiart
437 3787 471 3838 ab
490 3789 541 3839 hac
558 3790 667 3840 schama
687 3789 779 3841 datum
797 3803 813 3839 n
829 3789 971 3852 Doeringio
983 3793 1043 3854 «qui
1056 3803 1119 3842 cum
1130 3789 1219 3843 iocum
1232 3792 1349 3842 medinm

263 3881 311 3934 pro
332 3883 439 3922 summo
459 3870 586 3933 traheret,
609 3873 774 3924 Fundanium
795 3875 822 3924 et
845 3873 1027 3926 Maecenatem
1052 3875 1157 3926 medios
1182 3888 1242 3926 esee
1267 3873 1351 3926 votuit

263 3951 323 4004 iacti
341 3956 438 4007 summi
456 3957 484 4006 et
500 3956 588 4006 medii.
624 3957 817 4008 Verumtamen
835 3971 867 4008 ex
885 3957 983 4008 Horatii
1000 3957 1089 4009 verbis
1107 3957 1183 4010 iacile
1196 3961 1269 4022 patet
1280 3959 1350 4010 Fun·

263 4036 371 4088 denium
389 4039 415 4090 in
433 4039 622 4090 enumerandis
635 4041 753 4091 convivis
765 4053 780 4090 a
792 4041 898 4091 sinistra
911 4039 946 4090 ad
957 4041 1078 4092 dextram
1089 4042 1254 4106 procedam
1274 4041 1349 4092 iden-

264 4131 317 4182 que
335 4133 397 4171 cum
414 4136 444 4173 sa
461 4136 586 4174 mmmm
603 4123 684 4174 tuisse
701 4123 779 4184 dicit,
798 4137 851 4174 non
869 4123 957 4175 iocum
975 4124 1095 4175 medium
1112 4126 1211 4176 summi
1229 4137 1251 4175 a.
1269 4125 1347 4190 primi

263 4202 337 4267 tecti,
360 4206 409 4256 sad
430 4219 554 4258 mmmm
576 4206 665 4258 locum
689 4209 745 4258 eiua
767 4206 827 4258 iacti
848 4221 877 4260 se
900 4209 1017 4260 tenuisse
1040 4207 1147 4260 indicat.
1183 4208 1241 4259 vid.
1264 4207 1348 4260 Arndt

262 4287 335 4339 Anat.
350 4291 438 4342 itcrat.
452 4305 478 4355 p.
492 4292 550 4342 iia
568 4293 729 4343 anrmun.
