3192 4974
207 485 211 494 ,
319 431 381 496 454
680 434 814 485 dottam
836 435 1057 487 Earsroanadbl

364 590 489 670 Quodsi
512 612 563 657 me
586 591 677 660 noles
701 611 840 680 usquam
864 590 1049 669 discedere,
1076 591 1196 658 reddes
1269 573 1277 586 ¹
1370 595 1411 656 95

366 715 460 779 Forte
482 713 580 789 latus,
606 715 715 801 nigros
737 721 873 800 angusta
896 713 998 780 lronte
1025 712 1174 801 capillos,

365 833 493 901 Reddas
516 833 611 902 dulce
633 834 738 923 loqui,
763 834 882 902 reddes
905 834 1012 901 ridere
1035 834 1191 902 decorum
1212 847 1245 902 et

365 957 449 1022 Inter
471 957 544 1022 vina
566 956 673 1044 lugam
696 957 830 1023 Cinarae
853 975 1000 1022 maerere
1021 967 1201 1044 protervae.

365 1080 458 1144 Forte
483 1099 541 1165 per
563 1087 731 1165 angustam
755 1077 859 1145 tenuis
881 1077 1051 1165 volpecula
1074 1079 1188 1146 rimam

386 1250 428 1298 25.
446 1249 523 1298 444444
539 1249 568 1310 E,
578 1249 606 1298 C.
623 1277 649 1285 -
669 1261 791 1311 amqumn
804 1261 831 1312 p.
847 1275 873 1284 *
887 1249 928 1298 99.
940 1249 1070 1310 volpecula
1082 1248 1193 1314 bSchp
1206 1263 1268 1302 cum
1280 1253 1378 1304 ceteris

355 1321 440 1374 Libris
458 1323 540 1382 notis,
560 1321 684 1374 omnibus
697 1324 778 1374 etiam
789 1324 917 1383 Pottieril,
936 1323 1001 1374 ilem
1013 1325 1101 1375 thO:
1120 1325 1232 1376 nitedula
1243 1325 1377 1378 Bentleius

322 1475 348 1521 44
359 1471 423 1534 poni
435 1473 547 1535 possunt
559 1471 619 1534 (Sat.
635 1474 645 1521 4
659 1472 707 1532 ,4,
726 1473 771 1522 86:
790 1485 848 1522 m
885 1477 978 1528 parem
996 1477 1040 1515 me
1058 1477 1111 1514 uon
1134 1465 1187 1515 iem
1205 1477 1266 1517 essa
1290 1467 1346 1518 tute
1369 1469 1411 1518 vi-

322 1551 350 1595 44
367 1551 472 1609 arpenta
485 1551 542 1607 post
559 1547 644 1596 omnia
658 1559 746 1608 ponas.
768 1548 797 1606 4,
816 1547 845 1608 6,
886 1539 944 1590 des.
978 1537 1081 1603 Alioqui
1105 1539 1218 1602 reddes,
1246 1541 1269 1592 si
1294 1544 1410 1606 poteris·

322 1621 369 1670 aa:
388 1620 672 1682 circam-aectoris,
686 1621 715 1681 e,
728 1621 773 1670 95:
787 1635 847 1683 quo,
886 1616 936 1664 cet.
962 1641 989 1650 -
1011 1613 1127 1678 raqmm]
1155 1616 1197 1666 «m
1221 1629 1411 1682 quemcunque

296 1703 300 1712 ’
321 1695 397 1756 boae,
416 1694 508 1757 circa.)
521 1694 563 1745 vel
581 1695 607 1745 in
619 1709 661 1745 vv.
675 1708 848 1758 qaae-cunque
885 1689 973 1741 locum
992 1690 1067 1739 extra
1084 1689 1209 1741 ornem·
1229 1715 1256 1726 —
1276 1692 1350 1742 Forte
1369 1693 1412 1742 la-

324 1768 380 1832 (Od.
403 1770 432 1832 4,
459 1771 506 1830 27,
531 1769 592 1832 lb),
619 1771 848 1832 444444-444444
885 1765 936 1830 tra]
964 1763 1045 1814 «44444
1063 1765 1164 1826 putten
1179 1765 1273 1816 4444444
1290 1767 1409 1830 (Quintil.

322 1844 384 1906 (Sat.
403 1846 430 1904 4,
449 1845 478 1906 9,
502 1843 563 1906 334,
591 1857 748 1907 qao-caeneus
771 1845 846 1910 (Epp.
887 1841 1008 1890 Prooem.
1025 1839 1103 1902 94)»,
1122 1839 1196 1902 quod
1212 1840 1357 1904 requiritur
1376 1841 1411 1892 ad

322 1920 350 1978 4,
370 1920 397 1980 4,
417 1921 477 1982 lb),
496 1920 634 1980 quadam-
645 1925 715 1970 tentas
734 1921 807 1984 (Epp.
823 1921 846 1982 4,
886 1913 962 1966 Urbis
978 1913 1081 1977 plateas
1098 1915 1306 1978 percurremus,
1329 1915 1412 1968 colles

322 1993 421 2056 aaa).
452 1995 579 2044 Ceterum
596 1993 630 2044 de
643 1993 752 2045 elisione
765 1995 847 2044 iuvv.
887 1989 944 2040 eius
978 1987 1164 2040 ascendendos
1198 1991 1249 2040 cel.
1283 1989 1410 2055 (444444,

321 2081 361 2118 ma
383 2069 459 2118 etlam
481 2069 528 2120 clr.
549 2071 674 2120 Haasium
692 2069 727 2120 ad
744 2069 848 2132 Reisigii
886 2062 1015 2126 94344144
1032 2062 1144 2126 344444.)
1158 2091 1185 2100 -
1199 2064 1411 2128 4444444144444

321 2143 379 2194 444.
392 2144 523 2206 Spraclrw.
536 2157 563 2208 p.
578 2144 635 2194 276.
655 2145 764 2204 «Prout,
779 2155 848 2207 quae
886 2138 965 2188 444444
978 2136 1034 2200 (Od.
1048 2138 1123 2198 l,33,
1136 2139 1182 2200 5.),
1200 2138 1281 2189 boola
1292 2139 1410 2203 (Martial.

321 2215 456 2279 laudetur,
493 2230 541 2281 per
573 2231 602 2268 se
635 2216 778 2268 liberalitas
803 2220 849 2267 tua
887 2213 917 2274 l,
936 2212 984 2274 44,
1002 2213 1052 2276 9.),
1077 2227 1127 2277 pro
1152 2212 1265 2276 pulchra
1289 2213 1412 2266 babeba-

322 2292 401 2354 digna
423 2294 477 2352 est,
503 2293 539 2341 lta
565 2293 659 2352 etiarn,
688 2305 722 2342 ne
747 2293 774 2342 iu
796 2306 849 2343 uon
888 2291 937 2339 tur.
968 2289 1089 2352 Optimus
1106 2290 1238 2353 interpres
1250 2293 1292 2342 444
1302 2291 1409 2341 Lucina.

323 2368 473 2416 merentem
501 2364 595 2417 collata
624 2367 761 2427 videatur,
791 2367 850 2418 effi·
887 2366 976 2414 Amor.
990 2361 1036 2413 4οε
1064 2363 1097 2412 at
1117 2364 1203 2434 μέχρι
1220 2361 1276 2414 τῶν
1293 2357 1412 2451 ὀφρύων

323 2441 418 2490 ciam.»
448 2443 541 2491 Zoraa.
571 2441 683 2491 lluthius
699 2440 770 2504 apud
794 2441 849 2491 Ob·
887 2435 1111 2502 desolationem
1136 2435 1228 2504 κόμαι
1251 2437 1347 2510 βραχυ
1372 2436 1412 2506 τῷ

323 2514 443 2565 barium:
475 2517 608 2578 «Dignum
633 2515 778 2579 praestabo
804 2529 849 2566 me
885 2509 1008 2579 μετώπῳ
1033 2509 1068 2563 τὸ
1093 2515 1266 2579 μεταίχμιον
1293 2509 1411 2577 ἀφιᾶσι.

324 2589 417 2650 etiam,
448 2589 678 2654 quemadmodum
707 2593 850 2640 consentu-
887 2587 1342 2640 Clr.WinlrelmannMoa.ined.l⁸.
1358 2603 1410 2640 uu.

324 2677 405 2714 neum
423 2667 466 2714 est
482 2663 553 2714 laudi
571 2667 647 2726 tuae,
667 2677 719 2728 qua
731 2678 775 2716 me
789 2677 850 2716 cen·
886 2665 959 2713 Tunc
977 2667 1082 2726 autem,
1098 2679 1244 2727 praecem
1260 2677 1322 2715 curn
1340 2667 1414 2716 esset

324 2755 369 2794 444
386 2740 517 2792 beneficia
535 2743 579 2792 tue
594 2743 756 2800 meruisse;»
775 2743 850 2792 itaut
887 2739 960 2803 (Epp.
976 2741 1003 2800 4,
1016 2741 1062 2802 20,
1081 2740 1131 2802 44.)
1151 2753 1201 2791 nec
1213 2741 1266 2790 lam
1277 2743 1332 2790 tam
1344 2739 1413 2790 den-

319 2829 370 2880 444
387 2817 462 2866 laada
478 2818 512 2866 sit
530 2818 600 2867 adem
616 2816 720 2880 Belsalle
736 2818 778 2867 des
800 2819 850 2867 Ge-
887 2827 961 2872 sum,
986 2817 1015 2864 ut
1032 2813 1106 2876 olim,
1130 2813 1345 2878 capillamentum
1363 2815 1413 2864 ba-

323 2893 415 2943 beaden
435 2897 561 2956 94444444·
584 2905 665 2956 quam
690 2893 849 2957 interpreta—
886 2888 977 2949 beret,
997 2888 1265 2940 lrousdilatataerat.
1287 2889 1414 2952 deputatam

325 2968 423 3018 tionem
441 2967 582 3017 admittere
594 2967 720 3031 equidem
733 2981 847 3031 nequeo,
887 2965 965 3014 lronti
983 2965 1124 3029 opponitur
1135 2964 1196 3014 lato.
1227 2963 1291 3016 Plln.
1305 2966 1371 3029 Epp.
1385 2964 1410 3025 3,

324 3042 385 3104 quia
406 3055 454 3104 pro
476 3042 550 3092 luade
572 3042 644 3092 idem
661 3055 693 3092 ec
710 3055 778 3106 «pro
799 3055 849 3107 ap-
887 3039 918 3099 6,
936 3040 965 3088 2:
992 3039 1057 3088 4444·
1068 3044 1092 3088 44
1113 3041 1223 3090 cedentes
1239 3039 1340 3102 capilli,
1358 3039 1414 3089 luta

324 3115 433 3180 plausa»
452 3117 600 3179 significare
618 3130 671 3167 non
688 3119 789 3180 potest;
809 3118 849 3165 at·
885 3115 965 3179 from.
986 3141 1013 3150 -
1032 3115 1102 3166 dalea
1118 3115 1194 3180 loqui]
1217 3129 1279 3166 cum
1300 3113 1410 3180 puellis,

325 3205 378 3255 que
396 3195 449 3242 tota
467 3194 599 3242 sententia
616 3205 666 3257 per
683 3205 712 3244 se
734 3191 849 3255 frigidis·
887 3203 1000 3256 quarum
1019 3203 1051 3238 ex
1069 3203 1182 3240 numero
1199 3190 1265 3240 bona
1282 3189 1324 3240 illa
1337 3191 1414 3241 Cina·

325 3269 393 3319 sima
405 3268 518 3318 videtur.
550 3267 849 3330 thntaerushaecpro
887 3279 916 3315 ra
935 3263 1034 3328 (04.4,
1054 3265 1081 3323 4,
1100 3264 1115 3313 3
1133 3265 1185 3328 sq.)
1203 3267 1253 3316 4444
1271 3275 1352 3315 causa
1364 3263 1412 3314 ali-

325 3343 373 3393 4444
390 3341 453 3392 boni
472 3345 499 3391 et
515 3343 643 3406 sapientis
655 3341 745 3392 verbis
757 3341 848 3402 babet,
887 3339 994 3404 quando
1012 3339 1082 3388 inter
1095 3338 1243 3402 potandum
1254 3339 1341 3390 subita
1352 3339 1413 3404 luga

324 3417 375 3466 lma
401 3417 546 3466 sententia:
574 3419 647 3466 «Non
672 3414 760 3466 solum
785 3429 849 3467 vera
887 3414 964 3478 capta
982 3427 1045 3464 eum
1061 3413 1228 3464 deseruerat.
1244 3415 1415 3464 -Vv.tnter

323 3490 454 3542 beneficia
480 3491 506 3539 in
535 3492 671 3540 bominem
700 3495 849 3542 merentem
885 3492 946 3540 4444
962 3488 1008 3539 abi
1026 3489 1118 3552 iungas
1130 3491 1157 3538 et
1174 3501 1237 3538 cum
1248 3502 1274 3538 v.
1286 3489 1375 3553 449444
1386 3491 1414 3538 44

326 3565 476 3626 conteram,
494 3565 542 3615 sed
555 3566 636 3615 etiam
646 3579 691 3626 ea,
710 3577 779 3629 quae
792 3567 849 3617 eius
885 3581 911 3616 v.
923 3577 1050 3624 maerere,
1073 3567 1127 3614 tota
1139 3577 1219 3615 scena
1233 3565 1262 3614 lit
1273 3566 1357 3628 magis
1370 3577 1415 3614 co·

325 3641 420 3690 virtute
439 3643 464 3690 et
482 3640 583 3690 meritis
600 3639 678 3703 digna
695 3641 791 3704 sunto)
887 3642 964 3691 mica.
1002 3640 1070 3690 Cum
1093 3641 1202 3690 minime
1225 3641 1412 3704 exspectabat,

357 3716 447 3766 45-48.
467 3717 608 3778 (4444444444
620 3715 682 3779 cet]
702 3715 769 3766 «Sed
785 3730 850 3780 quo
887 3717 984 3767 lasciva
1006 3712 1093 3778 puella
1116 3728 1179 3764 eum
1200 3718 1312 3779 repente
1329 3715 1415 3766 desti·

326 3793 405 3852 niam,
424 3791 559 3856 quomodo
571 3805 635 3842 vera
649 3791 780 3842 beneficia
798 3793 850 3842 im·
887 3791 948 3851 luit,
961 3803 976 3839 a
989 3801 1081 3839 mensa
1093 3787 1244 3852 aufugiens,
1259 3790 1330 3841 unde
1342 3801 1416 3840 4444-

326 3868 463 3930 partienda
481 3867 548 3928 sint,
566 3866 677 3930 pulchre
695 3868 779 3928 nosti,
798 3869 850 3918 boc
887 3867 951 3916 toris
969 3877 1084 3915 maeror.
1096 3891 1123 3898 -
1135 3864 1278 3929 protervae]
1297 3865 1417 3928 Respon-

326 3955 433 4005 quoque
452 3943 550 4005 cogita,
569 3955 685 4006 quaeso,
704 3943 769 3992 mibi
786 3957 850 4007 pro·
887 3943 933 3992 det
950 3943 992 3990 Gr.
1012 3935 1149 4010 λαμυρός.
1179 3937 1417 4004 4444444444444-

325 4017 386 4079 pter
397 4019 525 4077 aetatem,
540 4030 620 4080 quam
633 4017 718 4080 attigi,
733 4031 785 4068 nou
796 4018 849 4068 iam
888 4015 951 4067 thol.
973 4013 1054 4066 Palat.
1071 4015 1091 4064 l.
1111 4026 1138 4078 p.
1158 4013 1219 4064 ⁴28:
1244 4008 1280 4064 Ἡ
1299 4009 1414 4083 lapsas}

326 4103 485 4141 concessum
498 4105 574 4154 osse,
592 4093 622 4141 ut
639 4103 749 4155 semper
760 4095 849 4142 tecum
886 4094 916 4156 μ’
941 4085 1048 4162 ’ἔτρωσε
1071 4087 1226 4140 Φιλαίνιον.
1258 4088 1297 4140 Cl.
1316 4089 1365 4140 Od.
1384 4090 1413 4148 4,

326 4166 425 4214 Romae
443 4165 553 4229 degeam
572 4179 623 4216 nec
640 4179 705 4215 vero
723 4164 784 4216 illud
803 4166 850 4216 tibi
889 4169 932 4226 49,
952 4167 980 4215 7:
999 4165 1248 4230 protoprawudaa.

327 4241 493 4303 propositum
515 4255 633 4305 unquam
656 4254 717 4292 esse
740 4243 849 4306 poterit,
921 4241 1010 4292 att-aa.
1038 4243 1109 4292 dam
1131 4254 1196 4290 vero
1213 4243 1339 4304 quoniam
1358 4239 1416 4290 fleri

328 4318 354 4364 nt
381 4315 444 4365 mibi
470 4317 554 4366 allicio
584 4317 720 4380 imponas,
753 4317 850 4380 quibus
889 4317 994 4382 nequit,
1029 4319 1058 4366 ut
1088 4316 1214 4380 pristinae
1249 4317 1319 4366 vires
1350 4315 1415 4366 mibi
