3156 4972
276 398 338 462 aet
630 355 970 484 'somnusnrranaun

318 553 515 641 Penelopam
535 551 636 618 iaoilis
659 552 774 638 potiori
796 553 897 620 trade.
942 556 1108 622 Putasne?

319 674 457 742 Perduei
479 673 597 760 poterit
618 681 682 738 tam
704 673 786 760 frugi
809 684 939 762 tamque
962 675 1097 763 pudiea,

320 799 425 877 Quam
445 796 601 883 nequiere
624 795 714 881 proci
736 805 826 862 reoto
849 796 1013 884 depellere
1036 799 1159 864 eursu?

321 919 413 986 Venit
435 919 536 996 enim,
559 938 711 1005 magnum
734 917 875 984 donandi
898 939 1011 1006 parea,
1036 920 1201 997 iuventus,

319 1041 386 1107 Neo
406 1050 529 1105 tantum
551 1039 694 1118 veneris,
717 1049 874 1126 quantum
896 1038 1042 1107 studiosa
1064 1039 1201 1108 culinae.
1321 1043 1364 1106 80

319 1161 373 1228 Sio
394 1160 451 1227 tibi
473 1159 637 1247 Penelope
658 1159 740 1247 frugi
762 1170 828 1236 est,
852 1179 938 1247 quae
961 1161 988 1226 si
1012 1159 1113 1228 semel
1135 1183 1200 1228 uno

318 1285 366 1348 De
389 1301 467 1348 sene
490 1281 625 1369 gustarit
645 1291 753 1348 tecum
775 1281 891 1367 partita
912 1279 1080 1359 lucellum,

318 1404 358 1472 Ut
380 1402 469 1470 oanis
491 1423 510 1469 a
532 1403 621 1468 corio
641 1423 808 1490 nunquam
830 1401 1065 1468 absterrebitur
1085 1414 1192 1471 uncto.

342 1583 384 1632 46.
410 1582 560 1646 Penelopam
575 1582 658 1642 bSoE,
678 1599 713 1633 nv
732 1585 759 1632 et
775 1583 893 1646 quinque
916 1581 1044 1643 Pettierii,
1063 1583 1120 1644 LC,
1138 1583 1239 1645 Bentl,
1258 1586 1315 1637 Flll
1325 1601 1330 1634 :

309 1657 452 1719 Penelopen
468 1670 485 1721 p
504 1661 530 1707 et
547 1657 664 1708 Pettierii
680 1655 816 1721 plerique,
833 1657 967 1718 Penelopen
984 1658 1002 1706 t.
1019 1683 1046 1692 —
1065 1657 1105 1706 49.
1123 1658 1191 1708 Venit
1203 1659 1333 1710 stimmo·

306 1745 370 1796 pne:
388 1733 497 1782 donandi
514 1733 620 1782 Simeon
638 1732 749 1793 Rosius,
768 1731 990 1793 Coninghamius,
1013 1731 1081 1780 Venit
1098 1733 1164 1781 enim
1180 1732 1331 1798 (indignum)

309 1807 419 1856 mnndi
444 1804 577 1856 Bentleius
601 1807 762 1856 coniectura.
793 1831 820 1842 -
848 1803 888 1854 84.
914 1804 1036 1866 Penelopa
1060 1804 1144 1855 Bentl.
1164 1808 1191 1856 et
1207 1808 1226 1856 F
1244 1809 1331 1858 invitis

307 1880 459 1932 codicibus.
480 1909 506 1919 -
527 1881 568 1932 83.
588 1880 755 1932 exterrebitur
772 1877 857 1930 Codd.
871 1879 1010 1929 Torrentii.
1026 1907 1054 1915 -
1067 1880 1108 1930 84.
1121 1881 1157 1930 sto
1169 1881 1253 1931 Codd.
1269 1880 1330 1946 aliq.

275 2030 360 2080 brevi.
379 2028 438 2079 Vid.
452 2029 556 2079 adsat.
569 2029 598 2089 2,
612 2029 642 2090 3,
661 2028 702 2079 38.
718 2055 745 2064 —
759 2029 803 2078 Pe·
838 2027 966 2080 Mundum
984 2027 1145 2080 midiebrem
1162 2031 1187 2080 ei
1205 2043 1270 2082 sene
1287 2030 1366 2082 obtu-

274 2103 397 2168 nelopom]
412 2103 572 2154 «observavi
583 2104 610 2153 in
621 2102 728 2164 lambis,
742 2105 802 2153 Ser-
838 2101 926 2153 leraut
938 2101 1041 2166 (Odyss.
1055 2119 1083 2165 σ,
1097 2105 1175 2166 tit),
1190 2105 1364 2157 «munuscula

275 2179 400 2232 monibus
423 2182 450 2229 et
474 2178 597 2243 Epistolis
622 2180 727 2229 Latinos
752 2178 801 2229 de·
839 2179 1052 2242 taneramque
1067 2179 1193 2242 Tiresias,
1213 2181 1367 2232 ehoudsut·

276 2254 430 2306 cliuationes
447 2253 572 2304 libentius
595 2253 724 2303 adbibere
747 2255 801 2302 No·
838 2250 953 2300 finientia
964 2251 999 2301 ad
1016 2251 1208 2304 conciliandam
1226 2253 1277 2306 sibi
1292 2257 1366 2306 tuom

275 2331 375 2390 strum,
406 2328 431 2378 in
461 2327 630 2379 Carminibus
658 2330 799 2378 Graecas.»
837 2337 975 2376 uxorem.»
1010 2327 1096 2376 Locus
1107 2325 1246 2380 facillimus
1261 2343 1309 2379 cur
1320 2341 1367 2378 va·

275 2405 367 2454 Basso.
387 2401 462 2452 Conl.
473 2405 564 2453 tamen
575 2415 600 2451 v.
611 2402 656 2453 st:
674 2401 800 2464 Penelope.
838 2399 877 2448 rie
890 2397 1042 2450 sollicitatus
1060 2402 1106 2461 sit,
1125 2403 1167 2451 vix
1185 2401 1364 2466 intelligimus.

276 2479 341 2542 Epp.
361 2478 389 2538 4,
415 2477 441 2536 7,
466 2476 515 2528 ti:
541 2476 632 2528 ltlteoe.
652 2503 680 2514 -
700 2477 801 2542 potiori]
838 2473 902 2523 Sim.
915 2473 984 2523 B0sii
1003 2475 1071 2524 ooni.
1090 2475 1264 2538 signiticaret:
1292 2477 1364 2527 «ita-

276 2551 395 2602 «tibimet
408 2550 456 2614 ipsi
467 2549 671 2614 praeterendo.»
700 2549 799 2600 Cl.0d.
839 2559 890 2610 guo
907 2547 1008 2599 venalis
1026 2550 1079 2608 est;
1106 2551 1181 2613 prooi
1204 2563 1269 2602 vero
1292 2552 1366 2615 parci

275 2627 306 2688 3,
325 2626 353 2687 9,
372 2623 649 2686 2.—P1otosne?oet.]
662 2626 802 2687 niltyssene
839 2624 866 2672 et
890 2622 1017 2672 sordidi.»
1046 2649 1073 2660 -
1100 2625 1139 2674 De
1162 2638 1219 2676 sense
1242 2625 1364 2691 mutarit]

276 2713 384 2762 nsorque
398 2713 447 2762 pos
465 2699 617 2749 lamoindre
630 2701 800 2764 repopnonoe,
839 2696 931 2759 Figura
950 2698 1031 2748 etiam
1048 2699 1156 2749 Graecis
1179 2701 1284 2750 usitata.
1310 2701 1366 2750 Ae-

276 2780 300 2827 et
324 2779 393 2825 toute
416 2787 460 2824 son
476 2774 620 2836 inquietudo
644 2779 680 2824 est
704 2789 752 2838 qtae
771 2789 802 2825 sn
838 2770 924 2833 sobyl.
937 2773 1039 2835 iffrogm
1050 2772 1107 2823 iil.
1119 2774 1207 2824 Diod
1226 2789 1262 2824 ου
1273 2770 1365 2862 μεπμὴ

273 2849 363 2936 fernme
379 2863 411 2900 ne
426 2862 452 2898 se
467 2845 543 2899 rende
559 2853 615 2910 trop
627 2849 739 2912 difficile,
757 2849 802 2899 elte
839 2841 915 2932 λάθῃ
947 2843 1060 2934 φλέγων
1089 2840 1270 2913 Οφθαλμὸς,
1302 2841 1367 2914 ἥτις

275 2923 319 2986 poi
336 2936 354 2973 o
369 2922 491 2972 renone
508 2927 586 2973 tontes
607 2923 641 2972 les
659 2925 803 2985 ponentes
838 2898 980 2990 ἀνδρὸς
959 2938 979 2990 η
996 2921 1202 2986 γεγευμένη.-
1175 2928 1368 2985 -ooumpen

275 2999 306 3048 de
322 3002 377 3048 tant
393 2999 545 3047 d'ntornonts
568 2998 723 3048 Dioren·
741 3000 802 3050 Per-
837 2995 884 3043 tito
909 2993 1031 3058 tunellum]
1056 2997 1159 3046 Seneca
1181 2997 1262 3060 Epist.
1282 2999 1311 3048 s:
1337 3002 1367 3046 ot

275 3073 342 3134 dee]
360 3071 480 3122 Verbum
497 3073 635 3136 proprium
648 3073 737 3135 deiis,
757 3075 802 3137 qui
837 3069 911 3120 noim
937 3081 1035 3130 qnoque
1062 3069 1111 3119 diei
1143 3070 1259 3121 teeellom
1286 3077 1367 3122 tecnon

276 3145 403 3197 mulieres
424 3147 458 3196 ad
481 3150 573 3211 stupra
596 3149 675 3211 atque
697 3146 802 3198 adulte-
838 3143 1024 3193 communicen.
1056 3143 1131 3193 Cool.
1145 3143 1221 3194 Hand
1238 3145 1313 3196 Turs.
1332 3145 1364 3196 11.

275 3221 315 3272 ria
332 3224 472 3286 corruptas
488 3221 523 3272 ad
540 3221 669 3272 moechos
686 3223 799 3284 ducunt,
837 3230 864 3281 p.
878 3217 978 3268 tii.-
991 3219 1021 3267 Ut
1031 3219 1102 3267 canis
1113 3221 1165 3268 oet
1168 3219 1176 3280 ]
1190 3219 1366 3270 proverbium

274 3295 347 3346 unde
369 3295 455 3346 subst.
473 3297 618 3358 penduntor.
654 3297 708 3346 Cio.
721 3298 798 3348 Verr.
837 3291 977 3355 erotapud
992 3294 1117 3342 Graecos.
1132 3292 1244 3342 Tbeoer.
1257 3294 1305 3354 40,
1319 3296 1362 3344 lt:

274 3370 375 3430 Aeol
390 3371 434 3429 42,
448 3369 492 3419 33:
511 3369 636 3430 immam,
648 3371 798 3432 mentm,
837 3361 965 3425 χαλεπὸν
982 3363 1159 3438 χορ4ωκύνα
1174 3365 1286 3434 ysaiam.
1316 3369 1367 3418 Lu-

272 3443 451 3505 perductorum
470 3443 542 3492 nolle
558 3443 650 3492 metatio
669 3445 725 3507 flet.
755 3445 801 3494 Est
838 3441 905 3490 olan.
930 3441 991 3491 adv.
1015 3441 1118 3494 ludoot.
1142 3444 1190 3492 25:
1221 3435 1288 3493 οὐδὲ
1309 3437 1366 3512 γὰρ

275 3517 438 3567 Graecorum
456 3511 681 3586 προαγωγεύειν,
708 3531 800 3588 spou-
837 3509 914 3565 κύων
936 3505 1016 3579 ἅπαξ
1041 3511 1174 3566 ueduata
1196 3509 1236 3567 ἂν
1258 3531 1365 3567 σκυτο-

273 3591 436 3658 popum«
424 3589 692 3652 «lenocinium.·-
665 3591 799 3656 -pnpil
836 3593 950 3676 sparsio
966 3588 1115 3654 μαθοῦσα.
1135 3588 1367 3642 Peuloeliterbla·

276 3664 395 3714 «trae»
423 3665 501 3715 Voss.
837 3665 925 3714 ximus
942 3664 1018 3715 Cont.
1037 3665 1100 3716 XLI.
1111 3679 1140 3752 p.
1154 3664 1203 3716 et:
1220 3662 1366 3730 κύωνμε-

307 3738 396 3790 49-83.
429 3739 497 3789 Venit
519 3739 585 3789 enim
604 3740 666 3803 oet]
685 3740 800 3791 «Pudice
837 3735 962 3804 λετήσως
973 3733 1299 3828 σαρκῶνάπογεύεσθω
1310 3755 1367 3802 φυ-

274 3811 363 3862 odhuo
380 3814 431 3875 est,
449 3813 548 3873 tate0r;
566 3825 629 3863 nam
646 3814 735 3878 proci,
755 3814 800 3877 qui
837 3807 1364 3880 λάττεινοῠκέτιδύναταιτὴνᾶγέλην.

274 3885 385 3937 domum
409 3891 481 3938 tuam
503 3891 647 3950 venerunt,
675 3889 703 3938 id
726 3889 800 3952 quis·
840 3900 1028 3950 -nnnouom
1054 3888 1290 3952 obstenebimr]
1277 3891 1368 3940 --rtim

274 3973 327 4024 que
345 3964 469 4012 causatus
487 3974 517 4012 se
535 3973 596 4012 eom
617 3963 643 4012 iu
660 3963 801 4012 matrimo-
838 3977 935 4027 quam,
961 3963 1037 4024 dicit,
1062 3961 1122 4012 ab'
1115 3975 1238 4027 impenso
1255 3961 1299 4014 illo
1316 3963 1368 4014 be-

274 4036 349 4086 nium
360 4033 459 4085 ducere
471 4033 550 4096 velle,
570 4038 680 4100 propter
691 4037 800 4088 nimiam
838 4037 982 4088 reditatum
999 4037 1192 4101 captandorum
1210 4037 1299 4088 studio
1316 4037 1368 4088 de-

274 4108 467 4172 paroimouiom
478 4110 587 4161 minime
600 4111 726 4175 propensi
738 4113 801 4160 suut
838 4113 899 4162 duci
918 4113 1041 4175 poterit.»
1056 4141 1084 4148 -
1095 4112 1178 4175 encta]
1197 4111 1276 4175 adipe
1293 4111 1368 4162 vide-

274 4182 310 4232 ad
327 4195 387 4234 eam
405 4184 507 4246 mugnis
525 4185 601 4236 donis
623 4197 800 4249 corrumpen-
837 4184 912 4246 licet,
931 4197 984 4235 non
997 4183 1071 4245 oleo,
1090 4187 1121 4234 ut
1136 4183 1179 4236 rdii
1196 4183 1331 4250 supplent.

275 4257 337 4312 dam
366 4257 435 4308 cet.»
465 4285 493 4298 -
523 4273 644 4323 monens
675 4257 799 4324 donandi]
870 4257 959 4310 elea.
990 4257 1117 4324 inprobo]
1144 4261 1267 4321 «astute,
1294 4271 1367 4323 quae
