3178 4972
609 437 668 488 nra.
688 437 706 487 r.
742 437 840 489 arrsr.
859 438 912 488 ru.
1240 440 1302 506 tce

257 593 423 668 Miramur,
447 592 475 658 si
497 593 670 660 Democriti
692 613 794 680 pecua
816 593 882 660 edit
904 593 1025 682 agellos

257 715 427 802 Cultaque,
452 713 529 786 dum
551 734 688 802 peregre
704 725 754 782 est
767 717 893 782 animus
908 717 978 784 sinc
995 737 1132 806 corpore
1146 719 1255 802 velox3

256 809 336 904 Cum
358 846 391 902 tu
415 836 497 903 inter
519 836 663 904 scabiem
685 846 804 904 mnam
826 847 860 906 et
880 839 1026 926 contagia
1048 839 1128 906 lucri

255 956 303 1024 Nil
326 977 461 1046 parvum
483 957 590 1045 sapias
613 968 645 1025 et
666 957 772 1026 adbuc
794 958 943 1026 sublimia
966 980 1075 1044 cares:
1259 965 1299 1030 t5

211 1243 277 1290 tarne
296 1241 396 1290 ananau
412 1253 430 1290 a
446 1240 637 1304 cogitationibus
655 1239 735 1290 abca-
773 1241 840 1291 ieeto
859 1242 1021 1306 iungendum
1039 1257 1101 1296 cum
1115 1259 1140 1296 v.
1154 1246 1230 1307 lateri,
1250 1250 1299 1300 etsi

211 1321 320 1376 ceretcr.
331 1316 513 1378 patrimonica
523 1315 647 1379 neclexit,
659 1329 736 1380 apros
772 1313 903 1366 nonnullis
926 1331 1005 1368 secus
1028 1319 1114 1370 visum
1138 1323 1188 1371 est.
1219 1323 1299 1371 Recte

211 1391 317 1441 &remit
337 1391 451 1440 incubos.
481 1390 519 1441 Ci.
538 1390 615 1441 Tuec.
633 1392 663 1450 b,
687 1390 733 1451 39,
773 1391 921 1453 Cruquiua:
951 1393 1036 1443 «inter
1061 1393 1180 1445 scabiem
1206 1399 1299 1446 couta-

212 1465 268 1517 ttl.
282 1466 338 1515 tttt.
359 1468 470 1516 Proreus
482 1468 511 1515 ut
523 1465 735 1516 lloratluelcan-
771 1465 899 1526 giceam.»
927 1467 1019 1531 Veget.
1036 1469 1179 1520 liulomed.
1198 1471 1226 1533 3,
1250 1473 1297 1522 it:

210 1553 259 1590 nes
282 1539 421 1604 Chryacet
440 1539 476 1589 ad
495 1539 604 1590 aduam
626 1541 680 1590 iun.
705 1541 733 1590 T.
771 1539 872 1590 Scabies
887 1544 1033 1606 coemptam
1056 1550 1092 1594 eat
1113 1551 1137 1595 et
1158 1547 1249 1596 canat
1272 1547 1300 1597 ia

209 1616 229 1666 l.
251 1615 299 1666 Ed.
322 1615 404 1665 Paria.
425 1627 488 1664 aar.
509 1628 537 1679 p.
556 1613 614 1665 iii.
638 1615 736 1666 Demo-
767 1614 861 1676 ptura.
889 1642 916 1652 -
940 1619 1068 1683 contagia]
1094 1618 1175 1670 «lucri
1201 1620 1299 1686 cupido

210 1691 305 1740 oritura
329 1692 408 1740 vocat
425 1684 478 1740 τὸν
500 1687 735 1756 μηλόβοτον
771 1688 859 1739 morbi
876 1687 1021 1756 toutagiosl
1039 1693 1123 1744 inater
1138 1695 1192 1744 ium
1213 1708 1298 1760 prope

209 1757 734 1836 ἀνέντατῆνχώραντὴναὺτοῦ.1ᾱεω
771 1776 866 1814 omues
882 1765 1005 1816 invasit.»

209 1839 244 1890 de
258 1841 413 1903 Anaxagora
431 1839 511 1889 tradit
521 1838 695 1890 Philostratus
705 1852 732 1888 v.
805 1841 844 1889 lb.
874 1839 917 1889 Nil
933 1854 1045 1903 panacem
1061 1842 1123 1906 cet]
1148 1843 1232 1894 «Cum
1253 1856 1298 1896 ta—

208 1913 326 1979 Apcllou.
349 1916 377 1976 t,
399 1915 444 1964 l3:
466 1910 518 1964 τὸν
539 1911 734 1979 Κλαζομένιον
770 1914 885 1978 pientiae
907 1914 996 1965 stadio
1018 1915 1116 1967 ductus
1139 1930 1183 1968 res
1209 1920 1298 1968 enter-

205 1982 396 2058 Ἀναξαγόραν
416 1983 533 2056 ἀγέλαις
550 2003 582 2038 n
603 1989 654 2040 aab
674 1986 734 2055 μή·
770 2001 832 2050 naa,
852 2001 921 2052 quae
938 1989 1058 2040 caducae
1076 1989 1165 2041 etaub
1177 1993 1298 2058 replente

207 2062 269 2127 λοις
285 2059 321 2114 τὰ
338 2061 444 2116 ἑαυτοῦ
461 2057 565 2115 ἀνέντα
576 2061 734 2136 προβάτοις
771 2064 961 2127 postcomm,
981 2064 1113 2128 despiciar
1126 2069 1206 2129 atque
1217 2068 1298 2119 adbuc

206 2130 265 2204 ἔφη
289 2136 401 2205 μᾶλλον
424 2133 446 2206 ἤ
466 2133 632 2210 ἀνθρώποις
648 2139 734 2201 φιλο·
771 2139 851 2189 etlam
873 2140 1040 2202 provectiore
1058 2142 1145 2190 aetate
1163 2143 1225 2204 poet
1246 2143 1298 2192 mi·
1337 2189 1345 2198 ,

207 2213 350 2280 copricae.
371 2243 399 2252 ·-
413 2227 520 2280 peracre
541 2216 584 2280 eet]
604 2215 734 2266 «medita-
770 2212 851 2264 titiam
871 2212 927 2278 (cd.
941 2214 970 2276 l,
988 2214 1041 2279 29.)
1058 2215 1182 2279 interque
1199 2218 1238 2266 tot
1252 2229 1298 2266 re-

207 2290 271 2340 ticui
288 2291 431 2342 immersus
444 2292 471 2340 ct
488 2291 564 2354 quael
578 2294 733 2354 segregatus
770 2301 830 2338 rum
852 2288 957 2353 petroni
983 2291 1020 2339 toi
1047 2303 1140 2352 curae,
1166 2289 1296 2354 mbiimia,

207 2377 221 2414 a
239 2377 368 2429 corpore,
394 2362 488 2428 procul
513 2364 590 2416 abest
612 2377 628 2414 a
650 2363 733 2416 rebus
769 2359 827 2414 τῶν
842 2358 994 2434 μετεώρων
1015 2365 1120 2428 species
1138 2367 1166 2414 et
1186 2378 1296 2425 caueae.

206 2439 405 2490 terrestribus.»
424 2439 542 2504 Cicpro
553 2439 665 2502 ltiltt,
684 2439 729 2490 33:
770 2438 929 2488 scruteris.»
958 2465 986 2474 -
1013 2439 1113 2504 sapiae]
1139 2438 1298 2504 Simpliciter

204 2519 302 2566 caecae
315 2515 513 2578 amaricantur
529 2513 623 2565 aurea?
641 2529 733 2566 -ce-
768 2525 818 2576 pro
836 2509 962 2583 φρονῄς,
982 2515 1124 2576 acopos.»
1145 2513 1298 2565 Doederlei-

205 2589 261 2654 λη]
288 2590 375 2639 «iuter
398 2590 456 2639 veri
483 2587 608 2661 θεωρίας
635 2603 731 2654 magua
769 2586 803 2637 nii
821 2587 1005 2651 interpretatio
1022 2589 1117 2650 sanan.
1135 2590 1178 2639 ill.
1192 2603 1218 2654 p.
1232 2588 1295 2638 323:

206 2662 551 2714 cumiacilitateversaua.»
581 2663 653 2715 Plato
665 2665 733 2716 'rbe-
769 2661 809 2710 aa
833 2663 872 2710 alc
899 2661 972 2710 dein
997 2661 1079 2712 ecles
1105 2663 1207 2712 Weaen
1234 2664 1298 2712 aad

205 2739 450 2804 arietante:
469 2737 509 2806 τῷ
526 2732 732 2806 ὅντιτὸσῶμα
769 2735 901 2785 Streben
926 2733 1129 2798 bellencurt,
1156 2749 1190 2786 ex
1205 2735 1297 2786 verbio

205 2811 298 2880 μόνον
319 2813 350 2864 ἐν
369 2813 404 2886 τῇ
429 2809 511 2865 πόλει
530 2820 624 2865 κειται
640 2810 730 2866 αὐτοῦ
769 2811 833 2874 ipsis
856 2808 915 2858 elici
936 2811 1042 2874 nequit;
1068 2822 1120 2859 nec
1141 2823 1185 2859 vv.
1202 2815 1226 2860 el
1247 2811 1297 2860 ab·

206 2887 268 2955 (τοῦ
289 2887 487 2959 διατρίβοντος
508 2887 539 2940 ἐν
556 2888 731 2958 φιλοσοφίᾳ)
768 2885 815 2933 buc
835 2881 959 2947 explicari
980 2881 1083 2933 debent
1098 2885 1195 2947 «tique
1212 2883 1295 2934 adeon

205 2964 254 3014 nat
281 2961 430 3029 ἐπιδημεῖ,
459 2959 478 3030 ἦ
507 2962 538 3015 δὲ
565 2961 732 3015 διάνοια..
769 2957 1086 3022 (llaudi'ure.l.p.t65.)
1100 2956 1142 3008 vel
1156 2959 1295 3023 «insupera

206 3037 337 3110 πανταχῇ
349 3041 468 3126 φέρεται
484 3035 559 3089 κατὰ
575 3037 729 3111 Πίνδαρον,
769 3031 871 3100 (Walcb
888 3031 1000 3082 Emeud.
1022 3033 1077 3083 Liv.
1098 3045 1125 3096 p.
1147 3033 1224 3096 tlibi,
1247 3031 1296 3084 aed

205 3113 241 3166 cci
257 3127 288 3165 τε
304 3111 358 3181 γᾶς
381 3113 519 3186 entreprit
540 3113 590 3164 aa)
611 3109 647 3165 τὰ
670 3113 732 3166 ἐπι-
769 3105 909 3159 mauiieato
926 3106 961 3156 de
982 3107 1104 3170 tempore
1126 3106 1295 3171 intelligenda

205 3186 277 3241 caba
301 3185 506 3261 γεωμετροῦσα
530 3188 591 3240 κτλ.
626 3188 731 3241 Plutar-
768 3185 843 3244 eunt,
867 3185 898 3233 ut
919 3181 1133 3245 quattuordecim
1150 3181 1206 3232 aliis
1224 3183 1296 3247 apud

205 3264 329 3315 chuade
352 3277 412 3315 sera
435 3263 551 3314 numinis
570 3263 687 3315 vindicta
705 3277 729 3314 c.
769 3258 907 3310 Horatium
932 3254 1011 3306 lucia:
1042 3257 1211 3308 «etiamnunc
1235 3261 1297 3322 poet

205 3341 251 3390 it:
279 3333 355 3390 cicae
374 3335 427 3404 τὴν
446 3335 551 3404 ψυχὴν
568 3337 731 3404 ἐποχουμέ-
768 3337 824 3385 tam
841 3333 996 3383 diuturnum
1012 3333 1133 3396 tempus,
1153 3333 1225 3396 quod
1241 3330 1298 3398 ple·

204 3429 258 3481 νην
275 3413 357 3477 λείως
374 3405 438 3464 οἷον
454 3405 552 3485 ὥσπερ
570 3413 601 3464 ἐν
618 3411 730 3486 γαλήνῃ
767 3421 868 3473 rosque
884 3406 986 3460 taceare
1008 3408 1140 3472 potuisset
1157 3411 1237 3472 atque
1255 3407 1296 3457 el·

203 3486 243 3558 τῷ
268 3491 345 3552 φωτὶ
370 3485 475 3559 ῥᾳδίως
497 3486 592 3555 πάντη
611 3490 661 3540 καὶ
680 3503 731 3539 ra·
768 3485 866 3546 licerer
882 3487 912 3534 ut
927 3481 1024 3534 talibus
1036 3482 1070 3532 ab
1086 3482 1296 3546 investigationi·

204 3561 241 3624 xit
258 3563 409 3635 φέρεσθαι.
439 3592 466 3601 -
490 3563 605 3629 scabiem]
632 3563 732 3616 «sardi-
768 3559 820 3611 bus
843 3557 944 3610 iamdiu
962 3557 1152 3609 destitiseeutm
1172 3584 1200 3594 -
1218 3556 1296 3606 attt-

203 3640 267 3690 dam
279 3639 390 3690 aliorum
402 3639 554 3698 avaritiam,
570 3639 731 3703 quibuscum
766 3633 829 3699 mla]
842 3629 894 3682 «τὰ
904 3634 1042 3703 μετέωρα,
1056 3630 1209 3691 cactaban
1223 3629 1297 3693 “Phl-

203 3716 336 3780 Agrippae
367 3715 483 3765 rationes
515 3713 564 3764 tibi
596 3714 731 3780 putandae
768 3707 1093 3773 losoputampuysicam.»
1115 3706 1200 3756 Corra.
1214 3705 1293 3762 Caua.

203 3792 291 3841 sunt.»
320 3789 420 3840 Scabies
437 3788 567 3852 siguificat
583 3790 732 3840 acriauva-
767 3785 880 3847 Superos
895 3796 936 3833 rea
952 3781 1017 3832 dixit
1032 3781 1172 3832 Lucretius
1189 3780 1218 3840 tr,
1237 3779 1293 3828 ⁴28.
1366 3790 1374 3800 ·

203 3865 278 3916 ritiae
296 3865 473 3924 irritamenta,
501 3865 531 3913 ut
551 3875 613 3913 cum
631 3863 666 3913 de
682 3877 732 3914 vo-
768 3861 855 3923 atque
872 3858 911 3909 alc
928 3856 1080 3908 necessario
1091 3867 1152 3904 voc.
1166 3855 1296 3918 iuterpre-

203 3938 348 4004 luptatibua
359 3941 512 4003 usurpatur.
537 3937 591 3988 Cic.
603 3937 638 3987 de
651 3939 729 4001 lagg.
767 3933 879 3985 madum
898 3945 958 3984 aeae
970 3929 1042 3982 clare
1054 3929 1240 3980 demonstrant
1250 3940 1293 3978 vv.

204 4015 234 4073 t,
254 4013 300 4074 li,
319 4012 364 4064 tt:
393 4011 513 4076 Voluptas
527 4011 654 4062 malcaim
672 4025 731 4061 mc-
768 4007 869 4069 tte-ao„
890 4008 917 4056 in
939 4004 1037 4070 quibua
1058 4005 1136 4054 unice
1158 4002 1193 4054 de
1211 4015 1296 4067 quae-

202 4092 242 4138 ter
257 4087 381 4149 omniun,
405 4087 477 4137 αανε
498 4086 624 4136 bbaditiia
639 4099 731 4136 coma-
767 4080 899 4135 ationibue
925 4077 1089 4130 naturalibus
1114 4079 1206 4142 agitur.
1240 4079 1295 4128 Nec

199 4163 239 4228 pti
255 4173 321 4224 qaae
336 4165 433 4214 natum
443 4161 510 4212 bono
520 4165 586 4222 neat,
605 4162 666 4223 craia
678 4159 732 4210 dat-
766 4157 913 4222 generatim
926 4151 1057 4218 explicem
1069 4165 1131 4204 cum
1143 4155 1292 4205 Dbnteerc:

203 4237 288 4288 abac
304 4238 352 4288 ltcc
365 4243 389 4289 et
403 4237 485 4288 acubie
499 4239 599 4298 careat,
617 4249 668 4286 con
678 4247 731 4286 cer*
767 4233 925 4286 «Universae
934 4227 1117 4294 philosophiae
1124 4229 1294 4294 quaestiones

202 4317 266 4362 mart
281 4313 351 4361 ratu.
380 4313 507 4363 Ceterum
523 4310 631 4362 scabiem
647 4309 731 4362 mani·
766 4307 882 4358 maxime
903 4301 1033 4354 subtimes
1050 4316 1082 4354 ac
1099 4301 1293 4354 difficillimae.»
