3156 4972
243 429 305 496 ast
626 430 753 504 nonnrn
771 430 952 482 sarrannuu

285 560 412 654 Curvat'
426 605 506 672 aper
527 583 637 652 lances
658 605 790 652 carnem
812 585 940 652 vitantis
963 585 1113 664 inertem;

286 710 365 774 Nam
385 708 530 774 Laurens
552 705 656 772 malus
679 717 743 783 cst,
767 704 851 773 ulvis
873 717 906 773 et
927 707 1084 774 arundine
1106 708 1244 795 pinguis.

288 828 388 895 Vinea
410 827 565 894 submittit
587 848 723 916 capreas
745 847 809 893 non
831 848 961 916 semper
982 827 1105 896 edules.

288 948 461 1017 Fecundae
483 949 604 1037 leporis
627 949 758 1037 sapiens
780 949 957 1016 sectabitur
979 970 1096 1018 armos.

287 1070 435 1138 Piscibus
457 1080 554 1159 atque
576 1070 690 1138 avibus
713 1090 799 1160 quae
822 1081 936 1137 natura
959 1081 991 1138 et
1012 1071 1094 1138 foret
1116 1081 1220 1148 aetas,
1289 1073 1331 1136 t5

287 1195 367 1260 Ante
390 1213 499 1259 meum
520 1190 599 1260 nulii
621 1192 723 1280 patuit
744 1193 892 1281 quaesita
914 1192 1065 1280 palatum.
1274 1183 1277 1190 ¹

288 1315 381 1392 Sunt,
405 1334 545 1402 quorum
567 1313 731 1401 ingenium
753 1335 837 1381 nova
859 1323 982 1381 tanturn
1004 1313 1148 1382 crustula
1161 1314 1288 1404 promit.

308 1513 350 1565 tt.
369 1514 465 1564 Curuot
481 1512 553 1577 bScp
571 1513 598 1562 ct
615 1523 710 1562 omues
727 1513 857 1562 Pettierii:
878 1512 968 1563 &root
985 1511 1098 1562 eCodd.
1113 1511 1152 1574 (φ)
1165 1511 1299 1564 Bentlaius

277 1591 304 1639 et
320 1588 353 1640 ni.
375 1615 402 1624 -
421 1587 462 1638 ti.
481 1588 590 1638 Facundi
606 1584 668 1651 bcp,
688 1599 783 1638 omues
800 1588 918 1637 Pottien'i
936 1591 963 1638 at
979 1585 1138 1647 Bentleiani,
1157 1587 1229 1638 LtFl.
1261 1589 1299 1652 (Ut

276 1675 337 1723 nos,
357 1663 388 1724 S,
407 1663 522 1726 optimus
540 1661 693 1712 claudimus
710 1662 738 1711 et
754 1662 892 1712 Tonsauus
910 1663 1028 1726 Cruquii,
1048 1663 1077 1722 C,
1096 1660 1239 1725 Bantinos,
1252 1662 1298 1726 Μ.)

279 1761 306 1773 -
326 1735 366 1788 ii.
380 1737 467 1799 potuit
481 1737 545 1786 nudi
559 1735 587 1786 b.
608 1763 636 1772 -
661 1735 701 1787 48.
720 1737 771 1786 Νοο
788 1749 940 1798 φοοωᾳααοι
958 1749 991 1786 ex
1008 1737 1102 1800 paucis
1118 1737 1297 1802 pessimisque

180 1823 185 1831 ·
278 1810 362 1862 Ccdd.
381 1813 442 1862 Fea.
464 1839 491 1850 —
510 1815 546 1861 ast
562 1811 684 1861 inserunt
699 1813 761 1876 post
776 1824 802 1861 r.
821 1825 876 1861 nno
891 1812 945 1862 duo
963 1812 1120 1876 creontem,
1138 1815 1200 1878 post
1216 1827 1241 1864 v.
1253 1825 1299 1863 oo-

276 1989 317 2041 it.
336 1988 377 2041 tt.
402 1989 504 2051 Guniot]
520 1989 563 2039 Sic
579 1987 703 2040 meliores
716 1989 769 2040 Co-
806 1988 853 2040 0d.
876 1990 904 2051 4,
930 1990 957 2049 4,
981 1989 1032 2052 48.)
1057 2017 1084 2026 -
1102 1989 1175 2054 dou]
1200 1990 1331 2041 Kolian-

244 2064 327 2124 dices‚
347 2079 400 2114 uon
416 2070 509 2115 minet.
544 2063 705 2116 indicativus
729 2066 770 2115 est
805 2063 908 2127 schlin
935 2064 1060 2114 Kolbon.
1103 2065 1180 2116 Voss.
1223 2065 1262 2115 De
1291 2066 1332 2116 his

244 2138 416 2204 approbantis
433 2139 506 2202 quod
523 2141 597 2188 reete
620 2139 661 2200 fit,
688 2140 718 2189 ut
743 2139 769 2188 in
806 2139 1091 2202 Virg.nen.tti,708:
1110 2152 1333 2202 aper·-,qaem-

244 2214 397 2278 aphorismo
414 2211 456 2264 vel
478 2215 564 2284 coptu
584 2207 665 2280 δόξᾳ.
702 2213 770 2263 Cur·
805 2214 1026 2277 Defendit-polite
1041 2215 1193 2278 Laurentio,
1212 2215 1333 2266 dlool’o·

244 2289 290 2338 vat
313 2289 403 2338 autem
431 2299 497 2350 aper
525 2285 615 2337 lances
642 2287 769 2350 gravitate
805 2293 857 2338 siais
873 2289 1023 2338 arundineo.

244 2357 302 2413 sua.
339 2360 410 2424 (Ptin.
430 2362 461 2411 Η.
481 2363 510 2412 N.
529 2361 559 2422 8,
584 2363 630 2411 st:
657 2361 770 2412 Selicium
838 2362 879 2414 43.
896 2361 936 2414 44.
968 2363 1043 2412 Vinea
1062 2362 1125 2427 cet]
1143 2365 1275 2427 «Propter
1291 2364 1333 2415 io-

244 2449 336 2500 oprum
352 2437 523 2486 liomcnoottm
536 2437 636 2498 primus
651 2436 678 2486 in
692 2435 772 2498 opulis
806 2435 902 2487 tiorum
917 2437 977 2487 vitis
995 2437 1201 2488 amaritudinem
1218 2453 1332 2504 caprea-

244 2513 361 2574 oppoautt
379 2511 405 2560 P.
427 2511 547 2560 sevitias
571 2511 672 2573 lindos,
694 2515 771 2573 poter
807 2524 866 2562 rum
888 2511 930 2562 his
952 2513 1087 2574 pasturum
1107 2525 1169 2562 caro
1187 2526 1239 2564 non
1257 2527 1332 2565 sem-

243 2587 297 2638 σίνε
315 2584 395 2648 Rulli,
421 2585 464 2646 otti
489 2585 614 2634 Ciceronis
639 2585 770 2635 cumulata
805 2598 856 2650 per
872 2584 961 2649 piacet
976 2583 1079 2649 palato:
1102 2588 1227 2650 quocirca
1247 2603 1333 2652 quae·

246 2661 279 2723 (a.
300 2672 327 2709 u.
356 2657 422 2721 694.)
448 2658 527 2721 lapan
550 2659 685 2722 corariam
705 2672 770 2720 pro·
805 2660 905 2711 rendae
930 2661 1019 2726 potius
1041 2675 1154 2726 capreas
1177 2663 1332 2716 insultibus

243 2735 375 2798 mulpoeit.
426 2733 487 2783 Tora
520 2733 665 2796 propium
698 2735 770 2798 oripo
806 2739 915 2800 captae,
943 2749 1012 2799 quae
1037 2749 1148 2800 gramen
1172 2753 1203 2789 nc
1226 2743 1332 2803 segetes

243 2823 310 2860 nunc
321 2809 531 2871 owddionoerei
545 2813 588 2858 ast.
625 2809 663 2859 ci.
676 2811 767 2860 Iuveu.
806 2809 1012 2875 depascuntur.»
1033 2837 1060 2847 -
1073 2811 1201 2878 maluit]
1220 2827 1333 2880 asuppa·

245 2886 274 2946 t,
301 2884 367 2948 440.)
405 2885 458 2934 Nos
484 2881 563 2948 pauio
589 2882 680 2934 aliter:
710 2884 770 2936 dar
805 2884 1082 2950 ditata-recondat]
1095 2887 1201 2938 Minime
1213 2890 1334 2940 reiicien·

245 2959 346 3009 Tituli
367 2958 464 3023 biopt
485 2959 561 3008 stol
580 2964 686 3009 untur
706 2960 770 3010 dan
806 2961 840 3011 da
857 2960 1045 3023 Porphyrionis
1063 2963 1091 3010 et
1108 2963 1266 3014 Commcr.
1284 2978 1333 3014 ax-

244 3035 400 3098 spatici.
422 3061 449 3070 -·
467 3036 686 3086 comemoitontts
701 3037 769 3086 toar-
805 3034 924 3100 plicatio:
955 3034 1043 3093 «Quia
1073 3033 1198 3086 dicuntur
1224 3049 1333 3101 semper

243 3108 300 3173 um]
318 3109 384 3160 Catii
400 3109 478 3171 igitur
494 3109 620 3172 magister
631 3110 769 3174 praeiere-
805 3109 983 3174 praegnantes
995 3120 1056 3158 esse
1068 3107 1199 3173 lepores.»
1218 3112 1333 3174 (Scilicet

243 3183 291 3235 bat
311 3195 391 3247 apros
412 3184 439 3233 in
462 3183 581 3246 Umbria,
609 3187 724 3236 maxime
742 3185 768 3235 iu
807 3198 839 3234 ex
860 3185 983 3234 veterum
1000 3186 1081 3246 atquc
1100 3185 1181 3235 etiam
1199 3187 1333 3237 recentio-

242 3259 373 3324 Apannini
390 3255 516 3319 saltibus¹
544 3257 609 3309 ilicis
629 3258 769 3323 glandibus
806 3271 866 3308 rum
883 3254 1070 3308 nonnullorum
1089 3257 1209 3310 doctrina
1226 3259 1333 3325 lepores

243 3332 530 3397 (Staioaicltltarnco
557 3334 644 3397 Voss.)
677 3335 769 3398 pastos
806 3333 988 3399 superistant.)
1024 3334 1333 3401 Quisimpiicitererpo-

243 3406 306 3466 iilis,
332 3407 377 3469 qui
400 3407 426 3456 in
443 3404 586 3469 paludibus
603 3409 769 3458 Laurentinis
805 3412 871 3460 nunt
895 3410 1119 3473 «praegnantis»,
1144 3409 1215 3462 aliud
1238 3424 1333 3462 exem-

243 3480 279 3532 ad
295 3492 370 3531 mara
387 3480 503 3530 Tuscum
521 3480 590 3530 inter
605 3481 722 3533 Ardeam
742 3483 769 3532 et
805 3483 880 3548 plum
902 3483 999 3534 afferre
1022 3480 1167 3534 debebant.
1208 3486 1334 3548 (Diintoe-

244 3556 341 3608 ostium
365 3552 468 3604 Tiberis
492 3553 680 3618 capiebantur,
707 3558 768 3620 quia
805 3571 851 3609 rus
878 3570 928 3622 pro
956 3558 1008 3607 bac
1032 3558 1222 3622 significatione
1247 3558 1334 3610 attulit

243 3631 342 3680 horum
354 3641 417 3679 caro
428 3628 507 3690 iners,
525 3628 637 3692 insipida
650 3631 677 3680 et
688 3629 767 3692 latua,
805 3633 880 3684 ovid.
894 3634 1000 3683 Metam.
1014 3634 1042 3693 t,
1061 3633 1130 3694 liic
1149 3634 1197 3686 sed
1215 3635 1251 3685 ibi
1272 3633 1334 3686 Cai-

244 3707 325 3756 asset.
360 3704 426 3754 Fea:
452 3703 624 3756 «Etiamnunc
634 3704 712 3768 volgo
724 3719 770 3756 uo·
804 3706 865 3759 iisto
882 3707 997 3758 tecuuda
1009 3707 1106 3758 dicitur
1121 3711 1184 3774 post
1200 3709 1333 3762 Arcadem

244 3782 316 3840 turn,
334 3791 414 3844 apros
431 3780 459 3830 et
474 3792 537 3830 sues
554 3777 649 3843 glande
667 3781 770 3844 sagina·
805 3783 916 3845 natum.)
946 3785 980 3834 nt
996 3783 1019 3832 si
1031 3783 1221 3847 significatione
1233 3783 1334 3849 volgari

243 3855 285 3904 tos
302 3852 409 3904 dumore
425 3855 452 3904 et
468 3852 592 3905 solidiora
604 3868 685 3906 carna
697 3868 767 3916 esse,
805 3855 937 3920 explices,
950 3855 1084 3908 ἐπίθετον
1096 3858 1122 3908 h.
1136 3857 1153 3908 l.
1169 3860 1285 3910 otiosum
1297 3860 1335 3908 vi-

244 3939 313 3989 quae
338 3926 462 3978 soliturus
481 3931 508 3979 et
533 3928 658 3980 omnibus
684 3927 769 3981 salsa-
805 3932 893 3982 detur.
928 3931 1054 3982 Ceterum
1071 3945 1156 3996 genus
1176 3932 1334 3984 femininum

244 4001 341 4052 mentis
359 4003 387 4052 et
405 4003 550 4054 condituris
567 4004 653 4069 aptior
670 4007 698 4055 et
717 4005 769 4055 du·
804 4005 847 4056 vei
880 4005 943 4056 ideo
977 4006 1185 4071 praeferendum
1213 4007 1332 4068 ridetur.

244 4072 378 4126 rabitiorn
406 4077 503 4128 Contra
515 4079 613 4130 statius
624 4077 685 4129 silv.
698 4077 728 4140 4,
742 4078 766 4140 6,
805 4080 878 4145 quod
895 4078 996 4132 facilius
1013 4082 1039 4132 in
1056 4080 1234 4133 masculinum
1251 4095 1334 4146 qnam

245 4150 294 4200 id:
323 4149 412 4202 Ttecm
427 4165 491 4214 opor
506 4155 650 4217 ponorodor
668 4153 766 4204 Umbro.
806 4157 897 4206 contra
919 4169 935 4206 a
956 4154 1070 4206 librariis
1095 4157 1191 4207 mutari
1217 4160 1332 4222 poterat.

244 4223 385 4288 (Lucaniae
408 4239 503 4289 aprum
528 4227 619 4280 iaudat
646 4229 768 4280 Horatius
808 4258 836 4267 —
853 4231 953 4292 sopiant
968 4231 1104 4282 munitor
1120 4232 1214 4297 omos]
1239 4233 1335 4282 «Peri-

244 4297 339 4360 sato,
358 4298 387 4362 ³,
405 4299 463 4352 434.
490 4301 599 4364 ΞΜ.
629 4305 769 4355 Marsum
805 4305 848 4356 tas
873 4307 1088 4376 yoorpovoptuc
1114 4307 1226 4358 conviva
1253 4307 1334 4370 (Por-
