3156 4972
686 375 812 424 nonnil!
832 373 1012 425 SATlllAllllll

685 845 1009 908 Samm-

349 997 539 1064 lamdudum
562 996 707 1064 ausculto
730 1006 762 1063 ct
784 997 919 1084 cupiens
941 995 996 1061 tibi
1020 995 1129 1062 dicere
1152 1016 1267 1062 servus

348 1122 454 1186 Pauca
477 1118 659 1186 reformido.
704 1117 879 1184 Davusne?
902 1119 961 1190 lta,
986 1118 1110 1192 Davus,
1135 1117 1273 1184 amicum

347 1241 539 1327 Mancipium
562 1240 692 1305 domino
715 1250 747 1305 et
769 1239 849 1326 frugi
872 1238 959 1326 quod
983 1239 1138 1314 elisatio,
1164 1239 1226 1305 hoc
1248 1246 1314 1314 est,

347 1363 386 1430 Ut
407 1360 502 1428 vitale
523 1371 627 1448 putes.
672 1365 754 1446 Age,
779 1359 924 1427 libertate
946 1357 1132 1437 Decembri,

336 1515 438 1636 misdi
450 1514 504 1563 vn.
526 1513 670 1576 ‘inscriptio
689 1511 818 1562 Codicum
830 1511 880 1574 Ep:
900 1512 938 1561 De
954 1511 1106 1560 iowndttatc
1121 1509 1263 1561 vocandis
1274 1515 1297 1560 et
1308 1523 1359 1560 ser-

357 1588 381 1636 ’4
407 1589 506 1638 icontie.

337 1709 389 1758 Vll.
408 1707 475 1757 Vide
492 1708 647 1758 excursum.
865 1708 902 1756 tta
924 1709 1007 1757 totam
1029 1707 1189 1757 sententiam
1212 1703 1326 1755 allirmat
1345 1715 1392 1752 re-

338 1784 361 1831 t.
375 1783 399 1832 4.
418 1783 567 1832 lontdodwn
587 1783 713 1844 crocutto]
738 1783 828 1832 «lam-
865 1781 1023 1844 sponsione:
1038 1781 1096 1842 ja.»
1123 1780 1195 1829 Hirro
1212 1779 1286 1828 Tune.
1306 1779 1349 1828 ill.
1363 1791 1389 1841 p.

305 1857 350 1906 diu
368 1856 478 1907 euribus
494 1859 572 1920 capto
590 1861 617 1908 et
637 1855 718 1906 veluti
744 1869 829 1908 venor
866 1853 922 1905 493.
939 1883 965 1890 -
980 1853 1096 1919 amimae]
1112 1853 1225 1904 «domini
1240 1851 1391 1903 studiosum

305 1932 529 1995 opportunitatem
557 1930 709 1994 loquendi.»
750 1933 825 1980 Geso.
866 1930 945 1994 eique
974 1929 1084 1979 lidum.»
1122 1925 1334 1979 Φιλοόέοποτον
1358 1925 1391 1976 ἐκ

305 2006 434 2056 Nimirum
466 2007 551 2068 cogita
584 2007 722 2056 Horatium
751 2008 828 2056 antea
865 2001 917 2054 τοῦ
935 1999 1100 2066 συνειδότος
1118 2001 1199 2053 talem
1216 2013 1325 2052 servum
1342 2013 1392 2066 ap-

304 2077 355 2128 ulta
373 2091 440 2128 voce
463 2077 557 2142 legisse
579 2077 677 2129 librum
699 2076 741 2130 vel
761 2081 830 2129 inter
865 2075 946 2141 pellet
962 2076 1035 2128 Philo
1053 2079 1079 2126 in
1097 2077 1176 2127 Libro
1194 2077 1257 2137 Quis
1270 2089 1323 2126 rer.
1337 2075 1390 2126 div.

304 2152 477 2203 scribendum
487 2153 600 2204 subinde
608 2166 701 2204 secum
710 2154 828 2205 locutum
865 2153 922 2202 her.
936 2151 994 2202 Vol.
1006 2151 1047 2202 lV.
1061 2151 1099 2202 Pi.
1117 2165 1143 2216 p.
1158 2151 1193 2213 4.,
1212 2163 1245 2200 ex
1262 2162 1316 2214 quo
1332 2149 1391 2200 loco

306 2239 379 2284 essm
397 2226 555 2276 veterrimus
566 2231 656 2277 autern
673 2241 768 2278 servus
780 2229 829 2278 scit
865 2226 1012 2278 Menander
1019 2228 1132 2278 Melnek
1142 2240 1169 2291 p.
1181 2226 1237 2277 434.
1248 2225 1287 2276 sio
1299 2237 1391 2276 emen-

306 2300 415 2364 quidem
432 2301 511 2350 hodie
529 2301 675 2351 Saturnalia
687 2301 827 2363 celebrari
866 2300 971 2353 dandus
994 2303 1048 2352 est:
1069 2295 1117 2351 ”Ao
1138 2296 1224 2351 πάνθ’
1248 2296 1265 2350 ὁ
1288 2295 1392 2363 δοῦλος

306 2375 395 2437 itaque
413 2373 520 2438 plenam
542 2373 592 2426 eibi
615 2373 765 2426 libertatem
788 2375 829 2426 lo·
865 2369 1021 2440 ἡσυχάζειν
1061 2372 1213 2464 μανθάνῃ,
1255 2369 1391 2445 Πονηρὸς

306 2447 405 2512 quendl
427 2451 506 2512 atque
529 2448 597 2499 adeo
624 2450 720 2500 herum
746 2452 829 2501 inter-
864 2445 955 2502 ἔσται·
968 2449 1122 2518 μεταδίδου
1135 2429 1312 2538 παρρησὶας·
1326 2449 1392 2501 Βέλ-

305 2521 420 2586 pellandi
438 2535 595 2574 concessam
608 2537 684 2584 esse,
703 2537 755 2588 qua
768 2537 830 2574 usu
865 2540 963 2576 τιστον
973 2522 1063 2576 αὐτὸν
1074 2523 1161 2577 τοῦτο
1179 2521 1295 2589 ποιήσει
1307 2519 1389 2575 πολύ.

306 2609 352 2646 rus
380 2610 410 2646 se
439 2596 513 2647 velut
542 2597 632 2649 ulcisci
662 2596 828 2662 aliquatenus
898 2602 953 2652 3-8
971 2602 1075 2666 [444944
1063 2597 1220 2672 «κρ,ηστόν
1239 2599 1392 2664 trugaleat·

305 2672 391 2735 possit
407 2670 593 2732 demolestiis
612 2672 711 2736 quibus
728 2675 829 2737 perto-
866 2688 919 2740 quc
931 2675 1099 2726 obedientiae
1117 2674 1238 2740 plenum,
1257 2675 1292 2725 ab
1305 2675 1392 2724 omni-

306 2748 363 2796 tum
384 2759 484 2797 annum
506 2746 636 2798 obnoxius
662 2749 751 2806 luerit;
779 2761 829 2798 nec
867 2763 919 2815 que
937 2749 1006 2799 iurto
1019 2749 1170 2810 abstinens,
1189 2749 1291 2810 bruco
1279 2761 1391 2814 »saepe

305 2822 395 2871 tamen
412 2823 587 2886 protervius
580 2835 606 2872 ru
624 2821 800 2874 cubiculum
794 2837 831 2872 rr·
867 2824 901 2873 da
927 2823 1020 2874 servis.
1056 2824 1161 2874 Terent.
1184 2823 1232 2874 dd.
1254 2823 1284 2884 a,
1311 2824 1340 2884 9,
1365 2824 1390 2872 t.

305 2907 431 2959 rumpere
449 2895 539 2956 audet,
558 2899 691 2958 metucns,
710 2911 744 2947 ne
761 2896 829 2947 lorte
867 2900 967 2948 Demea
985 2896 1019 2946 ed
1037 2899 1149 2959 Syrum:
1174 2898 1252 2961 Flstpl
1269 2897 1342 2947 dorm
1357 2910 1390 2946 cs.

306 2969 340 3020 ab
369 2971 436 3020 hero
464 2969 534 3021 illam
562 2970 713 3022 libertatem
742 2973 830 3023 miuus
866 2973 1014 3037 opponitur
1028 2985 1145 3033 nequam.
1186 2972 1240 3023 Cic.
1262 2973 1340 3022 Tusa.
1362 2971 1390 3032 3,

305 3047 446 3096 reverente
472 3044 541 3097 male
567 3045 708 3098 mulcetur.
749 3047 830 3098 llein-
866 3048 895 3108 8,
915 3047 955 3096 46.
976 3072 1004 3084 -
1024 3049 1091 3110 quod
1106 3049 1139 3097 ait
1159 3048 1229 3111 wis]
1254 3046 1393 3098 Manifesto

305 3119 407 3171 dor-iius
424 3121 533 3184 quidem
551 3123 674 3186 exposuit
694 3121 728 3172 do
750 3135 830 3173 servo
867 3122 910 3170 hic
919 3125 960 3172 est
971 3121 1079 3172 vernilis
1091 3122 1156 3172 Davi
1167 3122 1194 3170 iu
1206 3123 1294 3172 semet
1305 3121 1392 3185 ipsum

306 3196 332 3244 iu
350 3193 451 3246 toribus
463 3195 578 3246 cubiculi
591 3199 736 3262 apparente
748 3200 828 3260 atque
866 3199 948 3249 iocus.
984 3199 1040 3248 iloc
1057 3199 1147 3248 eutem
1165 3197 1240 3247 dicit:
1268 3198 1312 3247 alu
1329 3199 1393 3246 tan-

305 3268 362 3318 heri
386 3270 456 3320 iussa
474 3275 655 3334 exspectante,
674 3271 724 3322 sed
741 3283 829 3335 neque
866 3273 923 3322 tum
940 3285 1001 3323 snm
1018 3272 1097 3335 lrugi,
1117 3284 1199 3336 quam
1216 3272 1280 3323 setis
1297 3271 1331 3322 sit
1343 3283 1392 3334 pro

305 3343 358 3393 hoc
370 3346 494 3394 convenit
505 3344 687 3396 Saturnalibus
699 3348 734 3403 et.
754 3347 829 3396 cuius
867 3348 946 3410 ceptu
964 3359 996 3396 ac
1012 3344 1121 3397 modulo
1132 3345 1316 3404 servulorum
1335 3344 1392 3408 glo·

304 3419 570 3480 testimomonium,
589 3419 696 3470 Plautus
714 3417 827 3484 (Trucnl.
867 3421 928 3470 riari
945 3421 1017 3470 enirn
1036 3421 1147 3470 nonest
1170 3433 1276 3480 mcum,
1304 3431 1392 3483 neque

307 3492 336 3552 4,
354 3493 384 3550 t,
405 3492 433 3540 t:
460 3493 497 3542 Ad
513 3494 579 3554 {orer
597 3495 737 3544 ommdtcto
754 3499 830 3554 atone
867 3493 947 3546 talem
964 3507 1008 3545 me
1027 3494 1121 3544 haberi
1137 3493 1254 3558 postulo,
1273 3495 1392 3558 culpane

304 3579 378 3616 serua
401 3567 447 3616 tos
467 3568 556 3631 aedis.)
574 3567 607 3618 de
633 3569 759 3628 ianitore,
787 3569 829 3618 cui
866 3568 1016 3620 immodicis
1034 3569 1182 3619 virtutibus*
1196 3569 1317 3618 metuent
1343 3568 1393 3616 ho·

305 3642 347 3691 hio
364 3640 570 3702 locusnonest‚
590 3641 713 3707 loquitur.
744 3645 829 3694 liinus
866 3644 965 3705 mines,
985 3657 1018 3694 ne
1037 3645 1089 3694 cito
1106 3644 1261 3694 moriatur„
1291 3643 1392 3693 senece

305 3718 399 3778 etiam,
427 3729 497 3780 quae
522 3717 569 3767 luit
594 3717 703 3770 Bentleii
724 3719 828 3783 opinio,
867 3719 992 3768 Controv.
1007 3718 1034 3778 4,
1049 3718 1072 3768 4.
1086 3718 1120 3768 de
1133 3716 1199 3768 rillio
1212 3717 1303 3767 Flavo:
1323 3718 1394 3767 sen-

306 3793 368 3841 navi
385 3791 469 3842 verbu
486 3791 520 3842 ad
540 3794 749 3857 praecedentem
766 3795 827 3844 snti-
863 3805 911 3854 per
928 3793 957 3842 dc
972 3792 1041 3841 illius
1057 3793 1156 3856 luponio
1174 3792 1267 3842 Cestios
1283 3796 1307 3841 et
1318 3803 1394 3854 proe-

305 3879 377 3926 ram,
404 3879 520 3928 quacum
542 3868 568 3917 in
589 3868 674 3918 Codd.
698 3866 830 3918 nonnullis
867 3867 960 3917 (44οοω44
977 3871 999 3916 ct
1016 3867 1106 3917 tonuit.
1136 3865 1223 3918 dietat
1240 3867 1396 3916 tomlmma·

306 3941 395 4000 letiam
406 3939 455 4005 λμ)
468 3942 645 4004 coniungitur,
665 3942 757 3992 reterri
769 3955 831 4005 pos·
867 3948 922 3992 ture
939 3955 1061 4005 omanem
1077 3941 1205 4004 coponium
1221 3953 1272 3990 non
1288 3953 1339 3990 esso
1354 3939 1393 3989 ot-

304 4018 430 4064 sunt·
404 4017 606 4080 -reformtdol
634 4030 739 4067 memor
765 4029 829 4067 sane
867 4018 974 4066 tate-
993 4015 1106 4066 libertate
1123 4013 1262 4079 Deccrnbri]
1280 4015 1309 4066 ln
1332 4026 1394 4079 per-

304 4088 437 4152 proverbii
453 4090 523 4155 apud
536 4093 568 4142 ll.
584 4092 706 4142 Antonin
721 4092 767 4152 44,
782 4091 828 4141 30:
868 4095 949 4154 petuo
967 4089 1008 4141 illo
1026 4091 1102 4154 quasi
1124 4089 1194 4141 bello
1217 4091 1286 4139 inter
1308 4087 1394 4138 domi-

306 4160 417 4226 Δοῦλος
435 4167 581 4229 πέφνκας,
601 4159 636 4217 οὗ
653 4167 771 4230 peremi
782 4180 832 4216 σοι
869 4179 917 4216 nos
940 4179 971 4215 ac
994 4179 1087 4216 servos
1114 4165 1153 4226 hi,
1181 4167 1209 4214 ut
1232 4165 1267 4214 ait
1291 4163 1391 4214 Arrian.

306 4235 449 4303 λόγον,-
424 4240 515 4304 -44ο]
535 4243 578 4291 «ln
598 4239 735 4304 colloquiis
747 4253 828 4290 unum
868 4239 993 4304 Epictl,
1015 4241 1044 4300 4,
1063 4240 1115 4300 448,
1135 4229 1349 4290 Saturnalibus
1331 4251 1395 4286 οινο
