3178 4972
279 435 341 500 480
635 435 1001 501 coniuransrcmnuu

319 596 404 670 Non,
428 593 483 681 qui
506 591 639 658 Sidonio
661 591 859 658 contendere
882 591 1017 658 callidus
1039 602 1127 658 ostro

319 715 428 782 Nescit
450 715 639 801 Aquinatem
661 715 803 800 potantia
825 713 945 780 vellera
967 713 1092 788 lucum,

321 838 446 904 Gentius
469 835 606 922 accipiet
627 833 780 900 damnum
802 835 977 923 propiusve
999 835 1161 910 medullis

319 960 424 1038 Quam
445 957 500 1046 qui
525 975 589 1022 non
610 953 727 1043 poterit
749 968 827 1018 vero
848 948 1046 1034 distinguere
1069 947 1193 1014 laisum.

319 1081 425 1159 Quem
447 1098 500 1146 res
525 1077 597 1164 plus
619 1077 718 1142 nimio
743 1071 946 1140 delectavere
969 1072 1148 1148 secundae,
1327 1081 1369 1143 30

319 1203 458 1267 llutatae
482 1199 633 1288 quatient.
678 1197 712 1264 si
737 1193 815 1284 quid
837 1191 1014 1271 mirabere,
1037 1213 1140 1281 pones

318 1323 450 1390 invitus.
494 1323 582 1408 Fuge
604 1339 736 1406 magna3
764 1316 840 1383 licet
862 1313 923 1381 sub
946 1335 1090 1402 paupere
1114 1325 1197 1383 tecto

343 1521 384 1570 27.
403 1532 490 1569 mnam
507 1516 591 1568 Ccdd.
605 1515 666 1580 aliq.
693 1516 733 1580 lili
749 1526 813 1576 nos,
832 1511 933 1574 nostri.)
954 1538 981 1548 -
1000 1512 1041 1563 28.
1060 1515 1169 1578 occipiat
1185 1515 1211 1566 d,
1227 1543 1255 1552 -
1269 1531 1335 1581 pm.
1359 1525 1361 1528 ·

306 1597 396 1660 pnwsc
407 1596 452 1654 cE,
468 1593 529 1653 LCt,
546 1590 694 1652 Bentleius,
708 1591 760 1640 FO:
776 1587 930 1652 propiusque
947 1599 1082 1650 superscr.
1094 1603 1125 1639 cc
1135 1591 1166 1650 S,
1182 1591 1336 1656 propiusque

310 1668 392 1728 hunt
421 1666 524 1730 (Codici
541 1666 562 1716 li
579 1662 644 1715 falso
664 1663 825 1714 Kirchnerus
845 1659 936 1711 tribuit
952 1659 1093 1713 lectionem
1110 1666 1283 1731 propiusque)
1305 1695 1331 1704 -

309 1743 350 1794 Ξ9.
366 1743 449 1806 potuit
465 1740 492 1791 d.
514 1765 541 1776 -
554 1752 643 1790 cerum
658 1739 811 1802 distinquere
826 1736 891 1800 falec
909 1733 993 1786 Ccdd.
1012 1736 1084 1802 apud
1101 1739 1190 1789 Feam.

310 1906 803 1973 ae29.Ncn,q1ccet.]«satscautem
840 1909 952 1956 cotentm
967 1905 1044 1954 iudae
1061 1910 1084 1955 ct
1099 1906 1214 1958 callidae.
1234 1935 1262 1946 -—
1277 1915 1370 1972 potnit-

276 1984 319 2036 illa
344 1983 378 2034 de
404 1983 502 2034 finibus
531 1981 664 2033 bonorum
692 1981 803 2041 iudicia,
842 1980 885 2043 tiu]
927 1979 1064 2043 Frequens
1100 1981 1187 2045 imago
1226 1985 1367 2036 tincturae.

277 2058 365 2124 qualia
397 2057 557 2122 plerumque
584 2059 647 2108 sunt
678 2056 803 2116 divitum,
842 2053 917 2104 Ovid.
934 2054 996 2104 Met.
1018 2055 1048 2116 6,
1073 2054 1103 2104 9:
1129 2057 1249 2108 Plccctcc
1271 2057 1370 2110 mulce

276 2132 360 2186 multo
380 2134 465 2196 magis
482 2133 559 2181 noxia
572 2129 806 2182 suntacbeatitu-
841 2128 950 2192 docebat
965 2130 1061 2179 murice
1076 2129 1159 2180 mccc.
1181 2159 1206 2170 -
1226 2134 1320 2197 prtum]
1339 2133 1370 2185 li·

277 2210 331 2260 dini
348 2207 495 2266 infestiora,
515 2219 597 2269 quem
614 2206 752 2256 inscientia
764 2217 805 2254 re·
842 2203 1041 2266 coementum,
1055 2202 1164 2268 φῦκος,
1176 2208 1282 2270 noddo,
1292 2211 1370 2262 cuius

277 2295 337 2334 rum
355 2284 527 2332 externarum
550 2279 646 2332 nullius
662 2280 803 2344 ponderis,
842 2290 907 2328 succ
924 2276 967 2328 vet
984 2279 1155 2332 medicabunt
1174 2279 1263 2334 lanam
1284 2285 1369 2336 muri-

277 2359 308 2408 ut
330 2369 392 2406 cum
414 2368 464 2405 uos
489 2353 595 2405 deridet
617 2354 704 2416 dives,
731 2353 804 2418 quod
842 2353 880 2402 cis
897 2365 962 2404 succ
974 2355 1067 2416 postea
1085 2356 1238 2420 tingendam
1250 2358 1294 2410 vel
1310 2361 1369 2412 sine

277 2442 425 2496 purpuram
439 2427 616 2479 adulterinam
629 2428 803 2493 (Aquinatem)
841 2425 909 2478 illius
932 2427 1063 2492 conchylii
1089 2443 1155 2482 succ
1180 2430 1367 2486 adulterinam.
1468 2425 1473 2436 '

277 2519 293 2555 a
310 2505 413 2556 sincera
433 2502 555 2566 (Sidonia)
573 2503 735 2567 distinguere
755 2517 804 2554 ne·
841 2499 917 2552 Ovid.
936 2503 1010 2553 Rem.
1031 2507 1088 2556 Am.
1102 2506 1164 2556 707:
1185 2507 1275 2571 Confer
1290 2507 1369 2571 Ante-

278 2579 395 2629 sciamus
412 2580 491 2641 atque
508 2575 542 2627 ab
555 2579 642 2628 astuto
653 2579 804 2628 mercatore
841 2575 917 2625 cloec
931 2577 1082 2628 nredwctnm
1097 2580 1175 2630 cedas
1184 2582 1256 2632 cim
1271 2585 1370 2635 Murice

278 2653 470 2716 decipiamur.n
498 2678 524 2687 -
552 2651 663 2716 Sidonio]
689 2653 806 2715 Antepe-
841 2662 899 2698 cum
918 2651 1004 2712 Tyrio·
1022 2654 1121 2715 turpius
1131 2655 1258 2706 illudar-it.
1289 2657 1370 2717 Quia·

277 2726 388 2778 nultima
406 2726 484 2776 huius
502 2725 553 2776 adi.
567 2725 647 2776 modo
660 2725 749 2776 brevis
765 2728 806 2778 est
842 2723 878 2774 til.
893 2725 937 2786 ta,
957 2725 1002 2787 lli,
1021 2728 1065 2777 ts:
1094 2730 1123 2778 vr
1140 2729 1201 2780 icccc
1218 2731 1296 2782 tincta
1310 2732 1369 2794 (trec

279 2801 371 2868 (Epcd.
385 2801 431 2860 46,
445 2800 490 2850 59:
517 2800 632 2850 Nccltuc
644 2801 803 2852 Sidcnitcet.
841 2799 908 2848 citra
926 2813 1056 2863 purpuras
1078 2802 1143 2866 (sine
1165 2805 1274 2856 muricis
1293 2807 1368 2869 succ)

277 2876 349 2938 virg.
358 2877 425 2925 Aen.
438 2873 469 2934 l,
488 2873 552 2924 tls:
571 2876 676 2926 Sidonio
688 2875 806 2926 vicardo
838 2873 938 2935 piceae
956 2880 984 2925 ct
999 2876 1021 2926 st
1038 2877 1172 2928 cordukris
1190 2879 1369 2940 Tyricclccci·

277 2950 386 3012 recelli.)
405 2948 478 2998 etin
503 2962 598 3000 versus
623 2950 696 3000 initio
721 2951 803 3014 (virg.
842 2961 900 3007 nce,
921 2956 1052 3011 conspectu
1067 2951 1177 3002 melinis
1187 2953 1323 3018 cernetur,
1340 2961 1370 3006 ut

278 3023 431 3084 Aeu.l,75:
448 3022 728 3086 Sidoniasquccstentct
738 3037 803 3085 cpcs.
843 3023 945 3072 Ovidius
970 3025 1015 3074 cit.
1039 3051 1067 3060 —
1087 3027 1222 3088 propiusve
1246 3030 1368 3095 nccdtdllt]

278 3099 340 3150 tsi:
358 3097 671 3159 stcmtcm-cttcmpctcm.
686 3097 745 3148 683:
767 3097 807 3148 Si·
843 3097 965 3147 «intimos
982 3099 1063 3148 animi
1085 3113 1181 3152 sensus
1198 3105 1283 3167 magis
1304 3118 1368 3169 per-

278 3171 492 3236 dcntcclpatresl.
512 3173 541 3233 5,
560 3172 624 3222 57⁴:
651 3171 754 3222 Sidcntc
771 3175 806 3221 ert
841 3168 966 3222 cellans.»

277 3245 498 3308 incestuosoque),
518 3245 599 3296 mcdo
616 3244 708 3310 longa,
732 3247 761 3295 ut
778 3247 804 3296 in
874 3244 1063 3309 tc-asxcccm
1078 3251 1197 3314 rescat]
1215 3253 1271 3304 iam
1288 3267 1369 3306 enar-

278 3321 426 3372 hexametri
443 3318 575 3370 clausula:
602 3320 708 3372 Sidonia
727 3321 802 3370 Dldc.
840 3321 883 3369 rat
910 3320 1079 3373 incommoda
1106 3327 1133 3374 et
1157 3325 1269 3390 damna,
1298 3342 1367 3393 quae

279 3396 357 3458 (virg.
370 3397 436 3446 Aen.
450 3396 460 3444 l
472 3433 478 3455 ,
491 3393 549 3446 tto.
562 3395 619 3444 643.
638 3397 665 3450 9.
684 3395 742 3446 266.
762 3395 803 3456 ll,
841 3396 915 3446 nasci
932 3394 1036 3446 soleant
1053 3411 1086 3448 ex
1106 3397 1177 3451 falsis
1194 3400 1368 3455 multitudinis

278 3469 329 3532 il.)
344 3497 371 3506 -
384 3469 555 3519 contendere-
567 3497 582 3507 -
593 3469 669 3533 cctrc]
689 3469 803 3529 dativus;
840 3469 945 3520 iudiciis
963 3469 997 3520 dc
1016 3472 1060 3534 iis,
1080 3486 1196 3539 quaere
1214 3488 1278 3526 vera
1297 3477 1368 3530 bcna

279 3545 419 3594 acccurate
440 3555 598 3608 comparere
621 3557 683 3594 curn
703 3556 805 3608 purpu-
841 3547 887 3594 aut
908 3543 977 3594 mala
1000 3549 1070 3596 sunt.
1105 3550 1261 3600 attaminem
1277 3550 1369 3616 volga-

278 3629 334 3666 re.»
360 3618 402 3667 Sic
419 3616 532 3668 Lucilius
545 3617 574 3678 l,
593 3619 608 3667 6
628 3618 679 3680 (ed.
694 3616 762 3668 Geri.
776 3630 802 3681 p.
841 3631 900 3669 rem
923 3617 957 3668 de
978 3631 1028 3670 suo
1048 3623 1117 3673 statu
1135 3623 1261 3674 deliciunt
1285 3625 1369 3677 lcrtu-

278 3690 341 3753 23.):
358 3692 470 3742 Huncine
483 3705 528 3756 epo
544 3692 805 3756 uccncmiivccinttc
841 3705 892 3742 nae
909 3692 1113 3748 vicissitudines.
1144 3698 1272 3758 Quocirca
1289 3703 1317 3751 tu
1332 3699 1368 3752 nil

278 3766 412 3828 hominen,
429 3767 626 3828 ccrttntpctentts
635 3767 806 3817 Deltcilsccn·
841 3765 987 3830 admirare,
1006 3783 1054 3833 ne,
1072 3771 1118 3821 uhi
1136 3772 1182 3824 tibi
1198 3772 1301 3826 honum
1319 3788 1368 3826 ex-

278 3839 362 3890 tendi?
382 3868 408 3876 -
427 3841 539 3904 cottidie]
559 3840 668 3892 «scssers
685 3837 805 3906 (Kenner)
841 3845 947 3894 ternum
965 3845 1089 3909 eripitur,
1117 3847 1250 3900 infelicem
1275 3853 1301 3901 tc
1327 3851 1368 3901 ia-

279 3913 304 3962 in
330 3913 514 3976 distinguenda
540 3927 658 3979 purpura
683 3916 802 3978 sincera,
840 3920 913 3968 ctum
931 3917 1030 3970 doleas.
1061 3923 1270 3986 Fugehoncres,
1289 3937 1366 3990 opes,

279 3999 348 4050 quae
370 4001 403 4038 ex
425 3989 556 4040 Phoenice
574 3990 744 4052 importatur,
768 3990 802 4041 ab
839 3994 997 4058 potentiam:
1023 3995 1104 4048 beato
1126 3997 1188 4049 licet
1209 4013 1269 4050 esse
1287 4002 1367 4054 eliam

279 4060 438 4123 adulterino,
465 4063 601 4126 quemad
627 4060 693 4114 illius
716 4065 803 4114 imita·
838 4069 964 4132 pauperi,
991 4072 1013 4121 ei
1034 4070 1102 4122 liber
1124 4076 1165 4124 est
1183 4087 1198 4122 a
1216 4075 1368 4139 cupiditati·

279 4137 379 4186 tionem
401 4139 545 4200 Aquinates
569 4139 596 4187 in
619 4151 682 4202 agre
707 4136 803 4190 Volsco
839 4141 903 4203 bus,
922 4146 1033 4208 propter
1049 4159 1116 4210 quus
1133 4147 1258 4210 permulti
1276 4150 1367 4200 hcmi·

280 4211 341 4261 lucc
365 4212 480 4275 tingunt,
510 4214 540 4264 ut
566 4213 702 4277 imperitos
728 4212 803 4264 deci·
839 4229 904 4266 num
916 4216 1027 4270 divitum
1038 4233 1070 4270 ac
1081 4221 1231 4285 potentium
1247 4223 1366 4275 favorem

279 4285 378 4351 piant.»
407 4286 555 4347 cisum,
573 4287 602 4348 7,
622 4289 683 4338 llll:
703 4287 804 4340 Subtilis
839 4289 942 4342 ambire
960 4290 1028 4344 soliti
1046 4297 1139 4352 sunu»
1158 4295 1230 4359 quod
1241 4292 1368 4368 erupddc·
