3192 4974
626 427 685 476 nin.
704 427 723 476 l.
755 425 852 476 EPlS'l'.
870 427 913 476 lll.

582 929 848 992 mmm
875 930 958 992 m.

270 1064 328 1132 luli
351 1061 460 1140 Flore,
485 1059 605 1150 quibus
627 1072 786 1130 terrarum
808 1059 920 1128 militet
942 1061 1007 1128 oris

270 1185 423 1254 Claudius
445 1185 578 1272 Augusti
601 1184 782 1274 privignae,
806 1184 889 1251 scire
912 1182 1035 1250 laboro.

269 1307 432 1374 Thracane
454 1326 512 1372 vos
534 1305 729 1394 Hebrusque
751 1305 847 1372 nivali
869 1303 1029 1396 compede
1051 1305 1185 1381 vinctus,

260 1545 302 1594 111.
332 1539 428 1594 iulium
451 1540 570 1602 Florum,
595 1540 752 1592 familiarem
789 1541 943 1592 Weicberto
953 1540 1174 1604 rideturFiorus‚
1193 1553 1275 1605 quem
1288 1543 1317 1592 ut

227 1630 318 1678 suum,
332 1619 396 1667 tunc
408 1616 537 1680 temporis
554 1617 623 1666 inter
640 1616 751 1667 comites
789 1616 824 1665 bl.
837 1617 922 1666 Porcii
942 1617 1063 1667 Latronis
1084 1615 1235 1667 auditorem
1256 1629 1316 1666 me-

227 1691 322 1742 Tiben'i
349 1691 461 1742 Neronis
488 1704 513 1740 a.
536 1703 563 1740 u.
589 1704 614 1741 c.
637 1690 694 1742 iai.
725 1691 751 1740 in
789 1692 877 1740 morat
907 1692 1009 1741 Seneca
1042 1691 1167 1742 Contu-ov.
1195 1690 1224 1752 l,
1256 1692 1314 1750 aa,

226 1767 361 1818 Orientem
377 1765 412 1816 ab
432 1766 551 1829 Augusto
573 1765 660 1824 missi,
688 1777 752 1829 per·
790 1777 926 1828 quemque
951 1767 976 1815 in
1000 1764 1152 1828 eloquentia
1174 1764 1316 1817 Galliarum

227 1843 359 1901 coutetur,
373 1839 439 1904 quid
450 1837 585 1900 Tiberius,
599 1839 665 1902 qaid
676 1852 752 1890 com·
788 1839 940 1904 principem
951 1842 1031 1891 vocet
1043 1838 1148 1899 Quintil.
1162 1841 1207 1902 io,
1221 1840 1248 1902 3,
1263 1841 1315 1901 aa,

227 1927 323 1965 munes
340 1914 432 1974 amici,
458 1912 522 1977 quid
544 1913 603 1979 ipse
621 1915 682 1976 agat
698 1913 751 1978 (vv.
790 1913 1018 1964 exstimulatorem
1041 1915 1204 1965 acerrimum
1226 1913 1317 1965 rebel-

227 1989 324 2052 l-2t.i,
348 1987 383 2038 ad
400 1989 545 2052 sapientiae
562 1988 681 2039 studium
704 2003 752 2039 ex·
789 1987 865 2039 lionis
883 1989 953 2040 inter
969 1991 1100 2040 Treveros
1119 1989 1152 2052 (a.
1165 2002 1192 2039 u.
1208 2003 1232 2040 c.
1246 1987 1315 2050 774.)

226 2064 289 2114 citat
311 2063 362 2126 (vv.
381 2063 511 2125 25-30.),
538 2064 706 2127 postremum
722 2067 752 2114 ut
789 2063 851 2114 Tac.
869 2063 936 2114 dnn.
955 2063 985 2124 3,
1007 2062 1049 2114 to.
1080 2063 1128 2126 (De
1151 2063 1203 2114 boc
1224 2065 1316 2114 tamen

227 2153 290 2191 cum
307 2140 437 2200 munaus,
456 2141 593 2190 communi
605 2139 706 2202 amico,
724 2141 751 2191 in
790 2135 912 2186 dubitare
923 2135 999 2188 iicet:
1018 2138 1163 2188 tuncenim
1175 2138 1317 2188 minimum

226 2215 338 2278 gratiam
365 2212 475 2274 redeat,
505 2214 591 2264 amice
619 2213 749 2264 hortatur.
788 2213 862 2263 va.
876 2225 961 2265 annos
978 2213 1055 2263 natus
1072 2211 1178 2274 luisset,
1197 2225 1251 2277 qua
1268 2225 1316 2262 ae-

227 2290 276 2352 (vv.
290 2287 388 2350 att-as.)
415 2289 489 2338 zanc.
514 2287 609 2340 «lubus
627 2287 718 2340 Florus
736 2303 751 2340 e
790 2288 843 2337 tate
866 2289 920 2338 mm
938 2287 1049 2339 audacia
1066 2286 1175 2338 consdia
1192 2287 1317 2339 homines

226 2362 363 2427 provincia
374 2361 480 2412 videtur
497 2361 594 2424 inisse;
613 2376 677 2414 nam
687 2364 754 2414 Cae·
789 2361 862 2411 hand
882 2361 959 2413 iaciie
977 2375 1074 2426 capere
1093 2364 1121 2412 et
1137 2362 1249 2424 exsequi
1269 2375 1317 2412 so·

226 2437 293 2487 saris
305 2435 441 2488 dictatoris
457 2436 591 2487 beneficio
602 2435 678 2488 multi
688 2450 753 2502 pro·
789 2436 862 2499 lent.)
893 2438 991 2489 Contra
1003 2437 1146 2488 somniavit
1162 2436 1258 2486 Titzius
1270 2437 1316 2499 qui

225 2509 376 2562 rincinlium
393 2512 434 2561 ius
447 2511 559 2561 civitatis
571 2510 675 2576 adepti,
693 2524 754 2576 pro·
790 2511 896 2562 Florum
912 2513 1068 2564 historicum
1085 2511 1179 2562 habuit
1195 2524 1244 2575 pro
1263 2511 1316 2560 boc

225 2587 318 2650 pterea
335 2585 362 2635 in
380 2598 478 2635 nomen
496 2585 582 2648 gentis
602 2585 684 2636 iuliae
703 2598 753 2636 ve·
790 2585 855 2637 iulio
875 2585 961 2638 Floro.
991 2588 1029 2638 Ex
1051 2587 1082 2636 iis
1103 2587 1195 2650 utique
1216 2586 1317 2636 Horatii

227 2653 319 2709 ne're.»
348 2660 425 2709 Tora.
445 2659 518 2709 uFuit
528 2660 674 2710 Satirarum
685 2661 753 2711 scri-
790 2659 962 2711 familiaribus
974 2661 1033 2722 luit,
1052 2673 1121 2725 qnos
1133 2659 1168 2712 ob
1180 2662 1317 2724 ingenium

226 2737 300 2800 pter,
320 2735 394 2784 cuius
412 2735 475 2784 sunt
491 2733 593 2785 electae
609 2748 641 2784 ex
658 2735 751 2795 Ennio,
790 2736 871 2798 atque
897 2735 983 2787 studia
1012 2737 1115 2800 poetica
1143 2736 1215 2786 band
1241 2737 1317 2800 parvi

225 2807 340 2870 Lucilio,
368 2809 514 2859 Varrone.»
551 2810 645 2859 Poura.
683 2810 752 2858 Sane
790 2810 952 2860 aestimaret.
983 2809 1037 2860 Cir.
1056 2810 1122 2873 Epp.
1140 2810 1169 2869 3,
1187 2811 1212 2859 3.
1231 2821 1316 2872 prope

226 2883 291 2945 boc,
311 2882 384 2947 quod
401 2881 482 2933 tradit
501 2883 662 2948 Porphyrio,
680 2883 753 2932 veri·
791 2883 921 2934 decennio
949 2887 1010 2948 post
1037 2884 1107 2936 hanc
1135 2883 1170 2933 ad
1198 2883 1317 2936 eundem

227 2961 287 3010 tatis
304 2957 478 3023 speciemve}
496 2957 558 3008 ideo
569 2957 661 3020 hahet,
680 2956 753 3020 quod
791 2959 911 3010 missam.

225 3035 271 3084 vix
295 3046 414 3098 unquam
440 3045 456 3082 a
481 3045 618 3096 quoquam
638 3031 753 3096 confingi
823 3035 874 3084 3-6.
894 3033 1020 3096 madia]
1034 3035 1168 3096 aegistus
1180 3034 1315 3086 Tiberium

226 3109 340 3172 poterat.
379 3106 456 3157 Haud
481 3106 694 3172 improbabiliter
718 3107 752 3156 de
791 3120 816 3158 a.
833 3121 860 3157 u.
878 3120 902 3158 c.
920 3107 977 3159 tet.
995 3109 1022 3159 in
1039 3108 1174 3159 Orientem
1196 3111 1313 3170 miserat,

227 3181 303 3232 floro
320 3181 464 3246 disputavit
484 3183 655 3234 Weicbertus
678 3183 752 3234 Poet.
791 3183 821 3230 ut
843 3182 984 3245 Tigranem
1001 3183 1027 3232 in
1044 3183 1185 3234 Armeniae
1203 3196 1316 3246 regnum

227 3257 282 3308 Lat.
294 3271 323 3320 p.
335 3256 384 3307 366
395 3269 464 3320 seq,
482 3255 554 3306 unde
565 3269 643 3321 seqq.
657 3269 753 3308 excer-
792 3257 816 3306 ei
828 3256 921 3308 datum
933 3256 1088 3308 deduceret.
1106 3255 1197 3308 Vellei.
1211 3258 1314 3308 Patere.

227 3331 345 3396 psimus:
365 3331 428 3406 «lta,
436 3329 598 3383 scholiastae
614 3331 699 3382 verba
715 3333 755 3382 in·
791 3332 821 3392 3,
840 3330 880 3383 al.
896 3358 923 3368 -
936 3331 1041 3396 depasti
1054 3331 1197 3394 maimo]
1214 3333 1257 3383 Sic
1269 3332 1315 3382 ho-

227 3404 368 3468 telligenda
381 3417 443 3456 esse
459 3407 537 3470 puio,
556 3407 586 3456 ut
602 3405 709 3457 Florum
720 3421 753 3457 ex
791 3406 864 3458 noris
881 3418 1043 3458 causacum
1062 3403 1188 3470 appellat,
1216 3406 1315 3471 quippe

226 3481 319 3542 Ennio,
331 3479 429 3530 Lucilio
438 3483 464 3530 et
471 3480 602 3544 Varrone,
612 3494 681 3546 quos
691 3495 754 3533 con·
792 3481 837 3543 qui
854 3482 911 3532 sine
929 3480 1011 3532 dubio
1028 3480 1098 3531 hanc
1115 3479 1259 3546 Epistolam
1275 3480 1316 3531 le-

227 3555 279 3606 stat
288 3555 428 3618 scripsisse
437 3555 547 3616 Satires,
558 3557 753 3619 praestantiora
791 3558 882 3606 cturus
901 3557 982 3606 esset.
1012 3553 1153 3606 Florebant
1170 3557 1315 3607 etiamtunc

227 3629 347 3680 carmina
359 3627 472 3696 elegisse
485 3643 571 3694 eaque
583 3629 696 3683 tortasse
708 3645 755 3682 an·
792 3633 821 3682 C.
835 3632 863 3681 et
879 3632 907 3681 Ι..
921 3632 1066 3692 Caesares,
1084 3631 1214 3696 Agrippae
1227 3643 1260 3680 ex
1271 3632 1316 3680 ln-

227 3703 356 3767 tiquitatis
380 3703 468 3771 ¹rigore
494 3703 674 3770 sordibusque
692 3704 754 3756 abs-
791 3704 825 3755 lia
846 3703 904 3766 iiiii,
928 3706 1038 3768 Augusti
1058 3705 1182 3768 nepotes,
1207 3703 1241 3753 ab
1264 3704 1317 3754 boc

227 3778 305 3828 tersis
329 3779 356 3828 et
384 3780 568 3830 emendatiora
593 3785 620 3830 et
645 3778 754 3844 elegan—
792 3779 922 3843 adoptati,
950 3777 1086 3829 Tiberium
1110 3778 1248 3842 adoptavit
1266 3779 1316 3829 de-

228 3853 294 3903 tiora
320 3852 436 3904 edidisse
462 3855 611 3906 statuamus
634 3855 691 3917 (vel
712 3854 754 3905 di·
792 3867 867 3904 mum
884 3867 908 3903 a.
922 3854 979 3904 757.
1011 3852 1049 3902 Cl.
1069 3854 1129 3902 Tac.
1143 3856 1210 3903 Anu.
1225 3853 1255 3916 6,
1273 3855 1315 3904 di.

228 3939 288 3977 cam
311 3928 400 3992 potius
425 3928 452 3978 in
473 3942 506 3978 eo
530 3927 696 3990 elaborasse,
724 3932 755 3981 at
794 3925 1146 3990 -scireiabornjaliquanto
1159 3925 1220 3991 plus
1234 3941 1316 3992 quam

228 3999 332 4052 iliorum
355 4003 453 4054 satiras
470 4005 589 4055 sermoni
611 4005 753 4069 captuique
792 4003 916 4067 «capion
930 4014 1108 4065 «magnopere
1119 4001 1241 4052 studeo.»
1259 4005 1313 4055 Sat.

227 4075 381 4141 aequalium
401 4091 512 4129 suorum
534 4080 618 4143 magis
642 4079 756 4143 adapta·
791 4080 822 4140 2,
841 4077 870 4140 8,
891 4076 935 4126 ⁴9:
957 4090 1028 4127 nosse
1044 4075 1139 4126 laboro.
1162 4103 1189 4114 -
1209 4078 1314 4143 muco]

228 4153 286 4215 ret).
326 4153 394 4202 ilinc
417 4153 495 4216 igitur
519 4153 631 4205 tortasse
655 4154 754 4205 iactum
791 4153 876 4203 torma
890 4151 1007 4215 poetica,
1028 4149 1137 4222 Θρᾴκη,
1151 4151 1231 4204 etiam
1243 4153 1316 4217 apud
1349 4172 1353 4181 ·

228 4229 270 4277 est
286 4230 316 4278 ut
337 4225 428 4278 florus
450 4229 507 4293 ipse
525 4229 670 4280 Satirarum
687 4229 755 4280 scri·
792 4228 862 4290 Virg.
884 4229 948 4276 Aen.
971 4227 1014 4286 43,
1034 4225 1091 4276 336.
1121 4227 1199 4278 Teste
1225 4229 1316 4278 autem

227 4303 289 4366 ptor
316 4299 521 4367 appellaretur.»
561 4303 636 4354 idem
664 4305 753 4355 autem
792 4301 916 4353 suetonio
928 4299 1035 4352 Tibii.
1055 4301 1176 4354 Tiberius
1187 4303 1256 4354 banc
1268 4316 1316 4352 ea-
