3130 4966
595 433 654 484 tin.
674 433 694 482 1.
729 433 799 484 SAT.
819 436 838 483 l.

221 589 295 654 Tam
316 586 441 654 facilem
463 587 563 666 dicat,
586 589 670 656 votis
691 599 727 656 ut
750 589 907 679 praebeat
928 592 1065 658 aurem?

218 712 419 777 Praeterea.
443 762 449 776 .
474 761 481 776 .
504 712 551 778 Ne
573 712 635 788 sic,
660 713 772 799 utqui
796 712 964 790 iocularia,
989 713 1100 782 ridens

217 834 424 912 Percurram;
446 869 489 882 —
511 853 709 922 quamquam
732 833 890 902 ridentem
915 834 1027 902 dicere
1049 857 1164 904 verum

216 954 301 1034 Quid
322 955 429 1022 vetat?
450 963 487 1021 ut
507 955 619 1042 pueris
641 955 718 1022 olim
739 955 817 1024 dant
838 956 984 1024 crustula
1005 955 1116 1024 blandi
1222 960 1263 1026 25

217 1077 391 1153 Doctores,
415 1076 572 1144 elementa
593 1076 693 1146 velint
715 1089 750 1144 ut
772 1078 901 1146 discere
923 1083 1043 1167 prima;
1065 1117 1108 1130 -

216 1197 282 1266 Sed
304 1208 411 1265 tamen
433 1209 540 1265 amoto
562 1219 759 1286 quaeramus
782 1200 868 1268 seria
889 1200 976 1268 ludo.

237 1418 278 1468 23.
307 1419 453 1480 Prasmon,
471 1420 501 1468 ut
516 1417 810 1480 volebat-nonninus,
829 1419 882 1470 duo
901 1419 985 1470 Codd.
1004 1419 1117 1472 vindob.
1138 1449 1165 1457 —
1184 1435 1228 1472 nec

204 1493 240 1542 ric
256 1493 397 1544 Pottierius
415 1506 430 1544 e
448 1493 564 1557 quinque
582 1506 693 1545 suorum
710 1494 794 1545 Codd.
810 1523 836 1532 —
856 1497 897 1546 tt.
916 1497 1008 1548 omero
1026 1497 1080 1561 (sic)
1099 1498 1126 1548 B.

172 1689 270 1740 modus
298 1691 471 1740 Lucretianus
504 1688 698 1740 continuandae
735 1691 878 1741 discendum
900 1692 1023 1756 insontior
1038 1693 1125 1756 pratia
1141 1693 1262 1744 morsos

172 1765 285 1814 orationi
303 1764 460 1814 inserviens.
480 1765 508 1814 ln
520 1763 645 1814 omnibus
656 1765 698 1814 his
735 1765 812 1816 etiam
827 1767 971 1818 litteram
985 1769 1083 1831 {aanor
1093 1769 1120 1816 tn
1132 1768 1215 1818 limem
1225 1769 1262 1832 os-

171 1840 357 1905 quotidianum
363 1853 519 1894 sermonem
527 1841 632 1904 egregie
640 1840 699 1890 iml-
734 1841 803 1903 serre
817 1841 856 1892 ost
872 1842 966 1903 oraio
976 1843 1061 1905 atiud,
1080 1855 1129 1904 quo
1139 1844 1222 1908 mopir
1233 1844 1263 1892 it·

171 1918 254 1976 tatur,
273 1915 325 1965 hoc
341 1914 447 1966 dicens:
470 1914 552 1974 «Sed,
569 1915 620 1964 etsi
638 1926 699 1978 per·
735 1915 965 1979 lampredam,
977 1917 1183 1979 iaomirtpotcst,
1196 1919 1263 1979 qood

171 2003 233 2053 gere
257 1991 285 2040 in
308 1989 406 2039 eodem
428 1989 696 2052 argumentorum,
735 1994 860 2052 tractore,
885 1990 990 2052 intueri,
1016 1991 1148 2042 nominare
1170 1992 1261 2042 iacun-

171 2065 223 2114 iam
234 2065 307 2114 serio
319 2063 421 2127 loquar,
440 2077 474 2113 ne
487 2065 577 2114 cetera
589 2075 697 2127 quoque
735 2067 794 2114 dien
805 2066 844 2116 sit.
865 2065 1043 2129 Hieronymus
1055 2066 1136 2130 Epist.
1145 2067 1181 2116 ad
1193 2069 1262 2118 Gau-

170 2139 262 2190 ridens
272 2151 431 2204 percurram
443 2138 617 2202 (iocabundus
632 2137 698 2188 levi-
735 2141 855 2192 dentium
884 2141 918 2192 de
951 2140 1089 2193 Pacatulae
1115 2141 1259 2196 infantulae

170 2220 211 2266 ter
232 2214 425 2279 pertractem),
450 2218 479 2264 ut
504 2215 547 2276 ιμ’
572 2213 698 2264 locutorio
735 2217 1261 2280 educatione:luterimll’acatuiaimodo

169 2291 317 2354 percurrit,
341 2289 367 2339 id
385 2291 441 2348 est,
459 2291 489 2338 ut
505 2287 592 2340 solent
608 2289 697 2338 arcta-
733 2294 876 2344 tittsromm
891 2292 1012 2343 stsmmto
1027 2297 1173 2356 commerui,
1200 2293 1259 2342 ion-

169 2364 220 2428 iogi
239 2377 333 2416 coram
350 2361 420 2426 voigi
436 2362 542 2414 circulis
559 2364 585 2413 in
602 2361 696 2428 plateis
732 2373 777 2430 pat
793 2367 915 2429 muctar,
941 2368 1021 2417 discut
1038 2367 1155 2428 nomino,
1180 2365 1259 2416 uerbo

169 2453 255 2504 nugas
278 2451 340 2490 suas
362 2437 482 2502 prolerre
503 2435 546 2486 vel
568 2437 649 2487 etiam
670 2437 696 2486 in
733 2443 865 2504 emoriri,
885 2447 961 2503 atqroe
977 2447 1005 2492 ni
1020 2455 1079 2492 vocs
1095 2441 1194 2492 aaran
1210 2441 1260 2492 ista

168 2515 296 2566 Awllanis
313 2514 397 2565 mucci
416 2515 443 2564 et
459 2511 622 2562 buccones.»
647 2509 697 2562 lilii
733 2520 873 2578 metm,
882 2516 1257 2579 proponantureicrustota,

168 2592 259 2642 minus
272 2589 394 2653 apposite
406 2589 578 2639 construunt:
599 2587 697 2647 «moui
733 2595 815 2643 muna
836 2593 966 2655 praemia,
995 2598 1019 2642 ot
1044 2592 1162 2654 patronio
1185 2597 1260 2653 proto

168 2667 296 2718 iocum
311 2665 396 2715 rident
410 2663 569 2728 percurrit-u
733 2681 809 2718 suave
826 2673 872 2728 cst,
900 2669 966 2729 estod
985 2672 1075 2716 censat
1095 2667 1122 2716 ir
1141 2665 1256 2730 rioribus,

199 2742 291 2793 25-27.
318 2739 378 2790 olim
393 2738 462 2802 duat]
485 2736 586 2792 «soient
602 2738 694 2800 darem
732 2745 799 2805 quod
814 2743 1065 2806 nominassent,
1082 2741 1260 2804 condolendi·

168 2817 303 2881 lrequenti
325 2827 375 2866 usu
397 2827 423 2864 v.
442 2813 502 2864 olim
522 2814 549 2863 in
567 2811 695 2878 exemplis
733 2825 775 2868 ior
792 2819 819 2868 in
838 2819 927 2880 pupis,
952 2821 1088 2878 accepturo
1102 2817 1207 2879 [eoiret.
1228 2843 1256 2864 .-

169 2895 196 2942 et
221 2888 448 2942 similitudinibus.
492 2888 539 2938 0d.
558 2886 587 2948 l,
613 2887 641 2948 l,
668 2890 693 2938 5.
732 2893 789 2957 Soti]
807 2890 1017 2958 Hacparticula,
1037 2889 1183 2952 meulent,
1202 2904 1257 2940 noc-
1353 2887 1358 2896 '

169 2967 261 3031 15111)ιὶ
277 2967 341 3025 1⁴⁰.
360 2963 406 3016 ll:
425 2965 560 3014 mentem
571 2963 693 3014 otimcet.
731 2969 863 3040 ρένθεσιν
883 2965 1012 3018 claudens
1033 2965 1173 3016 transitum
1197 2965 1259 3016 lacit

168 3039 253 3092 Pluut.
273 3041 349 3090 Truc.
370 3040 396 3100 t,
419 3041 449 3100 t,
471 3038 516 3090 ts:
540 3039 608 3088 Nom
628 3051 696 3088 auae
732 3043 766 3094 ad
791 3043 966 3108 praecipuum
992 3053 1071 3092 suuni
1097 3039 1255 3102 consilium,

169 3115 269 3166 mnan
284 3141 299 3152 -
315 3139 332 3152 ·
343 3114 403 3176 plur
418 3118 453 3164 est
467 3113 529 3178 sors,
548 3115 695 3174 puomolim
732 3118 805 3182 quod
827 3118 878 3167 hoc
902 3117 957 3168 est:
987 3115 1107 3174 «Quodsi
1130 3114 1258 3166 ridiculae

168 3194 346 3252 murmuret,
372 3203 430 3240 ciria
453 3190 549 3240 cultim
572 3190 693 3240 macine.
732 3193 871 3244 dumtaxat
881 3193 945 3242 sunt
953 3201 1038 3240 vanae
1051 3187 1110 3238 illae
1123 3190 1259 3251 querimo-

169 3267 210 3316 Sic
236 3267 319 3316 etiam
343 3266 471 3327 quondum
499 3267 642 3328 usurpatur
667 3266 694 3316 in
732 3269 791 3319 niae
813 3265 939 3328 militum,
967 3265 1108 3314 nautarum
1129 3263 1193 3330 pet,
1211 3265 1257 3326 qui

169 3339 424 3406 comparationibus.
459 3339 534 3390 ovid.
548 3341 654 3391 Metam.
668 3341 693 3402 8,
732 3347 822 3395 tamen
839 3341 1024 3393 condicionem
1041 3350 1128 3398 suam,
1152 3337 1186 3387 de
1204 3351 1257 3401 qua

169 3417 227 3467 ⁴9⁴:
240 3417 283 3466 Sic
293 3415 636 3478 neccommittam
645 3415 696 3464 dla-
732 3421 870 3482 tantopere
895 3415 1089 3472 lamentantur,
1119 3424 1182 3462 cum
1207 3411 1256 3462 alia

166 3491 274 3554 poribus
292 3491 418 3552 paulatim
434 3491 515 3554 serpit
532 3491 626 3540 averia
653 3490 692 3542 Cl.
731 3495 885 3558 permutare
898 3501 1036 3554 uunquam
1047 3488 1167 3540 animum
1179 3486 1258 3538 indu-

169 3568 250 3616 Bach.
265 3565 300 3616 ad
316 3567 422 3616 Metam.
441 3567 470 3628 9,
490 3565 546 3616 tro.
565 3591 593 3602 -
606 3567 697 3618 Docto-
731 3569 807 3629 cunt,
829 3565 906 3629 longe
924 3567 1010 3616 maior
1026 3565 1108 3614 etiam
1124 3563 1151 3612 in
1168 3561 1257 3612 homi-

168 3641 216 3706 m]
235 3641 475 3711 ιγραμματισταί,
494 3641 539 3704 qui
551 3640 695 3702 primulii·
732 3641 811 3692 nibus
828 3641 885 3694 istis
902 3640 1066 3704 perversitas
1083 3638 1151 3686 haec
1168 3639 1258 3687 cerni·

170 3721 288 3767 teramm
320 3715 441 3766 mio
469 3717 614 3780 (στοιχεῖα
645 3718 695 3768 καὶ
731 3718 811 3778 nitur,
830 3715 902 3779 quod
919 3713 998 3766 simul
1014 3710 1184 3774 βαναύσους
1195 3711 1255 3772 hos,

168 3789 336 3864 γράμματα)
344 3803 444 3856 pueros
456 3791 564 3852 docent,
572 3793 695 3854 mortun,
731 3792 797 3842 dum
808 3789 859 3842 sibi
870 3790 1021 3853 ceterisque
1035 3786 1200 3852 persuadere
1213 3800 1258 3836 co·

169 3862 374 3932 (paternitatem,
391 3865 487 3916 medua
502 3865 695 3931 duldotolpu-
732 3869 836 3928 nantur,
855 3864 920 3917 nihil
933 3862 1006 3915 aliud
1022 3862 1074 3916 sibi
1090 3862 1257 3927 propositum

169 3941 220 3992 leio
237 3943 300 3993 liet.
319 3941 349 4004 l,
374 3943 426 4002 ti,
445 3939 570 4002 bellaria,
596 3941 695 3991 Siirs-
731 3955 801 4001 esse,
815 3941 864 3992 nisi
876 3943 906 3991 ut
916 3951 996 3991 senes
1006 3938 1068 3990 iacti
1078 3938 1194 3989 honesto
1203 3939 1257 3988 otio

169 4019 254 4069 tirod
269 4016 358 4081 well.)
376 4015 510 4067 interdum
528 4016 560 4066 iis
575 4015 648 4078 dant,
666 4020 696 4068 ut
731 4017 831 4081 perfrui
842 4016 954 4079 possint,
972 4025 1069 4078 reapse
1081 4013 1257 4064 tameninsa-

169 4091 294 4143 libentius
320 4093 449 4144 discant.»
482 4093 522 4142 De
548 4091 590 4142 his
614 4094 694 4156 atque
732 4091 827 4143 tiabilis
851 4089 917 4140 lucri
939 4089 1070 4155 cupiditas
1088 4091 1256 4140 manavereos

169 4164 299 4219 similibus
322 4167 501 4219 incitamentis
523 4167 592 4217 coni.
613 4169 695 4227 Quin·
731 4169 785 4230 ogit
801 4168 829 4216 et
839 4178 925 4229 usqne
937 4165 971 4214 ad
986 4166 1072 4229 ipsam
1084 4165 1201 4216 mortem
1213 4175 1258 4213 ex-

170 4241 206 4293 tii.
226 4244 252 4305 t,
272 4245 303 4306 t,
320 4243 367 4295 26:
394 4244 452 4294 Noa
470 4243 576 4294 secludo
592 4247 693 4304 oman,
731 4243 857 4293 cruciat.»
892 4243 942 4292 Pro
954 4239 1063 4304 apodosi
1075 4239 1166 4289 autem
1176 4249 1257 4302 prae-

170 4319 196 4367 id
221 4321 286 4380 qaod
309 4323 345 4369 ert
368 4323 468 4380 notun,
494 4319 636 4369 irritandae
661 4319 696 4368 cut
732 4316 885 4370 cedentium
894 4313 1258 4378 quampumn--pra'moquo-
