3130 4966
575 414 633 464 tta.
653 415 672 464 l.
707 414 774 464 SAT.
795 415 835 464 lV.

556 793 768 858 Sum
787 795 862 856 W·

208 936 341 1026 Eupolis
364 947 462 1024 atque
487 935 637 1002 Cratinus
659 934 956 1024 Aristophanesque
978 945 1094 1026 poetae

207 1063 311 1148 Atque
333 1057 403 1134 alii,
428 1077 567 1146 quorum
590 1056 761 1124 comoedia
782 1058 889 1145 prisca
910 1060 1053 1128 virorum
1075 1071 1140 1138 est,

197 1241 239 1290 tv.
264 1239 401 1302 Octoginta
424 1238 529 1288 circiter
550 1238 611 1287 ante
635 1237 691 1287 llo-
728 1239 809 1288 tivam
832 1239 989 1291 horatianae
1011 1242 1108 1292 satirae
1126 1241 1255 1308 simplici·

165 1316 261 1366 ratium
290 1315 366 1364 annis
394 1311 509 1364 Lucilius
536 1313 621 1363 veteri
655 1308 690 1360 illi
729 1317 811 1364 tatem
837 1316 864 1364 et
888 1318 991 1378 gratam
1017 1317 1150 1368 sermonis
1171 1314 1255 1381 negli-

165 1389 239 1440 Ennii
257 1390 354 1440 satir-ae
376 1387 488 1438 lormam
512 1399 622 1451 prorsus
641 1397 692 1435 no-
729 1391 843 1452 gentiam
866 1403 931 1454 prae
953 1389 994 1440 illa
1011 1392 1096 1454 magis
1113 1391 1255 1444 artificiosa

164 1477 227 1514 rem
244 1462 369 1522 dederat,
388 1473 451 1512 eum
467 1475 532 1513 suae
545 1463 638 1511 aetatis
649 1461 691 1510 vi·
729 1467 877 1516 carminum
917 1467 1119 1530 pangendomm
1152 1467 1255 1519 ratione

166 1541 218 1589 tam
244 1549 389 1600 moresque
416 1535 485 1587 salse
514 1534 689 1586 describerat.
729 1541 873 1592 lastiditam
899 1553 976 1602 esse,
1004 1540 1038 1591 ab
1064 1539 1121 1593 aliis
1146 1547 1254 1606 poetam

165 1615 257 1678 Neque
279 1610 364 1663 udum
380 1612 603 1676 impedimentum
618 1609 690 1660 diviti
729 1617 758 1666 ut
774 1616 918 1674 acerbum,
945 1614 1066 1674 lividum,
1094 1615 1255 1668 malitiosum

164 1701 250 1740 ranae
268 1691 297 1740 et
312 1685 412 1739 salibus
434 1689 492 1740 eius
515 1687 617 1746 ottectt,
640 1687 691 1736 lio·
729 1703 789 1741 esse
806 1693 996 1755 vituperatum.
1032 1692 1087 1741 lam
1101 1691 1255 1741 contrahes

164 1768 239 1816 rente
256 1761 377 1829 populari
395 1761 569 1828 reipublicae
582 1763 692 1814 statuet
728 1766 850 1816 sinistros
868 1778 991 1816 rumores
1009 1767 1036 1816 et
1056 1779 1137 1829 prave
1157 1765 1254 1816 iudicia

164 1852 270 1890 sumnm
296 1837 423 1902 loquendi
447 1836 637 1901 scribendique
658 1835 691 1887 li·
727 1843 758 1890 ut
784 1853 814 1891 se
843 1839 1017 1900 detenderet,
1047 1840 1117 1890 hano
1145 1841 1255 1892 satiram

164 1914 268 1966 bertatc
292 1926 431 1964 concessa.
466 1915 521 1964 Etsi
544 1913 623 1977 igitur
641 1925 692 1962 an·
729 1915 894 1980 conscripsit.
931 1915 1041 1979 (Scripta
1063 1915 1168 1965 videtur
1189 1915 1256 1966 We·

164 1991 253 2052 tiquae
270 1988 428 2039 comoediae
448 1990 550 2040 Atticae
567 1991 690 2038 auctores
728 1987 795 2040 bero
807 2003 830 2039 a.
844 1989 912 2048 tta..
931 1989 1043 2040 Franlrio
1058 2002 1110 2039 non
1125 1990 1160 2038 ita
1172 1988 1256 2040 molto

164 2062 312 2114 aemulatus
341 2065 440 2114 nemini
468 2077 502 2114 ne
525 2063 691 2127 principibus
728 2065 790 2129 post
814 2064 919 2114 tertiam
944 2077 968 2113 a.
992 2064 1062 2124 rte,
1086 2063 1255 2114 Grotelendlo

164 2139 273 2202 qxridern
296 2139 445 2189 incivitate
462 2139 525 2189 viris
547 2138 689 2202 parcebat,
729 2153 752 2190 a.
777 2139 846 2196 tta..
870 2137 1016 2188 Kirchnero
1039 2151 1064 2189 a.
1089 2139 1157 2201 722,
1182 2136 1256 2189 Wal-

165 2217 253 2265 tamen
272 2227 360 2276 neque
375 2214 444 2278 apud
464 2215 536 2264 cives
548 2223 612 2264 suos
623 2214 691 2263 invi-
729 2215 870 2265 okenaerio
888 2225 912 2262 a.
931 2212 1000 2274 rat.)

164 2287 234 2339 diam
256 2288 307 2338 sibi
324 2287 463 2347 conllavit,
491 2299 541 2336 neo
563 2285 690 2338 nobilium
762 2289 816 2338 t-s.
836 2287 938 2350 Eupolis
955 2285 1018 2351 cet]
1035 2285 1140 2347 Quintil.
1161 2287 1205 2348 lt),
1225 2289 1254 2348 t,

164 2364 311 2414 amicorum
334 2363 446 2425 gratiam
469 2361 593 2426 perdidit.
626 2362 689 2425 (Cir.
728 2363 774 2414 stt:
801 2362 913 2423 Antiqua
937 2362 1255 2424 cmnosdia--tacundis-

164 2437 215 2488 Sat.
227 2439 260 2494 2,
280 2437 373 2500 hot.)
394 2439 456 2488 Post
467 2436 597 2488 Lucilium
610 2449 690 2486 nemo
727 2439 806 2488 omos
829 2437 965 2498 libertatis,
983 2463 998 2474 -
1014 2463 1029 2474 -
1045 2437 1195 2487 insectandis
1215 2437 1256 2487 oi-

164 2511 188 2561 in
205 2512 259 2562 hoc
275 2524 374 2574 genere
392 2515 453 2562 cum
473 2510 553 2561 laude
571 2509 691 2561 elabora-
728 2513 769 2563 tiis
789 2513 938 2575 mancipato.
957 2538 972 2549 -
988 2538 1003 2549 -
1019 2512 1106 2562 Plures
1128 2513 1181 2562 ιιίιι
1204 2525 1254 2562 ou-

163 2586 211 2644 vit,
234 2586 333 2636 trustra
351 2585 378 2635 id
396 2589 506 2650 experto
524 2589 552 2636 P.
565 2587 690 2636 Terentio
727 2594 821 2638 utores:
846 2588 1023 2650 Aristophanes
1046 2593 1129 2637 teman
1151 2593 1175 2637 ct
1199 2589 1254 2637 Eu-

164 2660 281 2710 Varroue
299 2661 408 2711 Atacino
426 2661 487 2721 (Sat.
506 2662 535 2721 4,
559 2660 603 2720 to,
627 2659 688 2724 ld),
723 2663 789 2725 pota
807 2663 973 2724 Grotinmqus
985 2662 1140 2724 praecipui·
1159 2662 1254 2723 Quanti

164 2732 249 2784 donec
277 2735 401 2785 Horatius
430 2735 571 2785 exsisteret
604 2745 689 2784 novus
727 2737 850 2788 Horatius
876 2736 969 2787 lecerit
993 2735 1118 2800 Eupolin,
1146 2735 1254 2800 colliges

164 2809 284 2859 satiricae
307 2810 397 2873 pottsis
414 2811 522 2867 auctor,
547 2807 596 2858 sed
619 2811 690 2858 tem-
727 2825 760 2861 ex
772 2814 824 2862 Sat.
838 2813 868 2872 Ξ,
882 2811 906 2872 3,
926 2813 977 2868 ta..
996 2810 1042 2860 ubi
1059 2811 1175 2874 iungitur
1192 2823 1254 2862 cum

164 2895 228 2945 pore
256 2895 271 2932 a
298 2881 431 2933 Luciliena
460 2884 547 2932 aetate
576 2882 688 2933 multum
727 2885 847 2946 Platone,
869 2883 1208 2944 Menandro,Arehilooho.
1224 2913 1252 2922 -

164 2957 279 3008 diverso.
315 2956 421 3008 Sublata
451 2959 523 3008 enim
551 2960 609 3007 erat
637 2971 688 3008 una
722 2961 817 3024 porca]
837 2961 926 3010 critici
943 2959 1126 3021 Alexandrini,
1151 2963 1181 3009 ut
1204 2973 1254 3010 no-

164 3045 224 3083 cum
241 3034 333 3082 vetere
357 3031 515 3096 republica
538 3031 689 3083 felicissima
726 3037 783 3086 tum
805 3037 858 3094 est,
886 3035 1061 3084 distinxerant
1084 3035 1253 3086 comoediam

163 3106 204 3157 illa
221 3106 344 3167 dicendi,
363 3107 480 3166 iocandi,
499 3105 640 3158 deridendi
658 3107 689 3156 li-
726 3111 862 3173 antiquam
888 3102 1054 3178 (ἀρχαίαν),
1080 3122 1150 3172 quae
1175 3109 1255 3160 desiit

92 3229 97 3237 ,
163 3182 266 3239 hertas3
294 3180 373 3232 simul
395 3195 501 3232 morum
521 3182 689 3246 perditorum
726 3187 752 3234 in
769 3185 960 3248 Aristophane,
984 3182 1114 3242 mediam,
1140 3197 1251 3246 noram,

163 3258 245 3321 pestis
263 3259 291 3307 et
308 3258 395 3308 omnis
412 3257 517 3320 generis
534 3257 610 3317 vitia,
635 3258 688 3306 iam
726 3261 801 3310 ouius
815 3259 950 3323 praecipui
962 3259 1086 3308 auctores
1096 3257 1251 3318 Menander,

162 3333 235 3395 prius
263 3329 332 3381 illata
358 3345 407 3395 per
431 3329 499 3382 helle
526 3329 622 3390 civilia,
653 3331 688 3380 lta
724 3333 859 3398 Diphilus,
879 3331 1011 3394 Philemo,
1030 3331 1118 3383 Alexis
1135 3335 1187 3382 cet.
1201 3333 1253 3383 Ce-

165 3409 226 3456 tunc
243 3417 353 3456 omnem
375 3407 509 3456 civitatem
531 3406 689 3470 inquinave-
726 3412 813 3460 terum
837 3408 952 3459 similem
975 3408 1172 3458 distinctionem
1190 3407 1254 3458 lecit

163 3484 235 3540 rent,
268 3484 298 3531 ut
325 3493 456 3545 perquam
482 3481 559 3545 pauci
586 3482 689 3545 reperi·
726 3485 778 3534 iam
803 3482 958 3534 Aristoteles
984 3483 1042 3532 Eth.
1068 3483 1124 3532 Nic.
1147 3481 1175 3542 t,
1202 3483 1251 3534 ll:

161 3559 255 3606 rentur
277 3555 312 3606 ab
336 3557 387 3605 hac
407 3555 489 3606 seculi
511 3555 571 3606 labe
589 3555 689 3605 immu·
725 3554 782 3607 ἴδοι
803 3555 826 3606 d'
844 3552 1130 3619 deargentemus
1147 3571 1251 3623 κωμῳ-

161 3645 213 3682 nes
228 3631 329 3694 quique
351 3631 420 3681 hauc
437 3631 578 3681 setimrum
596 3629 689 3680 candi-
724 3629 794 3683 διων
804 3647 862 3682 των
879 3629 1033 3682 παλαιῶν
1049 3631 1099 3681 seat
1114 3645 1171 3680 των
1182 3647 1254 3681 και-

161 3703 390 3756 damlihertatem
407 3703 686 3756 nonrelormidareut.
725 3703 806 3756 νῶν
832 3712 894 3770 τοϊς
918 3705 972 3772 μὲν
994 3702 1050 3776 γὰρ
1074 3697 1112 3772 ἦν
1136 3703 1252 3772 γελοῖον

161 3781 254 3844 Neque
272 3781 361 3830 minus
382 3781 434 3830 iem
456 3782 510 3830 tota
527 3781 615 3845 poesis
637 3781 689 3830 La-
725 3776 973 3868 ἡαίσχρολογὶα,
999 3785 1062 3844 τοῖς
1084 3779 1116 3832 dl
1139 3775 1252 3845 μᾶλλον

161 3855 231 3906 tinae
248 3855 317 3906 ratio
334 3857 392 3904 erat
417 3855 568 3915 immutata,
595 3856 688 3918 utpote
725 3849 895 3922 ἡὺπόνοια·
913 3853 1043 3942 dtacpipst
1057 3847 1126 3906 δὀὐ
1118 3851 1252 3946 μικρὸν

161 3929 186 3979 iu
211 3941 263 3994 qua
286 3929 388 3993 patrius
406 3927 479 3979 color
496 3932 524 3980 et
545 3893 687 3980 vhmacula
724 3926 816 3980 ταῦτα
845 3927 922 4002 πρὸς
953 3923 1190 3996 εὐσχημοσύνην.
1223 3957 1250 3968 -·

161 4004 323 4067 antiquitatis
354 4005 489 4055 Romanae
521 4004 625 4055 indoles
652 4005 688 4054 ita
723 4006 803 4068 Atque
813 4005 867 4071 clii]
880 4006 960 4058 veluit
972 4007 1158 4068 Pherecrates
1169 4005 1251 4069 Plato,

161 4080 328 4140 evanuisset,
356 4080 386 4128 ut
407 4079 495 4130 omnis
516 4079 574 4130 lans
593 4091 627 4129 ex
643 4091 689 4128 ar·
725 4080 838 4130 tortasse
853 4081 934 4130 etiam
951 4081 1141 4143 Epicharmus,
1160 4079 1253 4130 itidem

161 4151 271 4202 titiciosa
288 4154 453 4203 Graecorum
470 4153 615 4204 imitatione
637 4166 689 4217 pe·
727 4157 751 4204 in
780 4167 911 4206 canonem
939 4156 1061 4206 criticum
1088 4157 1189 4220 recepti
1218 4153 1252 4204 eh

162 4229 269 4278 teretur.
306 4228 364 4277 Nou
391 4228 469 4291 igitur
490 4227 588 4279 mirum
611 4228 688 4279 nohis
726 4228 917 4280 Alexandrinis.
939 4257 966 4266 -
984 4243 1092 4292 quornm
1108 4243 1130 4280 c.
1141 4244 1168 4291 p.
1181 4229 1252 4279 viro-

161 4300 244 4352 rideri
261 4300 403 4366 potesteh
422 4299 479 4354 aliis
496 4303 688 4354 euaetalena-
725 4303 956 4367 memest15at.l,
976 4303 1023 4367 40,
1043 4305 1087 4354 46;
1115 4303 1169 4366 lttt,
1187 4305 1252 4353 sar-i-
