3174 4974
616 455 675 505 444.
693 455 724 504 n,
758 453 857 506 srrsr.
876 455 895 503 1.
1240 449 1303 516 649

260 614 412 699 impetrat
433 619 466 676 et
486 629 601 697 pacem
623 617 656 676 et
676 607 870 697 locupletem
892 607 1037 697 frugibus
1059 627 1187 676 annum.

261 731 409 800 Carmine
431 730 463 796 di
485 729 596 817 superi
619 729 801 816 placantur,
825 731 966 798 carmine
989 729 1108 798 Manes.

259 851 427 940 Agricolae
448 851 555 940 prisci,
579 851 677 918 lortes
699 872 866 939 parvoque
887 852 982 928 beati,

261 973 396 1041 Condita
417 983 491 1061 post
511 973 669 1040 frumenta
691 972 835 1040 levantes
856 982 1002 1062 tempore
1024 973 1105 1040 festo
1241 973 1303 1042 tto

261 1095 386 1182 Corpus
407 1103 441 1161 et
461 1095 567 1180 ipsum
589 1095 741 1169 animum,
765 1114 824 1181 spe
846 1092 918 1160 finis
940 1093 1023 1160 dura
1043 1093 1213 1171 ferentem,

260 1216 341 1282 Cum
362 1215 459 1281 sociis
481 1235 633 1302 operum,
656 1215 767 1302 pueris
789 1225 822 1280 et
843 1216 980 1303 coniuge
1002 1213 1082 1292 fida,

261 1335 420 1403 Tellurem
441 1356 556 1424 porco,
582 1335 746 1402 Silvanum
767 1335 849 1404 laete
871 1335 1012 1424 piabant,

283 1534 340 1586 444.
360 1547 463 1596 operatae
486 1538 509 1583 et
528 1535 614 1596 444444
634 1546 661 1594 4,
685 1535 746 1584 octo
763 1535 892 1596 Pettierii,
911 1535 1018 1598 quintus
1035 1535 1170 1598 Schmidii,
1189 1537 1268 1587 icti.

253 1609 294 1671 (Ut
307 1621 365 1669 nos,
384 1607 461 1670 bsE.)
481 1635 507 1644 -
529 1608 584 1660 443.
599 1621 682 1670 porea
698 1608 818 1658 Lambini
831 1609 957 1672 suspicio,
975 1622 1056 1672 quam
1075 1609 1161 1660 ilrmet
1177 1611 1271 1660 tertius

251 1683 390 1744 Schmidii,
408 1685 511 1747 recepit
527 1684 743 1748 cuninghamius.
763 1685 802 1746 (tlt
816 1696 874 1744 nos,
893 1684 975 1734 nostri
986 1687 1012 1734 et
1024 1685 1139 1734 Pottierii
1156 1683 1269 1746 omnes.)

217 1863 263 1914 epo
277 1849 362 1909 mitto,
379 1849 446 1900 4444-
456 1849 552 1898 redimo
568 1863 654 1912 nuque
664 1863 742 1900 meos-
778 1849 867 1913 laren]
879 1849 963 1899 Varro
976 1851 1004 1900 it.
1019 1851 1047 1900 it.
1062 1851 1085 1910 4,
1100 1851 1123 1911 4,
1137 1849 1161 1900 i.
1175 1851 1304 1901 4444444444

218 1937 265 1986 pne
279 1923 362 1987 [abiu
387 1923 539 1987 iterumque
558 1925 662 1974 novies:
684 1925 741 1975 lio·
778 1925 836 1974 decr
852 1925 972 1984 invocet,
992 1925 1035 1986 qui
1050 1925 1163 1974 munieras
1178 1925 1305 1988 44444444-

217 2011 261 2048 ner
286 1999 353 2048 44444
375 1997 495 2060 paternit
527 1998 601 2048 ovid.
626 1998 694 2048 Fast.
715 1999 740 2059 t,
778 1999 920 2048 mmdecer
930 2003 995 2048 44444.
1023 1999 1147 2060 mom,
1166 2001 1304 2061 4444444444

218 2071 265 2123 449
284 2085 344 2135 sqq.
777 2073 875 2137 inactus
899 2072 1073 2134 apricuituroe
1097 2073 1166 2122 cneio
1190 2079 1214 2123 et
1234 2079 1304 2124 terro

251 2145 371 2197 439-444.
385 2145 526 2209 secono]
537 2146 592 2194 lem
601 2147 741 2208 poetarum
778 2149 911 2209 4444444444,
921 2147 1002 2196 loven
1010 2151 1034 2196 44
1046 2147 1178 2206 44444444,-
1188 2161 1305 2197 --444444-

218 2223 246 2272 44
260 2222 350 2285 poesis
371 2222 397 2270 in
415 2223 540 2272 cunctam
557 2221 692 2270 4444444444
710 2232 742 2270 ae
779 2223 811 2271 do
822 2221 938 2272 Solemet
949 2222 1060 2280 444444,-
1071 2222 1304 2272 --terttoceremn

217 2295 330 2346 oleorum
339 2293 439 2344 cultum
448 2295 550 2344 meritis
559 2293 683 2358 expositis
693 2294 744 2342 ori-
778 2296 947 2354 stlitem,
973 2321 986 2331 -
998 2321 1012 2332 -
1024 2299 1115 2356 444444
1131 2295 1252 2359 llobiprna
1273 2309 1305 2346 οο

217 2370 307 2433 ginem
323 2370 403 2431 alque
421 2369 557 2419 historiam
580 2368 670 2432 poesis
690 2368 743 2417 lto·
778 2370 896 2430 Floram
907 2369 1089 2419 --Minervam
1100 2374 1123 2418 44
1136 2370 1305 2430 Venerem·-

218 2455 313 2494 manee
335 2455 469 2506 exponere
491 2443 656 2506 aggreditur,
683 2453 742 2491 rem
778 2444 1199 2506 eynpnemmeonomsoentom.
1213 2443 1303 2495 ctrh.

217 2519 353 2570 scenicam
371 2517 538 2580 potissimum
556 2519 692 2582 spectans.
712 2543 740 2552 -
780 2520 929 2570 Mommsen
946 2518 970 2567 d.
983 2517 1111 2568 44444444.
1134 2518 1204 2568 Diei.
1218 2531 1245 2582 p.
1256 2517 1304 2568 448

216 2591 300 2656 sorim]
313 2591 363 2642 «ed
375 2589 496 2642 laborem
505 2591 584 2642 validi
593 2594 621 2642 et
629 2589 741 2642 seduli.»
778 2606 839 2656 sqq.
874 2591 1014 2656 Templum
1040 2592 1176 2642 talevat
1199 2593 1304 2643 GENE-

218 2667 310 2717 Scaon.
337 2665 379 2716 Sic
392 2667 445 2715 Sat.
462 2667 493 2726 4,
510 2666 540 2727 4,
559 2666 619 2716 tte:
638 2665 743 2728 ferten-
781 2667 864 2716 Titlcl
878 2665 995 2715 dicatum
1007 2664 1088 2717 Uebel
1106 2665 1206 2716 detexit
1222 2667 1247 2716 in
1259 2679 1306 2730 pa·

217 2741 340 2792 44444444.
367 2739 438 2802 virg.
457 2741 503 2788 Ge.
518 2739 547 2800 4,
566 2738 627 2790 iti:
646 2740 679 2789 Et
691 2751 743 2800 pc·
780 2739 881 2789 rietinis
897 2738 988 2802 oppidi
1000 2737 1104 2799 Cuicul,
1123 2739 1201 2790 hodie
1212 2740 1305 2802 439444-

217 2817 279 2866 tiens
302 2827 406 2877 opnum
422 2814 563 2876 4444444444
579 2813 684 2862 44444444
700 2813 743 2861 4ο-
779 2813 834 2872 tub,
854 2824 937 2876 prope
956 2812 1069 2872 Cirtam,
1088 2811 1169 2861 bodie
1186 2813 1306 2862 04444444-

216 2894 312 2940 444444.
327 2915 354 2924 -
374 2887 479 2938 0444444
496 2887 559 2950 cet]
584 2885 663 2936 Arist.
682 2885 741 2936 4444.
780 2888 843 2938 tina.
868 2911 896 2924 -
922 2884 1017 2948 44444]
1047 2887 1150 2936 Genera
1179 2885 1305 2936 feminine

218 2965 274 3016 Nic.
287 2963 313 3024 8,
323 2963 347 3024 9,
358 2962 387 3012 6:
407 2961 440 3012 at
449 2955 570 3031 ἀρχαῖαι
579 2960 682 3012 4444444
693 2959 744 3010 καὶ
781 2957 922 3011 0444444444
945 2957 1102 3022 Sibyllinum
1119 2958 1190 3024 apud
1206 2959 1303 3011 zosim.

219 3033 340 3088 σύνοδοι
356 3037 511 3097 edacem
527 3034 677 3104 γίγνεσθαι
691 3047 744 3099 με·
781 3036 812 3095 4,
834 3036 863 3085 6:
890 3025 965 3084 Arida
985 3032 1017 3084 ci
1037 3033 1109 3106 Γσλῃ
1127 3033 1305 3108 Πληθομένῃ

219 3107 254 3162 τὰ
277 3105 329 3172 τὰς
351 3107 408 3160 τῶν
429 3106 548 3180 καρπῶν
564 3104 744 3176 συγκομιδὰς
781 3104 882 3179 χοῖρός
897 3123 929 3160 aa
945 3109 994 3160 rani
1008 3099 1042 3171 ὗς
1054 3108 1160 3179 inpetro
1171 3108 1303 3175 μέλαινα.

219 3181 283 3236 οἷον
308 3179 455 3252 44444444·
483 3181 611 3249 μάλιστα
634 3179 691 3254 γὰρ
712 3182 744 3234 ἐν
781 3181 906 3234 Similiter
928 3186 988 3235 4444
1007 3196 1125 3235 messem
1143 3185 1249 3246 Cereri,
1275 3187 1306 3235 ut

219 3256 332 3322 τούτοις
357 3257 517 3324 ἐσχόλαζον
541 3263 603 3322 τοῖς
621 3263 741 3330 καιροῖς.
781 3261 818 3310 ait
835 3259 900 3309 Cato
911 3260 940 3309 li.
953 3260 982 3310 it.
996 3257 1069 3317 434..
1083 3260 1307 3321 pornnpraecida·

221 3364 248 3374 -
261 3349 305 3398 444
319 3335 385 3400 flata]
404 3336 558 3386 «sententie
577 3336 631 3395 est,
650 3333 745 3384 tolera-
780 3347 843 3396 nen,
852 3347 931 3397 porco
942 3333 1037 3396 senine
1048 3333 1226 3398 fierioportet.
1249 3335 1304 3386 lino

218 3409 301 3461 bilem
331 3411 387 3460 lieri
417 3408 538 3460 laborem
565 3407 665 3460 laberis
690 3408 743 3458 tine
780 3409 853 3470 ioco,
872 3409 920 3459 Od.
934 3409 958 3470 3,
972 3408 1061 3470 43,”4,,
1081 3408 1207 3460 feminino
1223 3409 1306 3460 ntitnr

219 3485 495 3548 proportionibus.
519 3511 545 3521 -
574 3485 636 3536 0444
659 3484 743 3546 444444]
781 3483 1196 3545 Horatius,ceterismasculino.
1213 3513 1241 3522 -
1254 3485 1306 3534 stt-

220 3559 343 3624 Explics:
364 3573 447 3610 «eum
459 3561 539 3610 sociis
551 3573 676 3624 eperum,
696 3559 745 3610 im-
779 3558 883 3622 onnam]
909 3560 937 3608 in
963 3559 1133 3623 inscriptione
1159 3558 1305 3609 admodum

220 3635 312 3699 primis
338 3633 429 3686 liberis
454 3635 593 3698 utriusque
614 3646 696 3686 sexus
717 3635 745 3686 et
780 3634 905 3697 suspecta
924 3633 1014 3695 (inser.
1035 3645 1072 3684 m.
1094 3633 1149 3684 Lat.
1170 3635 1200 3682 44.
1222 3631 1304 3694 titii.)

220 3709 293 3760 cesta
320 3709 458 3772 coniuge.»
487 3710 554 3760 itero
575 3711 646 3760 enim
663 3709 744 3773 prisci
781 3709 892 3780 vocetur
917 3708 969 3758 Lar
986 3709 1105 3771 44444444,
1131 3707 1158 3757 44
1179 3719 1305 3770 germana

220 3781 254 3834 illi
266 3782 397 3846 agricolae
410 3795 502 3834 servos
517 3782 691 3846 possidebant
699 3785 745 3834 aut
782 3780 828 3845 tib.
842 3781 873 3831 N.
887 3781 970 3844 4589.)
983 3781 1255 3832 Germaniarum
1264 3781 1307 3832 Pe·

220 3858 358 3921 operarios
370 3855 542 3908 adhibebant.
562 3859 641 3908 444444
654 3858 744 3908 autem
781 3856 888 3906 notiam.
918 3856 1032 3906 Omnino
1049 3853 1149 3906 cultum
1166 3855 1245 3906 huius
1262 3855 1306 3906 dei

219 3929 354 3982 Bentleius
378 3931 455 3981 eiecit
480 3936 502 3981 44
525 3933 586 3981 ente
607 3944 632 3980 v.
650 3929 743 3992 pneris,
781 3931 931 3994 priscorum
948 3928 1122 3992 agricolarum
1139 3928 1234 3993 perdiu
1251 3941 1307 3979 ser·

220 4005 293 4069 qnod
309 4005 332 4056 si
349 4004 497 4066 adsciscas,
518 4017 617 4069 pueros
635 4007 662 4055 et
678 4017 745 4056 con·
782 4007 873 4054 vetum
885 4017 945 4054 esse
958 4003 1110 4068 complures
1122 4004 1306 4068 inscriptiones

219 4079 308 4142 iugem
331 4080 413 4131 iidem
434 4079 469 4130 eb
486 4081 613 4132 444444444
631 4092 744 4142 opernm
782 4077 975 4128 demonstrant.
1003 4078 1042 4128 Cl.
1063 4077 1147 4141 Epcd.
1166 4079 1195 4138 4,
1213 4079 1255 4128 44.
1276 4105 1303 4116 -

220 4153 358 4215 excludes,
372 4155 445 4219 quod
456 4155 490 4205 de
502 4155 592 4220 pueris
603 4156 677 4204 vetat
687 4155 744 4218 ipse
778 4151 893 4216 piabant]
912 4153 979 4204 «sibi
990 4151 1117 4217 propitios
1129 4151 1304 4204 reddebant.»

222 4228 345 4280 lioratius
356 4231 408 4280 Sat.
419 4230 444 4290 4,
454 4231 479 4291 4,
491 4231 547 4280 tte.
559 4230 626 4290 tas..
639 4229 673 4280 de
684 4242 745 4280 con·
783 4228 866 4278 04444
879 4228 950 4276 enim
962 4225 1122 4278 sacrificium
1134 4231 1175 4278 est
1187 4229 1215 4278 44
1225 4228 1306 4278 enimi

220 4303 281 4364 iuge
299 4304 428 4368 imprimis
445 4305 528 4368 Epcd.
543 4305 567 4366 4,
586 4305 626 4354 39.
648 4329 674 4340 -
696 4303 746 4355 Tel·
783 4304 808 4354 in
826 4301 892 4354 deos
909 4302 975 4365 grati
994 4301 1142 4354 testificatio
1154 4305 1181 4354 et
1192 4303 1305 4367 expiatio
