3082 4968
300 469 361 534 rig
612 535 614 540 Ι
689 469 819 520 nostru
835 468 1016 519 surrannuu
1099 487 1101 492 ·

344 629 417 716 ipsc
441 625 517 692 mihi
541 637 649 694 custos
672 623 970 712 incorruptissimus
993 643 1106 689 omnes

345 751 474 818 Circum
497 746 647 815 doctores
670 745 791 813 aderat.
837 745 921 826 Quid
943 743 1066 812 multa?
1092 742 1261 820 Pudicum‚

345 871 407 950 Oui
430 869 553 959 primus
575 869 700 934 virtutis
722 867 843 944 honos,
867 868 1009 934 servavit
1030 866 1071 934 ab
1093 868 1180 934 omni

343 995 413 1059 Non
435 990 540 1058 solum
562 990 659 1067 iacto,
682 1011 797 1057 varum
819 990 994 1079 opprobrio
1017 1011 1150 1079 quoque
1173 991 1275 1078 turpi,

344 1116 410 1180 Noc
432 1112 551 1188 timuit,
576 1111 636 1179 sibi
660 1133 701 1178 na
723 1111 801 1178 vitio
824 1111 897 1200 quis
919 1123 1072 1188 verteret,
1096 1111 1173 1179 olim
1349 1113 1393 1176 85

345 1235 379 1302 Si
402 1254 522 1322 praeco
545 1255 662 1322 parvas
685 1245 754 1310 aut,
778 1245 817 1300 ut·
833 1233 891 1301 suit
912 1234 999 1322 ipsc,
1030 1242 1161 1300 coactor

347 1355 515 1423 Morcedcs
528 1375 701 1444 sequercr3
715 1376 823 1443 nequo
834 1355 895 1442 o'go
908 1376 1016 1422 assam
1027 1365 1177 1444 quastus:
1193 1366 1224 1422 at
1233 1355 1296 1423 hoc
1307 1376 1395 1422 nunc

344 1479 430 1545 Laus
452 1475 497 1542 ilii
519 1476 657 1543 debetur
678 1486 711 1543 et
732 1496 752 1543 a
774 1498 826 1543 mc
849 1477 950 1564 gratia
972 1477 1083 1544 maior.

346 1598 394 1667 Nil
416 1619 470 1666 mc
492 1598 657 1687 poeniteat
678 1618 793 1664 sanum
814 1599 914 1686 patris
936 1598 1047 1674 huius,
1071 1618 1179 1688 coque

345 1724 431 1800 Non,
455 1732 491 1788 ut
512 1741 628 1808 magna
650 1718 727 1786 dolo
748 1719 866 1787 factum
888 1731 982 1808 negat
1004 1741 1079 1788 essa
1100 1740 1161 1787 suo
1183 1741 1274 1810 pars,
1351 1723 1396 1788 90

370 1903 411 1955 83.
431 1901 547 1952 scructct
564 1913 591 1965 p,
611 1913 680 1952 corr.
700 1915 725 1951 c.
745 1902 772 1950 et
788 1903 849 1950 octo
867 1901 992 1952 Pottierii.
1009 1927 1036 1936 -
1055 1900 1096 1949 at.
1116 1901 1206 1950 cdiroe
1222 1900 1309 1965 hcdp,
1328 1903 1364 1952 cd

338 1979 399 2028 hacc
425 1991 440 2028 a
466 1975 551 2028 codd.
570 1974 717 2036 Bantiaius,
745 1987 826 2038 quam
844 1973 903 2025 lact.
923 1976 1056 2026 memorat
1071 1975 1125 2025 iarn
1141 1978 1244 2037 Acron,
1271 1975 1301 2026 ob
1316 1975 1364 2027 troc

337 2056 392 2103 tras
409 2053 539 2112 Pottiarii‚
557 2049 650 2112 nidus,
669 2053 730 2101 LCt.
751 2049 869 2113 (urnas,
889 2051 923 2111 s.)

336 2189 424 2243 at-st.
453 2191 515 2252 ipsc]
538 2203 592 2239 nou
610 2201 705 2241 servus
729 2189 831 2253 paeda·
866 2189 958 2252 chorae
974 2189 1285 2252 d’tuissiarocdcsc'mplc
1295 2198 1397 2256 corgam

304 2278 396 2329 gogus.
435 2264 534 2315 Oderat
556 2264 628 2314 cuim
652 2265 730 2326 pater
754 2265 829 2315 trista
866 2277 960 2314 comma
976 2265 1020 2314 tui.
1057 2265 1147 2326 Qscaud
1163 2265 1217 2314 caio
1234 2269 1275 2315 cut
1291 2269 1344 2327 att,
1365 2269 1396 2329 jc

303 2339 367 2391 iilud
383 2339 601 2402 paedagogorum
612 2351 711 2402 genua,
730 2338 830 2402 dequo
866 2354 897 2390 uo
907 2341 973 2390 m'cu
984 2342 1061 2390 sarcis
1073 2340 1240 2402 purptctct.»
1259 2341 1395 2391 Sauadon.

304 2413 828 2479 AntiphanasinMeinakiiFragm.Com.
870 2441 897 2450 -
916 2416 1025 2480 coactor]
1049 2416 1217 2465 exactionum
1244 2415 1324 2474 (Suet.
1343 2416 1396 2466 Vit.

305 2491 348 2539 iii.
366 2501 393 2553 p.
411 2489 459 2539 85:
487 2487 518 2536 oi
535 2485 648 2538 Σκύθαι
659 2513 673 2524 -
685 2517 699 2526 -
711 2488 830 2554 paropa-
869 2489 930 2538 tior.
944 2489 1019 2552 init),
1039 2501 1105 2553 quas
1123 2501 1172 2553 pro
1189 2488 1397 2553 publicanorum

305 2577 399 2614 νοισιν
424 2555 531 2625 εὐθέως
554 2567 617 2625 τοῖς
642 2559 766 2625 παιδίοις
788 2556 830 2614 Ori
867 2562 954 2628 aliqua
972 2565 1098 2615 socictate
1111 2563 1233 2614 curabat.
1269 2565 1336 2614 Sunt
1348 2566 1397 2627 qui

304 2633 348 2702 μὰ
365 2635 419 2688 Ata
429 2633 530 2700 τιτθὰς
546 2634 698 2703 εἰσάγουσι
715 2635 830 2702 dccxci-
867 2637 1031 2690 contendant
1052 2639 1190 2690 Horatium
1211 2641 1317 2704 patrem
1342 2639 1399 2690 ito-

305 2727 389 2774 νους,
418 2711 475 2762 Kct
499 2709 700 2798 παιδαγωγοὺς
725 2703 829 2776 αὖθις,
868 2726 945 2774 maa,
984 2726 1037 2763 non
1071 2714 1203 2764 Venusiae
1239 2715 1396 2765 cauctorem

306 2775 347 2836 ὧν
362 2789 461 2852 μεῖζον
478 2783 579 2851 [κακὸν
596 2787 656 2838 Ome
678 2782 758 2838 ‘icccc
778 2781 831 2839 οὐ·
868 2791 971 2852 egisse:
1001 2788 1040 2839 sic
1066 2788 1138 2838 enirn
1166 2789 1244 2838 unica
1271 2785 1399 2852 explicari

306 2859 373 2924 δέν1.
395 2886 422 2896 -
449 2863 663 2912 Particum--ad
684 2864 751 2913 muci
768 2863 830 2928 cet]
868 2876 964 2928 possa,
992 2861 1128 2925 quomodo
1152 2861 1188 2911 ibi
1211 2875 1241 2913 sc
1259 2874 1322 2912 cum
1343 2861 1398 2914 tilio

308 2949 386 3001 «prae
405 2935 507 3000 pudore
522 2936 727 2988 abstinentem.»
742 2963 771 2974 -
784 2939 833 3000 Qui
869 2940 924 2988 tatu
946 2937 1018 2987 lauta
1035 2937 1203 2996 sustentarit3
1231 2937 1398 3000 quasivero
1481 2978 1484 2984 .

302 3011 437 3074 primata.
449 3011 535 3076 tonos]
548 3012 636 3076 aquod
653 3013 769 3077 primam
783 3012 833 3062 de·.
869 3027 936 3074 non,
955 3024 1017 3062 cum
1034 3011 1167 3062 Venusiae
1185 3013 1294 3060 coactor
1310 3015 1397 3074 assat,

307 3097 356 3137 cus
381 3087 422 3137 est
449 3085 675 3148 adolescentium,
704 3088 750 3151 qui
775 3085 831 3137 aitis
870 3087 989 3140 modicas
1006 3085 1056 3136 sibi
1073 3084 1212 3137 facultates
1227 3098 1324 3149 parare
1345 3099 1398 3150 po-

306 3159 450 3211 virtutihus
470 3163 525 3212 uoti
548 3165 628 3226 atqua
651 3162 773 3213 honorati
789 3163 832 3212 vir
870 3164 961 3222 tuerit,
986 3173 1101 3224 quarum
1124 3159 1254 3211 tractibus
1277 3161 1303 3210 in
1327 3160 1398 3212 Urba

308 3249 369 3287 cass
386 3239 499 3300 possunt
516 3249 597 3300 quum
613 3237 716 3302 pudore
734 3239 761 3288 et
781 3251 832 3302 pu·
870 3239 950 3286 vitam
968 3235 1101 3286 tolerarat.
1122 3262 1151 3272 -
1170 3238 1197 3284 ct
1213 3234 1258 3284 tor
1270 3235 1332 3296 cet]
1355 3237 1398 3284 «st

307 3310 422 3361 dicitis.»
450 3309 534 3360 Plaut.
553 3311 623 3362 Tria.
640 3311 670 3371 3,
690 3312 718 3371 2,
737 3312 782 3360 tt:
808 3311 833 3360 is
870 3312 1014 3374 propterca
1031 3311 1104 3360 tanto
1116 3311 1247 3360 maiorem
1262 3307 1398 3359 iliidcbco

306 3391 343 3436 cst
358 3385 435 3434 tonos
449 3385 544 3434 homiui
562 3385 668 3447 pudico,
693 3386 832 3435 mariniaco
869 3385 998 3447 gratiam,
1019 3383 1092 3447 quod
1109 3397 1153 3434 mc
1171 3381 1267 3434 meiius
1285 3395 1317 3433 ac
1339 3381 1400 3433 iau-

307 3459 418 3523 offictcm
433 3471 514 3508 mom.
551 3459 606 3508 Cic.
619 3460 719 3510 Partitt.
733 3473 772 3510 or.
786 3460 830 3520 23,
870 3459 922 3508 tius
939 3470 1021 3522 quam
1043 3457 1193 3509 condicioni
1214 3469 1279 3508 suae
1297 3471 1399 3508 convc-

308 3535 355 3584 rs:
380 3534 466 3584 Gratas
483 3534 607 3582 uirtutum
627 3535 738 3584 omnium
759 3535 833 3584 dodo-
870 3531 975 3593 aiebat,
995 3531 1165 3584 educandum
1183 3533 1311 3584 curavit.»
1347 3533 1399 3583 Lo·

307 3609 833 3673 cusscgtmstcudcmqrumccimccoo-
870 3609 972 3658 ottones
997 3607 1031 3656 cd
1055 3607 1114 3668 icoc,
1138 3608 1173 3657 cd
1196 3607 1271 3670 hacc,
1298 3607 1329 3656 ab
1352 3607 1399 3656 hoc

307 3697 410 3748 mortens
428 3683 580 3734 ummrmdtc
600 3687 643 3733 cst.
664 3709 692 3720 -
713 3698 802 3734 aarum
817 3713 833 3723 -
870 3685 944 3732 ortua
967 3683 1030 3734 sunt
1051 3696 1083 3732 ax
1105 3683 1150 3733 troc
1167 3695 1220 3733 non
1238 3683 1302 3734 satis
1319 3681 1398 3733 intei-

308 3759 413 3823 pcoouc]
440 3758 493 3810 Gir.
511 3758 599 3821 Reisig
623 3759 679 3809 Lat.
700 3759 830 3822 Sprcctrw.
870 3757 948 3808 lecto.
983 3759 1107 3808 Nostram
1132 3756 1276 3809 tectionem
1301 3756 1398 3821 probat

308 3849 335 3899 p.
362 3833 419 3886 itt.
449 3859 476 3870 -
503 3833 653 3896 opprobrio]
683 3834 774 3885 «adeo
804 3837 834 3886 ut
871 3835 951 3884 etiam
969 3832 1045 3884 iiand
1063 3833 1138 3883 Turs.
1158 3833 1176 3882 1.
1196 3845 1223 3897 p.
1243 3833 1300 3883 tao.

308 3908 391 3972 (quod
407 3911 471 3959 tunc
488 3907 654 3960 rarissimum
672 3910 736 3972 crat)
752 3921 833 3960 namo
903 3907 1008 3958 ss-ioo.
1037 3908 1081 3958 Ntt
1096 3919 1136 3958 mc
1157 3907 1220 3970 cet]
1247 3905 1396 3968 «Quamdiu

306 3995 426 4047 unquam
438 3995 482 4032 mc
494 3981 605 4034 lacsisso
617 3982 770 4047 pudicitiam
782 3986 835 4035 cri·
871 3987 943 4036 carto
961 3996 1044 4036 sanus
1061 3995 1121 4043 aro,
1147 3993 1283 4046 nunquam
1301 3993 1397 4045 pamm

308 4058 426 4107 minatus
443 4058 503 4108 sit.»
871 4059 935 4110 mihi
952 4057 1013 4110 ialin
1030 4058 1115 4110 videri
1131 4059 1239 4121 potero,
1264 4056 1338 4120 quod
1353 4055 1397 4106 tati

339 4131 429 4182 atas.
448 4133 499 4183 Noc
510 4133 593 4183 tinuit
604 4133 666 4200 cet]
679 4134 835 4184 citnacrct-
871 4136 949 4184 natus
966 4134 1017 4184 sim
1033 4135 1137 4197 patrea·
1158 4161 1185 4168 -
1199 4131 1264 4195 dolo]
1282 4131 1313 4184 ttt
1325 4130 1398 4195 apud

306 4205 361 4268 gott
382 4207 455 4268 point
479 4208 555 4269 qu'ou
580 4209 616 4259 ici
642 4209 775 4271 rcprocisdt
799 4223 834 4258 uu
871 4210 960 4269 ictos,
979 4206 1099 4274 «cuipam
1118 4233 1147 4244 -
1165 4207 1266 4258 Etooc
1282 4211 1305 4256 ct
1321 4205 1398 4269 ratio]

304 4281 365 4340 iocr
382 4282 456 4342 ou’cu
471 4283 567 4346 faisant
583 4289 638 4334 taut
654 4285 683 4334 dc
699 4285 835 4347 comcs
872 4283 920 4333 «Et
935 4281 1006 4334 dicta
1024 4283 1124 4334 maaet
1140 4281 1232 4332 intima
1244 4280 1325 4332 animi
1338 4291 1399 4330 scn-

306 4355 411 4407 m'coott
434 4359 519 4409 reduit
541 4359 558 4410 d
578 4371 617 4409 mc
641 4359 732 4410 iomar
754 4359 836 4410 turc
872 4358 968 4418 tanta,
992 4355 1041 4410 tiiis
1058 4355 1136 4423 piano
1154 4355 1349 4421 respondem.-
1369 4381 1395 4390 -
