3192 4974
264 445 327 511 448
628 443 995 523 noalmnrtsromnuu

310 603 465 693 Incipiam
485 602 655 692 patiarque
677 600 729 668 vel
751 600 952 670 inconsultus
975 598 1096 668 haberi.
1316 598 1356 665 45

309 725 394 808 Quid
415 745 480 793 non
496 724 645 804 ,ebrietas
667 725 838 814 designati
860 727 983 813 Operis
1005 721 1155 800 recludit,

308 849 391 937 Spes
414 847 502 916 iubet
523 867 598 915 esse
620 859 721 924 44444,
746 846 787 914 40
809 845 933 936 proelia
956 845 1055 912 trudit
1077 845 1230 923 inertem;

309 969 458 1038 Sollicitis
481 971 595 1038 animis
619 991 702 1038 onus
726 969 851 1048 eximit,
876 968 1015 1036 addocet
1037 977 1132 1034 44444.

311 1092 453 1160 Fecundi
467 1091 593 1161 calices
616 1113 715 1181 quem
736 1113 802 1159 non
823 1090 930 1159 iecere
955 1088 1133 1158 disertum?

333 1300 373 1352 40.
393 1301 515 1366 diesim
530 1300 574 1352 bc.
597 1328 624 1338 —
644 1301 683 1350 44.
702 1299 748 1366 cd]
773 1300 800 1348 444
818 1300 858 1350 Lt.
894 1299 1012 1362 (dines,
1036 1297 1147 1363 bSedEp
1165 1299 1193 1349 et
1208 1299 1323 1349 Pcttierii

300 1376 413 1439 omues.)
429 1403 453 1414 -
469 1377 589 1427 inennem
605 1373 731 1436 beonet.
751 1375 791 1437 (tit
801 1387 864 1437 nos,
884 1374 921 1424 SE
933 1376 960 1424 44
971 1373 1025 1426 duo
1034 1373 1172 1425 dumtaxat
1187 1372 1323 1435 Pottierii.)

268 1563 380 1615 iniectos
400 1561 507 1614 ludibrii
525 1575 605 1614 causa
623 1560 794 1629 spargebant.
833 1561 954 1626 signasset
970 1561 1075 1623 4444440.
1094 1561 1141 1622 40,
1159 1561 1189 1612 44
1207 1560 1298 1612 ididan
1314 1561 1359 1612 de-

268 1663 282 1676 ·
300 1639 359 1687 -In
381 1635 472 1688 tabula
494 1637 611 1702 quedam
634 1639 796 1702 Pompeiana
832 1638 960 1701 sipontum
975 1638 1102 1688 4444444444
1118 1637 1358 1701 44444444444444-

268 1711 351 1763 tiores
373 1715 401 1763 et
422 1725 532 1764 mensae
555 1715 583 1764 et
603 1711 659 1763 solo
682 1713 795 1776 inspersi
832 1713 997 1764 4444444444,
1009 1713 1056 1764 Est
1067 1711 1157 1776 igitur:
1172 1711 1359 1763 «confidenter

269 1788 423 1837 cemuutur.
453 1786 485 1838 V.
502 1787 612 1850 Pompeii
633 1789 664 1837 ll.
687 1800 715 1851 p,
737 1787 794 1842 404.
833 1787 924 1840 ebrius
942 1789 970 1839 et
986 1788 1066 1840 sentit
1082 1789 1110 1838 44
1126 1787 1203 1848 44444,
1222 1799 1292 1850 quae
1305 1787 1359 1838 eic-

268 1861 321 1925 Fig.
335 1861 394 1912 4344
424 1862 515 1912 osma.
537 1862 577 1912 Ci.
589 1862 692 1913 Becker
709 1862 797 1913 644444
833 1875 881 1914 cus
904 1865 948 1914 vix
973 1861 1111 1913 auderet.»
1142 1863 1262 1925 (Prorsus
1285 1861 1358 1912 orbi-

270 1935 322 1998 (ed.
336 1934 391 2000 alt.)
409 1937 452 1986 lll.
465 1950 492 2001 p.
505 1937 555 1988 400
567 1949 608 2000 sq.
631 1939 729 1988 Contra
740 1951 796 1988 mo-
832 1938 911 1988 4444444
921 1935 1003 1988 444444
1013 1939 1055 1987 444
1064 1936 1356 2000 interpretatiocomm.

268 2013 314 2061 net
325 2012 456 2072 Diintzer,
469 2010 504 2062 de
516 2013 629 2062 convivii
641 2011 728 2074 initio,
741 2025 794 2064 noo
832 2012 914 2076 Cruq.
928 2011 963 2062 ud
980 2012 1045 2075 Epp.
1060 2011 1089 2073 4,
1108 2011 1137 2072 ’4,
1156 2011 1184 2061 6:
1213 2011 1360 2075 «desipiam

268 2084 303 2136 de
323 2085 391 2147 44444,
416 2087 443 2136 in
464 2098 518 2150 quo
539 2086 655 2136 ebrietas
672 2085 796 2137 domine-
833 2089 874 2138 est
885 2085 1098 2148 «confunderem
1115 2088 1146 2136 ut
1158 2087 1185 2137 et
1196 2085 1273 2137 alibi:
1294 2083 1360 2148 Quid

269 2162 325 2222 tur,
348 2161 398 2223 egi.
427 2161 551 2211 Attamen
569 2161 658 2211 omnia
675 2173 745 2225 quoe
768 2161 795 2210 ia
831 2173 881 2212 4444
904 2161 1010 2211 44444444
1032 2159 1190 2226 0444444444)
1209 2188 1237 2198 -
1256 2160 1358 2225 operto]

270 2235 397 2284 conviviis
419 2233 477 2285 lieri
499 2233 575 2285 solita
593 2236 670 2286 erant
685 2247 715 2285 se
733 2235 796 2286 dicit
833 2238 891 2287 Non
907 2238 982 2296 sunt,
1007 2239 1037 2286 ut
1059 2234 1168 2300 quidam
1184 2233 1290 2296 volunt,
1315 2249 1360 2286 44-

270 2309 453 2372 incepturum;
473 2309 551 2372 igitur
567 2311 648 2360 etiem
660 2307 795 2362 ebriosam
833 2323 899 2361 cana
918 2323 963 2372 44,
982 2323 1052 2375 quae
1063 2311 1098 2360 ab
1111 2311 1203 2361 amicis
1216 2311 1359 2362 commissa

269 2381 341 2432 illem
366 2383 463 2433 tiorum
486 2383 653 2446 sparsionem
677 2382 720 2447 (de
743 2396 795 2446 qua
833 2386 891 2437 44444
921 2385 1050 2449 perfidiae
1082 2387 1193 2436 crimine
1218 2388 1302 2450 retegi
1327 2398 1360 2438 44

270 2457 304 2508 44.
318 2457 366 2507 00,
381 2457 409 2517 3,
430 2457 475 2518 49,
493 2457 556 2520 44,),
580 2460 608 2508 44
627 2458 715 2522 prima
735 2459 796 2523 qui-
832 2460 911 2526 prodi
928 2471 980 2510 non
997 2463 1111 2524 possunt
1128 2461 1165 2524 (ut
1180 2461 1222 2510 444
1233 2473 1298 2512 sanc
1310 2459 1359 2512 00.

271 2531 334 2583 dem
352 2532 410 2582 sine
421 2530 503 2582 dubio
515 2531 728 2594 deliciosarum,
742 2545 796 2583 non
834 2536 863 2596 4,
891 2534 937 2596 48,
964 2534 1025 2596 40),
1052 2533 1100 2586 440
1126 2535 1224 2586 secreti
1249 2537 1277 2585 et
1302 2535 1359 2585 veri

271 2604 515 2670 acompotoribus.
531 2607 704 2670 —lnciptomJ
717 2608 797 2658 44444-
834 2621 930 2661 sensus
954 2610 1081 2660 convivae
1104 2610 1200 2674 ipsius,
1227 2610 1273 2673 qui
1296 2607 1360 2660 alias

271 2682 342 2732 444444
373 2679 475 2731 effusae
503 2693 535 2731 44
562 2695 627 2732 vere
653 2680 796 2733 convivalis
835 2697 882 2735 eos
900 2683 1041 2734 difficulter
1058 2695 1121 2734 cum
1137 2681 1194 2735 aliis
1214 2686 1362 2735 eommuni-

271 2768 322 2820 ego
346 2753 424 2806 vobis
449 2753 603 2819 exemplum
631 2755 796 2820 praebebo.»
835 2761 917 2810 earet.
943 2758 983 2809 Gi.
997 2757 1045 2809 Od.
1058 2758 1089 2820 3,
1101 2760 1130 2809 44
1143 2797 1149 2820 ,
1163 2760 1194 2809 44
1206 2771 1248 2824 sq.
1275 2758 1358 2824 Epod.

273 2829 475 2894 -iaeomultusJ
494 2830 559 2890 «Qui
575 2829 686 2882 liberius
698 2833 725 2883 et
742 2832 798 2882 dis·
835 2836 881 2896 44,
901 2833 941 2885 44.
972 2833 1359 2897 844.4,4,09.-8)444444.]

272 2903 383 2956 solutius
404 2917 434 2956 se
459 2903 574 2956 laetitiae
601 2905 720 2968 44404444,
747 2907 798 2970 ipsi
835 2908 999 2962 «Persuadot
1021 2908 1099 2960 nobis
1123 2921 1260 2973 nunquam
1286 2911 1358 2972 4444,

272 2992 302 3030 44
324 2979 410 3042 444444
433 2979 536 3042 (00.4,
555 2981 584 3042 4,
606 2981 669 3043 48,),
688 2981 798 3044 desipere
834 2989 864 3036 ut
880 2997 944 3050 spes
961 2986 1069 3036 nostrae
1087 2983 1279 3048 decipiantur.»
1306 2985 1361 3035 444-

273 3052 329 3118 (Od.
354 3053 384 3115 4,
412 3056 459 3116 44,
485 3055 537 3118 48.)
563 3052 632 3106 velle
659 3052 798 3121 (μανῆναι
835 3060 1011 3122 stolatus,
1032 3060 1075 3110 tt:
1097 3055 1232 3110 τοιοῦτον
1248 3057 1280 3110 04
1296 3073 1361 3110 ποι-

273 3131 368 3180 44444.
382 3128 427 3190 ts,
446 3128 497 3192 44.)
515 3129 613 3180 amnt.»
640 3130 763 3182 Domino.
835 3133 904 3187 oiim
920 3135 971 3186 4444
988 3135 1019 3186 οἱ
1032 3129 1263 3201 μεθυσκόμενοι·
1281 3129 1360 3186 44444-

835 3209 913 3274 πιδες
940 3205 996 3282 γὰρ
1023 3211 1159 3276 γίνονται.
1190 3239 1218 3248 -
1246 3209 1359 3276 touton]

306 3278 393 3328 40-40.
425 3279 491 3342 Quid
513 3291 565 3329 44444
591 3278 653 3343 444.)
679 3278 799 3332 Exsultat
835 3285 967 3349 colloquia
994 3287 1119 3349 ignavum
1145 3298 1176 3336 ac
1205 3285 1359 3344 timidum3»

273 3352 399 3414 laetitiae,
423 3353 450 3404 io
466 3365 547 3417 quam
569 3367 632 3404 mox
649 3367 711 3404 cum
732 3357 798 3406 Tor·
835 3361 921 3425 aptius
932 3373 1014 3423 quam
1026 3358 1139 3410 aliorum
1149 3360 1280 3422 4444444444,
1299 3361 1360 3424 quia

273 3430 354 3492 quoto
374 3441 405 3479 44
427 3428 560 3480 effusurus
582 3430 629 3490 sit,
657 3432 799 3494 exspecta·
835 3435 950 3485 hominis
969 3433 1052 3497 ipsius
1069 3435 1205 3497 ingenium
1221 3435 1283 3484 vino
1300 3447 1361 3486 mu·

273 3504 354 3554 44444.
379 3529 409 3540 -
433 3503 554 3568 04444444)
580 3505 711 3569 0444944444
737 3505 762 3568 (0
770 3519 798 3556 e·
835 3509 885 3558 tari
903 3507 1046 3572 significet:
1065 3509 1186 3558 inermem
1201 3521 1253 3559 4444
1269 3511 1361 3560 contra

272 3577 426 3642 4444444444)
448 3579 662 3640 «constituere‚»
685 3580 797 3631 deinde:
835 3595 880 3633 res
898 3582 1002 3632 fortuita
1026 3585 1075 3633 est.
1106 3584 1160 3634 Cic.
1181 3581 1306 3644 Catili,
1330 3583 1359 3642 o.

274 3652 461 3704 «coustitutum
472 3654 592 3716 exsequi,
605 3657 800 3718 pairarepquo
837 3658 880 3707 to:
904 3657 960 3718 4444
974 3657 1041 3721 serre
1053 3659 1133 3720 4444444
1148 3659 1239 3708 inerim
1253 3657 1363 3708 4444444444

272 3740 324 3781 usu
341 3719 474 3778 invenitur
488 3727 559 3792 apud
576 3727 660 3778 Plaut.
677 3729 754 3780 ttost.
767 3731 797 3790 4,
835 3731 977 3793 fortissimis
991 3732 1054 3781 ciria
1069 3732 1203 3782 insidiari?
1220 3733 1280 3784 Tac.
1295 3733 1359 3783 llist.

274 3803 357 3864 4,06.
378 3804 483 3854 Terent.
496 3802 632 3866 4044,
652 3805 680 3854 c:
698 3803 801 3853 44444444-
837 3807 867 3867 4,
886 3804 933 3856 io:
961 3806 1046 3857 tuere
1058 3820 1108 3869 pro
1124 3808 1361 3858 4444444444444-

273 3877 313 3940 44,
332 3878 675 3942 444444444444444444444,
693 3879 798 3928 04444444
835 3881 949 3943 4444444444
973 3881 1079 3932 redibat.
1106 3909 1134 3920 -
1158 3883 1263 3933 addocet
1286 3881 1361 3944 44444)

273 3954 346 4002 niodo
356 3953 417 4014 4440
427 3953 566 4018 0444444444
577 3953 612 4016 (id
625 3955 674 4013 est,
689 3965 800 4018 «perpe-
837 3955 918 4006 «dum
934 3957 1044 4020 potores
1062 3954 1190 4007 exhilarat
1212 3969 1361 4020 eorumque

273 4027 446 4090 travit-liubi
458 4028 589 4079 Donatus:
603 4027 800 4092 «dedgndreest
836 4031 971 4093 ingenium
989 4031 1101 4094 excitat,
1121 4029 1214 4094 4444444,
1233 4031 1263 4082 ut
1279 4033 1360 4093 artes,

275 4113 333 4152 rem
345 4113 443 4152 novam
456 4103 543 4167 (atque
556 4102 696 4166 insignem)
708 4102 798 4154 444444
836 4105 929 4169 poesin
946 4105 1077 4170 imprimis
1088 4107 1169 4169 atque
1181 4104 1361 4169 eloquentiam

276 4175 302 4226 in
319 4177 461 4241 utramque
479 4179 596 4242 partem¹
616 4181 643 4228 et
660 4176 759 4228 bonam
772 4180 800 4229 et
836 4177 947 4245 pulchre
959 4177 1056 4231 callere
1068 4178 1118 4230 sihi
1130 4181 1284 4242 videantur3
1297 4181 1361 4244 quio

275 4247 400 4300 44444444.»
427 4251 465 4302 ct.
483 4250 560 4317 Apul.
577 4253 685 4304 44444444.
702 4254 731 4314 8,
749 4253 797 4304 484
837 4253 918 4305 etlam
935 4265 983 4304 444
999 4253 1034 4304 40
1052 4255 1161 4306 cantum
1178 4252 1362 4306 saltationem-

275 4325 609 4390 mododerationem
619 4327 799 4393 4404444404-
836 4340 888 4392 que
911 4332 1064 4392 provocat.»
1093 4328 1123 4378 v.
1147 4328 1270 4381 adducam
1290 4341 1361 4380 nuno
