3090 4974
352 463 413 526 (tpp
755 493 758 498 -
836 467 965 542 nomm

393 622 428 684 in
450 619 558 684 vitium
581 611 669 687 du'cit
691 620 806 708 culpae
827 621 913 708 luga,
939 623 966 687 si
989 635 1077 691 caret
1099 637 1178 690 artc.

393 741 562 807 Aemilium
584 743 671 808 circa
693 741 804 808 ludum
826 743 917 810 saber
941 766 1023 810 unus
1046 755 1079 812 et
1101 767 1227 832 ungues

393 864 555 950 Exprimet
577 873 609 928 et
630 863 743 931 molles
765 864 940 932 imitabitur
961 885 1038 932 acre
1060 867 1208 953 capillos.

393 983 502 1052 infelix
527 985 636 1071 operis
658 1006 799 1061 summa,
824 987 901 1073 quia
923 1007 1046 1073 ponere
1067 997 1169 1054 totum

415 1147 456 1195 32.
474 1146 576 1208 sobnam
593 1146 810 1209 Cuningbnmius.
826 1175 852 1182 -
866 1147 931 1196 irum
942 1159 1004 1197 cum
1016 1145 1090 1200 libris
1102 1147 1236 1213 plerisque
1249 1151 1331 1200 etiam
1345 1153 1406 1201 meis

384 1221 436 1270 tet
447 1224 474 1270 et
489 1218 682 1282 Dilienbcrger.
702 1221 774 1284 (unm
790 1237 818 1284 η,
840 1233 882 1284 pr.
893 1219 939 1282 βλ,
957 1223 1030 1285 liegii
1046 1227 1172 1286 quattuor
1186 1223 1283 1288 aliique
1306 1227 1341 1289 (v.
1354 1229 1403 1276 Go-

384 1294 512 1356 nodium),
531 1294 642 1344 loannes
654 1295 856 1346 Sarisberiensis
872 1296 897 1346 in
916 1295 999 1347 Prnei.
1014 1296 1071 1348 Lib.
1084 1299 1126 1347 vl.
1140 1301 1168 1348 at
1185 1303 1246 1364 post
1262 1298 1406 1350 Bentleium

384 1369 450 1419 Edd.
464 1369 519 1418 iare
531 1381 638 1426 omnes;
657 1371 686 1418 ut
697 1381 807 1420 sensum
824 1369 995 1434 patefaceret,
1015 1371 1065 1420 Fea
1083 1371 1211 1422 distinxit:
1231 1375 1301 1422 circu
1318 1374 1402 1422 marn

351 1499 447 1550 surdas
465 1499 585 1550 vitandas
602 1512 663 1550 cese
680 1505 781 1551 monet.
802 1527 830 1536 -
848 1502 878 1550 io
914 1499 1011 1552 talibus
1022 1501 1136 1563 assolet,
1154 1502 1346 1558 diversissimis
1357 1502 1434 1554 modis

350 1574 519 1638 obtruncet]
540 1574 820 1634 :Quivlttastudiose
838 1577 878 1624 vi·
914 1577 1080 1639 interpretati
1096 1580 1176 1626 suut:
1204 1580 1227 1640 t)
1245 1579 1367 1638 um„
1392 1591 1434 1628 no·

352 1651 401 1708 tat¹
427 1661 459 1698 ec
477 1649 535 1711 ipso
553 1648 663 1698 vitiosus
679 1646 749 1698 aciat
765 1647 836 1709 lieri,
856 1649 878 1699 si
914 1663 978 1700 men
995 1652 1148 1715 proprium
1171 1653 1196 1714 ἲ)
1215 1651 1324 1703 umalm
1339 1655 1366 1702 et
1385 1653 1434 1702 ine·

351 1724 466 1788 propriis
489 1723 630 1774 virtutibus
648 1723 760 1786 poeticis
776 1726 877 1774 caret.»
915 1727 990 1789 ptus,
1016 1725 1085 1776 adeo
1107 1727 1138 1776 ut
1159 1729 1224 1776 tunc
1240 1727 1341 1778 cetaria
1357 1727 1435 1778 omni·

352 1798 462 1860 Dionys.
474 1797 607 1860 cornea:
619 1790 752 1860 ἄκτωτος
761 1791 879 1848 euzot—
915 1797 967 1850 bus
976 1801 1196 1863 postponeretur3
1207 1819 1220 1845 ι
1232 1800 1256 1862 3)
1267 1801 1434 1860 ιοὴεωπιε,·

352 1869 473 1934 λώνιος·
499 1899 543 1910 --
562 1863 607 1942 ἂρ
631 1863 825 1942 οῧνὋμηρος
841 1867 879 1922 ἄν
916 1875 945 1922 ul
961 1873 1053 1932 oda,
1072 1875 1102 1934 i,
1121 1875 1168 1924 ⁴5:
1194 1875 1305 1939 Mortes
1327 1877 1433 1926 etism

352 1944 464 2012 μᾶλλον
481 1940 697 2012 diruendum
709 1945 821 2010 ἐθέλοις
831 1961 879 2013 ys·
916 1946 939 2007 l)
954 1946 1088 2006 sultimua,
1100 1949 1173 2012 quod
1186 1950 1212 2000 iu
1224 1951 1277 2000 ima
1289 1955 1367 2014 parte
1375 1951 1434 2001 Circi

352 2021 469 2080 viciam
495 2024 551 2072 lum
568 2021 692 2086 exemplo
708 2022 880 2072 demimstra·
915 2019 1057 2072 tabernam
1079 2034 1157 2072 suam
1183 2022 1328 2075 locasset.»
1357 2027 1432 2075 Coss.

353 2102 411 2148 tum
427 2098 458 2158 it,
486 2097 559 2147 haud
575 2097 715 2158 sulficere,
739 2099 768 2147 ut
784 2096 879 2161 aliquis
916 2097 995 2153 Cauc.
1021 2095 1066 2146 lile
1092 2097 1170 2159 igitur
1187 2097 1338 2149 excellebat
1353 2100 1434 2162 utique

353 2173 380 2222 in
397 2185 450 2222 una
464 2172 604 2222 dumtaxat
613 2173 704 2235 operis
715 2175 801 2236 parta,
819 2186 879 2222 mn·
915 2171 1219 2222 instatuarumsuarnm
1228 2169 1434 2236 capillitio,baud

352 2248 423 2297 rime
457 2247 546 2296 minus
572 2247 716 2310 primaria,
751 2245 877 2307 excellat3
916 2243 984 2294 laelii
1001 2245 1095 2309 capitis
1106 2249 1197 2310 parte,
1216 2252 1245 2298 et
1255 2248 1389 2310 unguibus
1399 2259 1435 2296 er-

353 2322 436 2372 immo
453 2323 563 2370 cunctas
574 2333 661 2382 aeque
674 2320 806 2384 perlectas
818 2333 878 2372 esse
916 2319 1077 2382 primendis:
1096 2325 1126 2370 ut
1143 2320 1241 2372 Plinius
1258 2322 1289 2372 il.
1304 2325 1337 2372 N.
1354 2321 1398 2380 dl,
1413 2319 1434 2370 8.

355 2396 488 2458 oportere.
916 2393 1094 2456 Pythagoram
1104 2395 1252 2459 Rheginum
1261 2399 1289 2446 et
1297 2397 1435 2460 Lysippum

917 2470 1028 2532 propter
1044 2469 1095 2520 hcc
1113 2471 1203 2534 ipsum
1220 2471 1320 2522 eximie
1337 2471 1433 2522 iaudat:

385 2542 491 2592 32-37.
518 2543 650 2593 ductitium
666 2557 688 2592 c.
707 2543 807 2607 tudun]
835 2545 880 2595 Est
917 2542 1057 2594 sedidem
1073 2545 1100 2593 iu
1116 2545 1199 2606 oper-is
1213 2543 1314 2596 m
1335 2544 1435 2608 (siquis

353 2618 432 2668 ludus
457 2616 627 2680 gladiatorius
651 2617 686 2668 ab
703 2617 814 2669 Aemilio
828 2621 880 2669 Le-
917 2621 1000 2667 totam
1017 2631 1131 2682 operum
1142 2619 1200 2670 eius
1214 2619 1330 2672 lormam
1341 2621 1434 2684 specte

352 2694 416 2757 pido
434 2694 605 2752 constitutus,
629 2693 718 2756 «quod
735 2705 807 2744 nunc
829 2695 881 2744 Po-
916 2693 965 2754 ret)
984 2691 1072 2742 infelix
1084 2697 1112 2743 et
1126 2694 1339 2757 reprehensione
1351 2695 1434 2757 dignus

352 2767 441 2832 lycleti
453 2765 579 2818 balneum
590 2768 878 2818 estmi'oarutucium
917 2769 983 2818 erat.
1011 2769 1088 2818 urion
1104 2769 1169 2818 satis
1185 2771 1258 2828 ast‚·
1275 2771 1375 2834 inquit,
1394 2771 1435 2816 uit

354 2842 494 2894 Aemilium
512 2841 642 2905 Lepidum
663 2842 783 2907 nominat
799 2844 880 2893 Lam-
917 2855 969 2891 una
986 2839 1104 2892 alterave
1121 2855 1184 2906 pars
1204 2845 1338 2907 poenam
1355 2841 1434 2895 escal-

355 2919 448 2978 binus,
475 2917 566 2968 nascio
584 2915 664 2966 unda.
699 2919 727 2968 P.
746 2919 880 2968 victorin
916 2914 965 2974 lat,
992 2915 1041 2966 sed
1059 2918 1113 2966 tota
1130 2917 1188 2966 eius
1205 2920 1365 2982 compositio
1381 2931 1434 2982 per-

353 2995 467 3056 regione
478 2993 553 3052 Viti,
566 2991 594 3044 id
604 2993 654 3051 est,
671 2993 737 3041 Foro
749 2994 878 3053 Romano,
917 2991 985 3040 tecta
997 3003 1058 3040 esse
1071 2988 1180 3040 debet.»
1200 2993 1281 3042 flecte
1292 2993 1432 3044 Bendeius:

353 3069 442 3132 ponit:
464 3065 589 3127 ternplum
599 3067 761 3116 Concordiae.
779 3068 879 3118 Atticen
917 3063 1003 3114 molle
1021 3063 1182 3116 vocabulum
1196 3079 1276 3126 mus,
1294 3069 1434 3120 etsautec-

352 3145 490 3194 Mineruae.
510 3142 593 3190 tucos
603 3141 729 3192 Aemiliam.
747 3142 879 3192 lutinPcr·
916 3141 980 3190 tiam
1006 3141 1092 3204 ipsum
1117 3153 1169 3191 una
1192 3153 1275 3205 opera
1292 3141 1432 3194 sustuleris.

352 3219 424 3268 ηοω.
439 3215 661 3266 Arminium.
676 3217 877 3268 miconis.
916 3215 984 3280 Quid
1009 3215 1082 3266 enim
1105 3217 1148 3265 eat
1171 3216 1305 3278 Raptim
1326 3215 1434 3281 upum?

353 3290 607 3350 incrementatur
622 3293 878 3343 marcutorurnloms.
916 3289 965 3349 Qut
983 3290 1099 3340 sciaaex
1113 3289 1178 3348 isto,
1198 3291 1434 3342 utrumatiabreet

354 3366 494 3418 Nardiuius
519 3369 599 3416 unna
619 3366 705 3416 utico
723 3368 753 3416 ll.
774 3381 801 3431 p.
819 3367 876 3418 its.
916 3363 1068 3426 eleganter,
1095 3377 1129 3414 an
1155 3377 1245 3414 crasse
1271 3364 1432 3429 illepideque.

353 3442 503 3504 suspicatur
519 3441 600 3490 totius
616 3439 735 3504 plateoe,
763 3455 815 3492 non
833 3455 879 3492 sn-
916 3452 949 3486 ⁰¹1
968 3439 1140 3488 medlovrllei
1156 3441 1340 3502 millesimi?
1365 3443 1433 3500 Atqu

352 3515 403 3566 lius
412 3514 477 3565 Ludi
486 3514 537 3564 boc
547 3527 645 3564 nomeu
654 3514 745 3565 luisse.
759 3541 786 3550 -
798 3516 878 3578 subo]
917 3515 943 3562 iu
960 3512 1141 3576 exprimendis
1154 3513 1288 3577 unguibus
1303 3517 1434 3579 praestan-

353 3591 516 3640 aerarius-
527 3588 600 3652 unus]
612 3593 736 3652 «praeter
747 3594 878 3648 ceteros,-
917 3589 979 3638 unm
997 3587 1098 3638 urtitlcil
1116 3589 1159 3638 bic
1176 3587 1433 3640 commemorarint

354 3664 464 3714 „metius
485 3675 567 3726 quam
587 3662 681 3726 reliqui
700 3677 829 3722 omnes.»
850 3669 879 3714 ut
916 3663 1063 3712 sentcntiae
1082 3663 1195 3712 redditio
1208 3664 1290 3714 tidem
1302 3663 1377 3720 lacit.
1395 3661 1433 3712 utu

354 3739 531 3803 Damasippus
551 3739 604 3787 snt.
622 3741 651 3798 2,
669 3737 698 3798 3,
717 3738 763 3789 rt:
790 3739 881 3788 Hortor
916 3736 1077 3788 exadversc
1089 3737 1432 3802 pouitinquibusdamccr

352 3814 512 3876 epi-epicopus
534 3814 619 3862 donor
638 3813 777 3862 mercarier
800 3828 880 3864 unus
895 3810 898 3905 l
916 3813 988 3876 poris
999 3811 1120 3875 pertibus
1133 3813 1235 3864 formae
1247 3813 1432 3864 exceltentiam.

353 3889 415 3937 Cum
434 3887 506 3936 lucro
526 3901 624 3936 norum.
657 3889 714 3937 bion
734 3889 876 3950 significat:
895 3916 897 3931 ·
917 3889 950 3946 iv.
964 3887 1015 3948 37.)
1034 3889 1203 3949 Spectandum
1219 3889 1301 3952 stipsis
1316 3885 1434 3939 mirsi

355 3961 489 4026 anitquis»
500 3962 525 4012 id
535 3962 607 4026 quod
617 3975 710 4014 rursus
719 3968 829 4016 secutus
839 3969 880 4015 cst
915 3975 1010 4026 proque
1020 3963 1138 4025 captitu-
1156 3959 1433 4026 butenbnmeruaqui

354 4039 483 4098 titintzer‚
498 4039 543 4100 qui
556 4049 609 4088 non
621 4038 705 4088 sensit
714 4039 765 4088 boc
777 4053 801 4087 v.
814 4053 880 4090 torm
916 4037 979 4088 dom
996 4036 1068 4088 baud
1085 4039 1195 4088 inscita:
1216 4039 1312 4088 -rtecte
1325 4035 1433 4100 Porpbp·

352 4123 401 4173 pro
418 4111 510 4173 clipeis
527 4113 643 4175 positum
659 4115 751 4163 contra
769 4125 877 4164 coruom
916 4111 955 4160 ric
972 4115 1001 4161 ct
1017 4113 1123 4162 Comm.
1136 4113 1180 4162 Cr.
1193 4112 1272 4162 m
1288 4109 1368 4175 (quod
1381 4109 1432 4172 ipsc

352 4198 456 4236 nitorem
484 4187 655 4238 iiorutienum
689 4187 879 4240 incredibiliter
916 4186 1052 4250 praetulit)
1074 4199 1138 4238 eum
1160 4199 1236 4248 esse,
1261 4187 1307 4251 qui
1325 4189 1385 4236 tunc
1400 4179 1430 4230 ad

352 4257 486 4321 languere.
506 4261 558 4310 Scd
577 4263 721 4314 reiicieudn
739 4263 879 4314 cstomni·
915 4262 996 4312 imam
1022 4264 1126 4326 partem
1151 4260 1206 4312 ludi
1229 4259 1369 4312 tabernam
1389 4257 1431 4306 itt·

351 4347 386 4383 no
404 4334 468 4384 iotae
486 4334 564 4384 lectio
582 4337 659 4397 meu,
686 4349 781 4401 quarm
805 4341 834 4388 ut
851 4337 877 4388 in
914 4335 1015 4398 buerit,
1034 4335 1175 4388 ultimant.
1202 4336 1245 4387 Sic
1262 4339 1336 4387 certa
1352 4343 1430 4384 enun-
