3022 4984
814 463 942 516 Honesti

637 676 1004 736 EXGUBSUS
1042 677 1104 733 ΙΧ.

517 817 744 868 DOEDERLElNll
762 815 1013 866 misnensium
1031 829 1074 865 w.
1092 815 1136 865 tsi
1150 817 1233 866 46⁰.

424 950 433 959 ν
497 929 622 991 asylloto
638 929 714 993 lonpu
730 929 798 980 brevi
814 927 924 978 soluto
939 933 1044 978 uoomur
1060 927 1174 986 tumtum

462 1015 506 1064 Pas
521 1015 584 1064 citus
596 1039 623 1050 -
637 1015 702 1064 unde
718 1013 795 1062 stium
811 1013 931 1062 trimetris
947 1025 1086 1062 accrescere
1102 1013 1173 1062 iussit

462 1099 558 1148 Nomen
574 1097 691 1158 tambeis,
709 1109 766 1145 cum
782 1108 852 1144 sonos
869 1096 982 1145 redderet
999 1096 1076 1156 loires,

462 1182 561 1232 ramea
577 1182 611 1230 od
627 1185 767 1230 moenium
782 1179 870 1228 similis
886 1179 939 1228 siti.
954 1205 983 1215 -
1001 1180 1069 1228 Non
1084 1180 1135 1228 ita
1147 1179 1287 1240 pridem.

465 1265 571 1314 Tardior
587 1268 615 1313 ut
628 1264 708 1326 poulo
724 1263 877 1326 prestaque
892 1263 987 1312 ueniret
1004 1265 1038 1312 od
1053 1273 1141 1322 uum,

463 1349 589 1410 Spondeoe
605 1347 702 1396 stabiles
718 1348 744 1395 tn
761 1348 821 1396 tura
833 1351 944 1409 paterno
961 1349 1052 1408 recepit

462 1432 609 1481 Commodus
624 1434 648 1480 et
662 1431 775 1493 potions,
793 1443 843 1479 non
859 1434 887 1478 ut
904 1431 934 1480 da
949 1431 1005 1480 seda
1020 1431 1128 1480 caindo

464 1515 564 1566 &doct
580 1519 625 1564 out
641 1519 736 1576 quarto
751 1513 891 1570 moiotltm
908 1513 947 1562 lto
965 1517 988 1562 et
1003 1514 1031 1562 tn
1046 1512 1104 1564 Acci

462 1597 590 1648 Nobilibus
606 1597 726 1648 mmetn‘s
743 1603 850 1659 apparet
866 1610 944 1646 ranas
960 1601 983 1646 et
1000 1598 1085 1646 Enni.

461 1684 490 1731 ln
507 1695 606 1730 coenum
622 1683 736 1730 missus
752 1695 845 1744 mupoo
863 1693 920 1730 etun
933 1682 1044 1743 pondere
1058 1693 1172 1730 uersus

462 1765 511 1814 Aut
528 1777 619 1827 operm
635 1765 721 1814 ceteris
736 1764 843 1814 nimirem
859 1777 971 1826 maeque
987 1765 1108 1824 curantis,

460 1849 509 1898 Aut
527 1850 658 1912 iprsoratue
672 1847 765 1910 premit
785 1850 849 1898 ortis
864 1849 968 1897 minitas
985 1849 1062 1910 turpi.

398 1935 435 1984 lta
453 1934 474 1982 si
492 1931 656 1992 distinxeris,
685 1945 737 1980 non
755 1931 835 1980 modo
853 1930 933 1982 stabit
950 1931 989 1981 rai
1006 1931 1103 1982 veritas
1121 1929 1247 1994 indubia,
1275 1932 1324 1983 sed
1340 1931 1403 1980 eiam

332 2017 422 2068 mirari
440 2016 562 2074 desines,
589 2028 637 2066 cur
661 2015 783 2066 Horatius
802 2017 855 2065 tam
872 2013 1001 2066 trivialem
1019 2015 1095 2080 pedis
1112 2015 1221 2065 iambici
1240 1998 1403 2066 definitionem

333 2101 515 2165 praemiserit;
535 2113 606 2149 nunc
622 2101 735 2149 ironiam
753 2101 840 2149 inesse
858 2097 995 2162 intelliges.
1032 2101 1111 2159 «Quis
1129 2099 1242 2149 demum
1262 2101 1360 2163 ignorat
1372 2093 1404 2144 ret

333 2185 503 2243 addubitat»
522 2185 621 2246 inquit,
651 2183 733 2246 aquid
755 2185 790 2233 sit
811 2181 937 2233 iambus‘l
971 2181 1077 2245 syllaba
1099 2181 1225 2232 videlicet
1247 2181 1325 2246 longa
1346 2181 1405 2230 bren

333 2268 465 2328 subiecta,
493 2279 546 2330 quo
564 2265 677 2316 eflicitur
693 2279 741 2329 pes
758 2267 834 2316 citus.
870 2266 899 2315 ld
917 2267 938 2316 si
956 2265 1035 2316 hodie
1053 2268 1081 2315 et
1097 2263 1199 2330 pueruli
1219 2267 1311 2316 sciunt
1325 2267 1350 2316 el
1363 2267 1405 2312 tiu

333 2351 487 2414 gocdiarum
514 2351 659 2413 scriptores
684 2349 840 2409 observant,
867 2352 956 2399 umen
981 2349 1043 2399 olim
1067 2347 1137 2412 apud
1162 2361 1211 2399 nos
1235 2363 1292 2400 non
1309 2351 1342 2399 ita
1358 2347 1405 2397 init

286 2451 292 2462 ·
333 2447 395 2484 nam
417 2434 497 2498 prisci
518 2437 613 2496 poetae
639 2434 747 2482 Romani
764 2434 910 2496 proavique
929 2434 1010 2482 nostri
1028 2433 1150 2482 lecerunt
1166 2431 1361 2495 laudaruntqne
1374 2427 1406 2478 rel

334 2530 381 2567 eos
400 2518 535 2566 trimetros
552 2515 694 2576 iambicos,
714 2517 739 2565 in
758 2517 855 2580 quibus
873 2520 980 2580 praeter
997 2529 1094 2566 nomen
1112 2514 1175 2566 nihil
1186 2515 1245 2567 lere
1259 2518 1407 2568 ineratiem-

333 2601 386 2650 hici
409 2599 452 2654 rel
473 2598 628 2660 celeritatis,
656 2597 777 2649 libertate
797 2601 920 2650 nimirum
939 2599 1094 2650 admittendi
1112 2599 1225 2664 spondei
1244 2602 1272 2650 in
1291 2600 1408 2651 licentiam

334 2697 472 2734 conversa.
508 2683 536 2732 lu
562 2685 670 2732 Graecia
697 2684 795 2746 quippe
820 2681 951 2746 paulum
978 2684 1106 2734 tarditatis
1123 2685 1151 2734 ot
1167 2686 1307 2746 gravitatis
1323 2683 1407 2734 addere

333 2767 473 2819 voluerant
488 2769 583 2830 poetae
601 2767 713 2816 senariis
730 2767 912 2830 spondcorum
930 2766 1087 2826 stabilitata;
1107 2768 1166 2817 heic
1183 2771 1295 2826 autem,
1314 2771 1407 2818 nonnae

334 2849 376 2900 vel
402 2849 627 2912 nobilissimorum
648 2854 787 2914 poetarum
810 2851 922 2901 trimetri
945 2852 1045 2901 nimio
1066 2849 1141 2915 plus
1163 2851 1298 2920 tarditatis
1316 2855 1342 2902 ct
1357 2862 1408 2900 me·

335 2947 399 2984 ram
417 2936 572 2996 gravitatem
590 2933 738 2994 habebant,
758 2947 789 2982 ex
808 2933 955 2994 celeritate,
974 2947 1043 2997 quae
1061 2935 1167 2998 propria
1185 2938 1229 2984 est
1245 2935 1361 2986 iambico
1375 2945 1408 2994 gr

334 3019 406 3078 sieri,
426 3017 461 3068 nil
479 3017 535 3067 lere
553 3018 712 3076 retinentes;
732 3019 785 3067 tam
803 3017 873 3080 pleni
890 3017 1035 3081 reiectique
1054 3021 1129 3068 erant
1145 3018 1290 3082 spondeis,
1310 3020 1338 3068 et
1354 3019 1408 3066 ism-

334 3101 376 3151 bis
393 3102 471 3150 rari.»
505 3102 596 3164 ltaque
613 3115 663 3150 ooo
679 3102 716 3150 ito
730 3101 830 3163 pridem
847 3103 955 3151 minime
973 3103 1011 3151 sic
1028 3100 1128 3152 dictum
1147 3103 1202 3163 est,
1227 3107 1258 3152 ut
1275 3104 1329 3153 Sat.
1347 3103 1373 3157 t.
1389 3100 1407 3149 t.

334 3183 375 3235 td.
391 3185 459 3234 laud
475 3185 512 3234 tto
525 3185 637 3246 pridem,
657 3185 705 3236 sed
720 3185 865 3249 praedicati
877 3182 966 3235 locum
983 3184 1086 3235 obtinet
1101 3187 1153 3246 ito,
1172 3189 1201 3236 ut
1218 3187 1246 3236 in
1264 3185 1310 3238 illo
1323 3199 1369 3236 non
1382 3187 1409 3232 set

333 3269 384 3329 ito,
403 3269 503 3319 omisso
521 3267 604 3318 verbo
622 3267 799 3329 substantivo,
817 3267 896 3332 plane
913 3271 944 3318 ut
960 3269 1048 3320 Carm.
1067 3271 1098 3330 t,
1115 3269 1159 3330 tlt,
1179 3269 1230 3319 lit:

500 3351 560 3400 Tum
576 3352 656 3413 spisso
672 3353 752 3400 runis
768 3352 857 3402 laureo
871 3351 980 3416 sesuldus

498 3435 620 3484 Euctudet
636 3436 707 3484 lctus.
743 3437 799 3485 Non
817 3437 852 3485 itu
870 3436 967 3486 ltornuli

563 3519 759 3582 Praescrlptum
775 3523 799 3568 et
817 3520 908 3568 intonsi
925 3519 1026 3570 Catonis

629 3601 751 3663 Auspiciis
765 3607 924 3664 vescumque
939 3617 1038 3653 muno.

334 3687 467 3752 Aristoph.
485 3683 573 3736 Nubb.
592 3686 624 3733 it:
652 3684 688 3734 ot
706 3682 730 3733 δ’
755 3686 863 3736 οἰκέται
884 3683 1052 3756 ῥέγκουσιν·
1079 3681 1138 3738 ἀλλ’
1155 3681 1209 3739 οὐκ
1227 3683 1267 3739 ἄν
1283 3686 1341 3762 πρὸ
1357 3683 1406 3738 roei.

335 3773 432 3823 Padum
448 3781 528 3828 vero,
547 3779 608 3818 cum
625 3771 733 3833 proprie
751 3771 912 3822 contrarium
930 3774 963 3822 sit
979 3771 1107 3823 adverbio
1122 3786 1217 3835 nuper,
1242 3787 1297 3825 nou
1316 3776 1348 3824 ita
1365 3773 1408 3824 ire⁴

336 3857 449 3919 quanter
475 3865 523 3917 pro
545 3852 604 3900 otim
620 3864 713 3916 oppos.
731 3867 798 3902 nemo
814 3857 937 3920 usurpari
954 3857 1088 3917 concedo;
1116 3857 1165 3908 sed
1182 3857 1212 3907 tit
1229 3859 1322 3910 umen
1339 3861 1408 3908 inter-

336 3940 414 4000 dum,
434 3940 463 3988 ut
474 3937 564 3987 lustin.
578 3933 618 3996 3t,
632 3935 659 3984 3:
677 3937 780 3987 ltaliam
795 3939 918 3990 notiorem
931 3941 976 3990 siti
993 3953 1072 3992 nunc
1089 3955 1165 4004 moen
1179 3942 1304 4003 pridem
1319 3943 1407 4007 (istm

724 4062 742 4096 alf
1020 4065 1037 4096 ii

871 4110 889 4142 si

402 4209 572 4260 Memoranda
590 4225 660 4263 nnuc
678 4213 719 4262 est
736 4211 816 4260 etiam
833 4209 915 4260 lahnii
933 4211 1076 4263 novissima
1092 4211 1188 4262 horum
1200 4223 1330 4263 versuum
1342 4213 1409 4262 inter

335 4290 461 4352 prelatio,
481 4305 561 4354 quam
578 4293 686 4357 protulit
696 4296 722 4344 in
734 4292 878 4346 Annalibus
890 4295 945 4344 suis
962 4293 1026 4356 (Vol.
1039 4295 1081 4346 ti.
1095 4309 1119 4360 p.
1134 4295 1182 4346 iat
1193 4295 1245 4360 sq.)
1257 4295 1300 4346 liis
1312 4295 1405 4346 verbis.
