3130 4966
571 421 631 472 444.
650 422 670 472 4.
685 499 687 505 Α
705 420 773 472 sir.
791 422 834 472 444.
1206 420 1242 486 54

161 576 279 663 Turpia
301 576 467 664 decipiunt
488 596 622 644 oaeourn
644 577 734 654 vitia,
758 573 931 645 autetiam
955 578 1024 667 ipsa
1046 578 1127 646 haee

160 697 344 775 Delectant,
367 697 465 764 veluti
487 697 656 765 Balbinum
679 697 818 787 polypus
840 701 981 788 Hagnae.
1206 703 1247 767 lo

161 818 281 886 llellern
305 819 337 884 in
359 819 499 886 amicitia
521 821 568 888 sio
589 839 774 888 erraremus
797 831 830 887 et
854 821 905 887 isti

160 943 268 1008 llrrori
292 963 411 1008 nomen
433 942 534 1008 virtus
555 943 720 1030 posuisset
740 941 922 1010 honestum.

161 1067 199 1130 lt
219 1074 313 1152 pater
334 1072 369 1131 ut
390 1064 492 1151 gnati,
516 1065 564 1132 sic
585 1085 646 1131 nos
667 1064 840 1140 debemus,
864 1065 958 1132 amici

162 1185 194 1252 Si
217 1185 307 1272 quod
329 1185 516 1263 silvinum,
541 1206 606 1252 uon
627 1185 785 1253 fastidire:
809 1185 994 1253 strabonem

162 1305 308 1406 Appellat
326 1316 454 1394 paetum
476 1317 583 1395 pater,
607 1317 639 1374 et
654 1307 795 1394 pullum,
820 1307 902 1375 male
925 1329 1044 1396 parvus
1208 1311 1248 1376 m

162 1429 194 1494 Si
217 1428 270 1495 aui
292 1427 378 1495 filius
401 1439 464 1507 est,
488 1439 524 1494 ut
546 1428 710 1496 abortivus
733 1430 791 1496 luit
812 1429 889 1496 olim

226 1635 269 1688 40.
287 1635 374 1700 lanae
395 1635 514 1695 bonnet
536 1638 598 1699 (nou
619 1637 675 1700 BS).
697 1665 724 1674 -
748 1637 789 1688 44.
806 1639 888 1688 virtus
903 1651 992 1688 444444
1010 1653 1035 1704 p.
1057 1668 1083 1677 -
1103 1640 1143 1691 43.
1163 1642 1218 1690 nati

197 1711 224 1761 d.
246 1738 274 1748 -·
293 1710 333 1762 to.
348 1724 444 1774 paruos
460 1711 599 1775 Bantiqua
616 1712 756 1776 scriptura.

161 1899 250 1950 diosre
268 1895 380 1949 solent·
415 1896 456 1948 Ad
473 1909 553 1948 usum
569 1911 596 1946 v.
607 1911 687 1960 prae-
703 1910 708 1964 1
723 1897 825 1962 loretto
840 1898 966 1950 Prudent.
980 1899 1073 1950 Perist.
1094 1899 1133 1950 44.
1154 1923 1182 1936 -
1195 1901 1251 1950 otr-

159 1979 244 2025 aertor
261 1972 309 2024 cir.
328 1971 411 2022 Plaut.
428 1973 504 2036 capt.
524 1973 554 2034 4,
573 1971 602 2034 3,
622 1973 685 2023 4004
724 1972 772 2036 tas]
799 1985 911 2024 «seusus
937 1974 1008 2035 eius,
1035 1973 1108 2037 quod
1133 1987 1250 2038 aequum

160 2049 236 2099 sirei
248 2049 364 2111 pronun
376 2048 508 2110 prawortt
523 2047 593 2108 volo..
621 2049 684 2100 Clst.
724 2047 881 2112 bonumque
907 2052 975 2100 est.»
1001 2075 1028 2086 -
1051 2048 1181 2113 nominet]
1208 2051 1251 2102 Sic

159 2123 188 2184 tl,
208 2125 236 2182 4,
255 2123 286 2173 8:
305 2123 438 2184 praevorti
453 2123 688 2173 loecrrtum'stre-
725 2123 779 2174 Cic.
799 2123 877 2174 Tusa.
891 2122 962 2185 ao,
982 2125 1027 2174 ltl:
1047 2125 1091 2185 qai
1106 2124 1252 2174 4444444444

160 2197 204 2247 tas
219 2197 279 2247 44444
296 2196 417 2248 munitm.
433 2223 461 2232 —
474 2197 607 2261 decipiam]
622 2196 687 2248 ulal-
723 2198 827 2248 nomina
839 2203 994 2261 pomeretam
1013 2198 1051 2249 sie
1065 2198 1176 2249 τιθέναι
1187 2193 1252 2250 dvo

160 2271 228 2332 luat,
246 2270 356 2322 latent·
377 2299 405 2308 -
428 2271 556 2336 4444444444]
579 2272 685 2322 Lueret.
723 2287 811 2336 ματα.

160 2345 188 2406 4,
208 2347 289 2396 444444
316 2345 470 2396 Multimodis
491 2345 571 2409 laltm
588 2357 688 2408 pravas
756 2347 845 2398 43-48.
872 2353 901 2398 at
916 2347 998 2413 anati]
1017 2347 1101 2398 Intell.
1122 2349 1160 2400 «si
1177 2349 1250 2412 quod

159 2423 302 2484 4444444444
323 2421 435 2472 Mamm
458 2423 518 2472 44444
538 2421 566 2469 in
584 2421 684 2472 44444444.
724 2423 759 2473 sit
774 2423 882 2484 vitium,
909 2435 962 2472 nou
984 2422 1109 2474 fastidit.»
1130 2447 1157 2460 -
1175 2425 1251 2488 [astt-

161 2521 189 2533 -
206 2496 351 2560 Balbinum]
370 2496 486 2560 Spolrnio
508 2497 617 2546 auctore
641 2509 687 2546 re-
724 2497 792 2546 rlr're:
817 2496 966 2561 stratuum]
993 2497 1032 2547 De
1055 2496 1141 2548 vocali
1158 2512 1171 2547 4
1188 2501 1249 2548 unte

160 2572 292 2622 oeutiores
316 2571 477 2634 interpretes
496 2571 561 2621 satis
582 2572 686 2621 temere
724 2569 824 2621 litteras
840 2575 862 2620 st
874 2583 928 2622 nou
938 2570 1069 2634 producta
1080 2571 1134 2622 vid.
1148 2571 1183 2622 ad
1194 2573 1247 2622 Sat.

159 2644 307 2708 intelligunt
324 2644 358 2695 de
369 2645 397 2696 L.
412 2645 495 2696 Caelio
506 2644 613 2696 Balbino
625 2657 688 2696 oon·
724 2645 754 2704 4,
772 2645 803 2705 4,
828 2644 869 2695 30.
890 2673 918 2681 -
939 2645 1045 2694 «seram
1068 2645 1176 2707 dieitur,
1204 2646 1250 2710 qui

159 2718 215 2771 sule
233 2719 349 2770 suffecto
366 2732 390 2769 a.
403 2731 431 2768 u.
445 2733 469 2770 4.
483 2719 551 2782 tal..
571 2719 686 2770 conficto
723 2721 766 2770 est
782 2718 900 2770 distortis
917 2718 1014 2779 oeulis;
1033 2725 1125 2782 paam
1141 2723 1247 2782 autem,

159 2793 202 2844 illo
218 2808 234 2844 e
252 2791 363 2844 consule
387 2793 527 2845 Fastorum
548 2795 576 2844 L.
595 2795 687 2844 Samio
724 2793 770 2855 qui
787 2791 923 2845 estooulis
938 2793 1032 2844 leviter
1043 2791 1180 2845 declinatis
1192 2796 1250 2844 4444

160 2871 186 2919 44
201 2869 310 2919 Balbino
327 2881 374 2929 eo,
394 2880 476 2931 quem
487 2871 687 2932 4444444444)-
724 2881 777 2931 que
799 2867 852 2918 hue
869 2870 949 2931 atque
972 2866 1033 2918 illue
1054 2868 1160 2919 tremuli
1177 2867 1250 2919 eele-

158 2945 253 3008 pienns
266 2944 295 2992 B.
310 2943 340 2992 C.
353 2942 382 3004 4,
399 2944 440 2992 50.
460 2938 626 3008 ἐκφυγόντα
636 2943 687 2992 καὶ
723 2943 788 2992 riter
802 2941 970 2992 volvuntur.»
995 2943 1080 2994 Coun.
1094 2944 1172 3001 Cano.
1192 2945 1247 2995 Cic.

158 3013 338 3068 κατελθόντα
364 3017 415 3068 nol
445 3011 625 3068 ὑπατεύοντα
650 3011 685 3068 οὐ
725 3015 800 3066 dell.
814 3016 845 3066 D.
860 3017 887 3078 4,
907 3017 953 3066 29:
971 3018 1096 3068 4444444444
1112 3019 1178 3068 deos.
1197 3020 1249 3069 444-

159 3088 231 3143 πολὺ
244 3085 377 3161 ὕστερον.
398 3090 538 3142 Balbinum
551 3093 686 3157 quendam
724 3104 800 3152 quos,
827 3091 915 3140 sinon
939 3095 993 3140 tam
1016 3091 1192 3152 strabones,
1222 3099 1250 3144 at

160 3167 368 3230 (mesarianum)
392 3167 511 3216 nominat
534 3168 629 3218 Cicero
652 3166 687 3217 ad
720 3165 867 3228 paetulos
891 3177 941 3215 esse
966 3164 1144 3214 arbitramur?
1172 3168 1246 3218 ovid.
1291 3195 1294 3202 ι

158 3244 209 3293 Att.
221 3241 267 3301 43,
283 3242 330 3301 44,
345 3241 369 3291 3.
388 3239 441 3291 Sed
453 3239 486 3290 de
500 3241 606 3304 Hagnae
615 3254 688 3291 uma·
724 3245 754 3292 Α.
772 3240 802 3290 Α,
816 3240 846 3300 4,
865 3239 928 3289 64494
947 3239 975 3288 St
989 3245 1069 3301 pasta
1084 3245 1120 3289 444
1132 3238 1246 3304 (puellm,

158 3319 215 3368 tore
236 3329 271 3366 ne
292 3313 455 3365 scholiastae
477 3315 588 3378 quidem
608 3314 688 3379 quid·
725 3317 813 3366 Veneri
829 3314 917 3364 44444444
935 3313 1071 3376 (vocetur).
1107 3315 1248 3378 84444444,-

158 3403 241 3454 quem
267 3388 422 3440 attulerunt.
443 3417 470 3426 -
488 3390 605 3454 4444444]
632 3389 685 3440 Clr.
723 3389 873 3440 4444444444.
905 3388 1142 3452 (Aauytrrvoss,
1161 3389 1250 3441 44444-

158 3466 241 3530 Eposl
257 3467 305 3526 44,
318 3466 343 3514 5.
363 3464 464 3514 Eadem
476 3465 622 3528 quantitate
633 3465 687 3514 iam
724 3477 802 3527 4444
818 3461 966 3525 Kirehner.)
979 3489 1006 3498 -
1017 3461 1146 3514 similium
1158 3467 1249 3516 autem

159 3538 242 3590 Lucil.
256 3541 304 3600 49,
323 3540 364 3588 tl.
384 3540 411 3590 ln
428 3539 599 3590 fineversus:
616 3539 688 3601 4444-
723 3532 967 3606 ὑποκορισμάτων
994 3538 1106 3599 (lueret.
1128 3537 1157 3600 4,
1186 3539 1249 3590 troo

155 3629 204 3677 pm
220 3615 287 3676 ipsa.
322 3613 398 3681 Ouid.
413 3613 524 3663 llulieut.
543 3614 589 3662 344
612 3613 688 3674 Polu-
724 3625 784 3676 sqq.
798 3610 872 3662 Ovid.
885 3613 916 3662 A.
930 3613 960 3662 4.
977 3613 1001 3670 4,
1021 3612 1068 3661 647
1081 3611 1152 3675 sqq.)
1169 3610 1249 3662 veluti

155 3703 205 3752 pse
221 3690 316 3740 naara,
353 3689 484 3739 «Primam
496 3685 628 3751 syllabam
641 3689 688 3737 La·
724 3685 822 3737 landus
835 3688 877 3736 est
890 3685 961 3749 apud
979 3683 1042 3735 Plat.
1057 3685 1090 3734 de
1104 3687 1169 3747 Rep.
1181 3686 1205 3735 t.
1220 3698 1247 3749 p.

158 3765 205 3814 tini
226 3766 324 3829 poetae
346 3765 500 3813 constanter
520 3762 686 3826 producunt,
724 3760 782 3812 lll.
796 3763 826 3812 D.
842 3787 869 3798 -
879 3760 986 3822 4444444]
1005 3759 1162 3809 4444444444.
1183 3760 1251 3810 4444-

157 3837 294 3890 4444444444
311 3835 346 3887 illi
364 3836 490 3898 lormam,
510 3849 580 3899 quae
592 3832 687 3887 44444-
724 3836 791 3898 tiqui
807 3847 936 3899 puerum,
956 3847 1038 3897 quem
1055 3833 1115 3896 quis
1124 3833 1247 3893 amabat,

159 3927 215 3975 arog
231 3915 282 3972 est.
295 3913 451 3974 sequentes.
486 3909 593 3962 Fallitur
606 3911 688 3960 444444-
720 3908 1051 3972 patmeiusdioebanr.»
1072 3909 1173 3958 Fnsrus.
1193 3909 1249 3960 lloc

159 3987 261 4039 dorflus
278 3985 314 4036 ad
332 3986 358 4035 44.
377 3985 412 4036 l.»
441 3986 561 4037 lleineke
582 3987 685 4048 Fragm.
725 3997 832 4048 quoque
843 3997 951 4044 nomen,
964 3984 1143 4043 sioutPaetas,
1159 3985 1247 4046 Vana,

160 4063 236 4113 Com.
247 4063 267 4113 l.
276 4075 304 4127 p.
312 4062 371 4112 456.
383 4087 406 4098 -
417 4059 575 4124 4449444144)
587 4054 686 4127 ἁγνός,
725 4062 846 4122 Scaena,
857 4061 915 4110 erat
925 4057 1072 4122 proprium,
1086 4059 1136 4108 etsi
1148 4071 1247 4110 rarum.
1260 4093 1263 4100 -

160 4148 260 4188 nomen
282 4136 355 4186 haud
378 4135 534 4199 infrequens
557 4137 638 4187 etism
661 4135 687 4185 iu
724 4135 752 4184 L.
763 4135 850 4184 444444
859 4133 944 4184 raam
953 4133 1013 4183 Cos.
1025 4132 1105 4182 inita.
1116 4147 1142 4182 u.
1153 4131 1248 4183 ool.-

160 4212 293 4276 lusaiptt.
326 4221 426 4261 44444444
443 4223 594 4262 conssnrrr.
621 4209 688 4263 tlal-
725 4207 861 4273 abortivas]
879 4207 955 4271 qussi
971 4209 1081 4272 propter
1098 4206 1250 4257 abortumu

161 4297 218 4336 vas.
245 4287 341 4339 4444444.
364 4283 431 4336 Fels.
453 4298 479 4350 p.
498 4285 555 4336 378.
592 4285 687 4350 44444,
726 4286 811 4334 matre
833 4282 932 4333 lactum
955 4293 1040 4332 nauus
1061 4281 1197 4332 evasisset.
1220 4303 1246 4314 ·-
