3082 4968
298 389 359 454 iil
678 389 806 440 uonnru
824 390 1004 441 suricinum

340 549 421 615 Cum
442 547 542 634 Lycio
565 527 704 621 (linceo,
728 545 874 612 discedet
896 545 1030 632 pigrior,
1056 543 1138 611 ultro

339 667 525 736 Muneribus
548 667 671 733 missis:
695 669 856 732 -Bruto
879 677 1029 752 praetore
1053 675 1181 733 tenente

338 791 443 857 Ditem
465 790 587 864 Asiam,
612 787 716 876 Rupili
738 798 772 854 et
794 788 883 854 Persi
906 809 965 875 pur
988 799 1122 875 pugnat,
1145 789 1191 854 uti
1213 808 1277 854 non

339 912 558 1000 Composituui
580 909 695 977 melius
717 931 792 977 cum
812 909 904 977 Bitho
926 907 1092 976 Bacchius.
1138 911 1173 974 ln
1197 909 1245 975 ius
1342 911 1385 974 ΞΟ

339 1037 438 1100 dores
460 1043 667 1120 procurrunt,
692 1053 841 1119 magnum
864 1030 1083 1118 spectaculum
1108 1041 1255 1118 uterque.

338 1155 469 1220 Persius
490 1155 620 1240 exponit
642 1173 790 1231 causam;
818 1151 940 1218 ridetur
962 1151 1003 1218 ab
1022 1153 1107 1218 omni

363 1353 402 1403 li.
422 1353 526 1401 discedet
544 1351 659 1401 Pollierii
677 1363 754 1400 uuus.
777 1378 802 1386 —
819 1351 949 1413 pulchrior
966 1349 1083 1400 Pollierii
1100 1350 1169 1400 octo.
1191 1375 1217 1384 —
1238 1350 1278 1400 te.
1297 1351 1350 1400 liu·

326 1428 382 1490 puti
398 1429 424 1476 S·
444 1453 472 1463 -
500 1427 540 1475 so.
568 1425 722 1488 Compositis-s
738 1424 819 1490 bcdp,
837 1425 954 1475 Pottierii
971 1422 1106 1487 plerique,
1125 1423 1190 1483 LCt,
1218 1423 1351 1486 Conpositi

330 1517 363 1552 er
380 1513 433 1551 uno
451 1500 515 1551 cod.
534 1499 731 1562 Magdelenensi
749 1499 781 1563 (vt
799 1494 940 1548 Bentleius.
961 1498 999 1560 [Ut
1017 1509 1083 1558 nos,
1102 1497 1134 1558 S,
1154 1495 1276 1548 «dimidiu
1293 1497 1350 1548 iere
1395 1553 1398 1558 ,

328 1587 392 1640 pars
409 1575 554 1625 Codicum»
572 1573 681 1625 Bentleii
699 1577 726 1624 et
742 1577 797 1624 tres
815 1573 949 1635 Pottierii.)
970 1597 998 1608 -
1024 1571 1101 1632 «liic,
1120 1574 1150 1621 ut
1169 1571 1224 1622 iere
1241 1583 1352 1637 semper

329 1652 356 1701 in
373 1647 526 1700 nominibus
542 1649 667 1714 propriis,
686 1649 790 1698 varient
807 1647 934 1698 Codices:
959 1647 1042 1708 strio,
1060 1648 1130 1709 Bito,
1148 1647 1221 1708 Rieu,
1240 1647 1267 1696 et
1282 1647 1351 1696 Boe-

328 1725 409 1787 clttus,
427 1725 535 1775 Racilius
545 1727 614 1774 cet.»
632 1724 724 1773 Burri.
740 1749 767 1760 -
781 1724 810 1773 ln
821 1722 868 1787 ins]
886 1723 953 1773 intus
969 1736 1002 1774 ex
1020 1723 1085 1774 Cod.
1099 1721 1191 1774 Bland.
1211 1723 1348 1785 antiquiss.

330 1801 358 1850 C.
381 1827 407 1836 -
427 1800 467 1850 st.
486 1804 639 1850 conuertunt
655 1798 736 1849 bscd.
773 1799 812 1858 iot
829 1809 891 1860 nos,
911 1799 1025 1848 Pettierii
1043 1799 1167 1862 septem.)

297 1952 338 1999 est
355 1950 511 2008 auctoritas,
530 1961 593 1999 uam
611 1949 701 1998 nititur
718 1947 823 1996 dumte-
856 1945 952 1996 iudicet
967 1945 1096 2009 placitator
1111 1959 1170 1996 men
1185 1945 1388 2010 tefeicrecom·

296 2025 341 2074 rat
357 2024 407 2073 hac
426 2022 545 2073 Lambini
557 2022 742 2072 adnotatione:
764 2034 823 2070 «ue-
853 2020 924 2082 poni.
960 2021 1049 2070 Lectio
1066 2022 1215 2084 conpositio
1228 2023 1286 2072 orie
1298 2025 1388 2074 estex

295 2099 347 2162 net]
365 2099 404 2150 sic
419 2097 521 2148 habent
537 2099 593 2148 tres
609 2095 669 2148 libri
685 2107 820 2146 manuscr.
858 2094 1106 2145 accommodatione
1131 2094 1167 2146 ad
1190 2109 1217 2146 v.
1242 2097 1386 2158 Bacchico,

297 2175 364 2224 Dou.
392 2173 484 2223 Fuern.
511 2173 604 2232 Turn,
634 2171 751 2222 nonnulli
779 2169 821 2220 elii
858 2181 969 2232 prorsus
986 2168 1299 2221 arbitreriulientleiene.
1319 2170 1386 2234 (Cir⁴

296 2253 402 2298 verset.»
437 2247 513 2310 (Fece
536 2244 641 2310 nulius.)
666 2271 693 2282 -
717 2245 822 2310 Glauco]
857 2243 945 2304 Reisig
968 2243 1025 2294 Lot.
1050 2244 1180 2308 Sprociw.
1205 2259 1231 2310 p.
1257 2245 1326 2309 328.)
1355 2271 1387 2282 —

298 2322 376 2386 Apud
397 2322 545 2372 iiomerum
565 2320 675 2383 quidem
697 2321 823 2384 (quocum
857 2317 1136 2383 metriasmon]
1149 2320 1310 2383 Porphyris:
1325 2320 1389 2370 «Bi-

298 2396 368 2448 ooni.
387 2396 499 2456 Quintus
516 2397 621 2458 Smyru.
641 2396 671 2456 3,
689 2395 822 2459 eta-285.)
858 2392 920 2442 ilius
935 2395 963 2443 et
978 2393 1109 2445 Bacchius
1120 2393 1279 2458 gladiatores
1290 2395 1388 2458 optimi

298 2472 407 2523 minime
425 2471 534 2533 ignavus
551 2473 702 2534 comparet,
721 2470 771 2521 sed
782 2473 823 2520 tu-
858 2466 907 2518 illis
925 2467 1092 2531 temporibus
1110 2469 1229 2530 luerunt,
1256 2469 1301 2532 qul
1321 2481 1389 2522 cum

300 2559 363 2596 rnen
380 2558 432 2595 nou
450 2544 638 2608 sinequedum
655 2546 738 2595 ironia
756 2544 784 2595 11.
798 2547 821 2608 ζ,
859 2540 957 2593 multos
991 2543 1207 2606 interemissent,
1248 2546 1389 2596 commissi

297 2620 358 2672 234:
381 2612 460 2669 Ἔνθ’
483 2609 553 2669 αὖτε
573 2615 696 2686 Γλαύκῳ
718 2619 823 2691 Kpovt-
858 2618 929 2667 iuter
949 2629 979 2668 se
1001 2619 1101 2669 mutuis
1121 2616 1276 2670 volneribus
1294 2619 1389 2670 conci-

298 2694 351 2760 δης
362 2695 470 2764 φρένας
481 2690 593 2757 ἐξέλετο
604 2689 739 2758 misit,-
750 2693 823 2767 πρὸς
858 2693 963 2742 derunt.
999 2693 1117 2743 Etcum
1140 2691 1237 2744 eodem
1260 2695 1386 2758 ternpore

299 2765 436 2834 Τυδείδην
456 2765 604 2834 Διομήδεα
618 2765 712 2831 τεύχε’
738 2765 823 2837 dper-
857 2765 967 2827 mulier,
1003 2779 1072 2831 quee
1101 2769 1206 2831 septem
1235 2765 1386 2830 extulerat,

298 2846 364 2908 βεν,
385 2839 505 2916 Χρύσεα
521 2842 677 2906 χαλκείων,
696 2843 823 2912 §meop-
858 2839 973 2891 nuberet
1004 2842 1043 2902 ei,
1078 2841 1124 2905 qui
1151 2855 1250 2893 uxores
1278 2844 1387 2908 septem

299 2919 357 2982 {iot’
379 2917 561 2979 ἐννεαβοίων.
596 2921 644 2972 Est
660 2921 738 2984 igitur
754 2921 822 2974 haec
858 2916 999 2976 amiserat,
1019 2918 1188 2981 compertum
1201 2920 1244 2966 est
1254 2917 1388 2982 epigram-

299 3007 407 3060 quoque
425 3007 458 3044 ex
475 2993 652 3057 perodiisiilis
665 2997 821 3060 Homericis,
859 3003 902 3041 ¹¹¹⁸
928 2989 980 3040 lule
1000 3027 1005 3040 ·
1026 3028 1032 3040 ·
1053 3007 1075 3041 ·¹·
1113 2992 1165 3053 (Sic
1190 2989 1237 3042 Ed·
1258 2991 1387 3056 prinecps

299 3069 398 3135 quibus
414 3069 528 3121 refertus
545 3072 587 3121 est
603 3071 748 3132 Lucienus,
773 3073 824 3122 ite-
858 3067 925 3116 Ven.
945 3064 1018 3116 ll8l.
1038 3065 1206 3130 Epigramma
1226 3067 1316 3130 ipsum
1337 3079 1387 3118 ex-

299 3157 352 3208 que
369 3141 472 3194 ridiculi
492 3156 573 3195 causa
594 3145 732 3208 dicebant,
760 3161 824 3211 pro-
859 3141 935 3200 cidit,
954 3145 1121 3203 mmm.
1141 3140 1168 3191 ld
1185 3143 1239 3202 0⁵⁸,
1260 3153 1387 3207 “0⁰ffl90·

299 3223 360 3283 pter
377 3219 507 3282 ignaviam
525 3219 653 3272 Glaucum
666 3237 681 3272 a
694 3222 824 3273 Diomede
859 3217 965 3266 silum·
1001 3217 1039 3266 Do
1051 3218 1105 3266 lota
1117 3218 1208 3267 aulem
1225 3215 1320 3267 labella
1333 3217 1387 3267 du-

300 3293 370 3344 dono
383 3292 425 3342 illo
437 3294 518 3344 vitam
535 3294 694 3346 redemisse.
715 3296 824 3358 (Eadem
859 3289 945 3340 hilm
957 3289 1037 3352 licei)
1054 3291 1138 3340 A⁰f⁰²
1159 3291 1305 3341 ‘31thst
1317 3291 1386 3341 Βᾶθ-

300 3368 497 3432 compuretione
519 3371 615 3429 quater
636 3371 718 3420 utitur
742 3371 825 3422 Maxi·
859 3365 934 3415 chius
943 3363 1119 3428 gladiatorum
1131 3366 1239 3416 nomina
1248 3364 1385 3418 celebrate

301 3453 361 3492 mus
373 3439 467 3502 Tyrius
479 3438 503 3500 3,
516 3441 540 3490 5.
560 3442 584 3502 6,
597 3441 622 3492 3.
640 3443 720 3504 39,l.
738 3441 822 3504 toi.
859 3438 930 3502 apud
956 3439 1111 3489 Suetonium
1137 3439 1319 3504 tranquillum
1345 3443 1386 3502 tin

300 3516 367 3566 item
392 3511 548 3565 Plutarchus
571 3515 632 3565 edv.
654 3517 756 3567 stoicos
782 3519 822 3568 tt.
858 3512 933 3564 libris
950 3512 1104 3577 deperditis)
1122 3513 1173 3565 sub
1190 3517 1337 3578 Augusto.»
1355 3543 1385 3554 .-

299 3587 412 3640 Videtur
438 3587 534 3638 usitate
561 3587 643 3640 luisse
670 3590 696 3641 iu
722 3589 824 3643 scholis
856 3590 886 3638 ln
903 3589 943 3638 ius
962 3589 1151 3654 -procunum
1170 3591 1246 3653 qussi
1264 3591 1290 3640 iu
1309 3603 1387 3642 mm·

300 3661 540 3729 philosophorum.)
553 3691 580 3700 -
590 3664 679 3729 missis]
692 3665 718 3716 h.
729 3664 746 3717 l.
761 3665 826 3717 «ob-
858 3676 938 3728 pum,
957 3665 987 3713 ut
1003 3661 1099 3714 milites
1112 3665 1181 3716 inter
1191 3677 1222 3716 se
1233 3666 1384 3729 pugnaturi.

300 3737 374 3799 letis,
400 3735 495 3788 detis.»
527 3763 555 3774 ·-
584 3742 679 3790 mente
697 3765 712 3776 -
730 3739 823 3806 Asiam]
858 3735 947 3789 Altera
964 3736 1043 3789 lectio
1060 3744 1215 3790 conmmmt
1230 3739 1319 3790 minus
1336 3751 1388 3803 ap-

300 3817 328 3864 et
364 3814 428 3862 tunc
462 3809 628 3864 Clazomenis
662 3819 824 3868 conventum
858 3813 944 3878 posite
962 3816 1005 3864 est
1020 3814 1055 3864 sd
1071 3827 1114 3864 vv.
1130 3814 1158 3863 tn
1174 3813 1222 3864 ius.
1258 3814 1386 3864 Ceterum

300 3889 405 3950 egente.
859 3887 895 3940 de
920 3888 1052 3954 frequenti
1075 3888 1230 3940 contusione
1256 3889 1325 3938 inter
1340 3899 1385 3936 vv.

332 3960 422 4011 20-27.
449 3959 630 4027 mestun]
657 3977 728 4028 «pur
752 3965 825 4016 elus-
858 3976 1010 4028 promerere
1040 3965 1068 4015 et
1097 3975 1248 4014 concurrere
1277 3961 1325 4013 cir.
1353 3962 1385 4011 N.

299 4035 388 4095 modi,
414 4035 445 4084 ut
461 4047 514 4084 non
532 4039 712 4101 compositum
729 4038 825 4091 melius
860 4038 950 4089 Heius.
970 4041 998 4090 et
1021 4038 1155 4090 Drakenb.
1174 4037 1209 4089 ed
1233 4035 1277 4088 Sil.
1301 4034 1384 4087 italic.

299 4123 349 4176 pur
360 4109 395 4160 slt
411 4121 474 4160 cum
486 4110 561 4161 Bitho
573 4112 728 4166 Bacchius·
755 4115 826 4166 Coni-
860 4117 890 4179 i,
915 4118 973 4169 eoo.
998 4143 1026 4154 -
1048 4118 1154 4182 ridetur]
1182 4103 1386 4180 «decipiendum

296 4185 406 4248 position
429 4186 520 4235 eutem
545 4186 581 4237 ad
605 4187 822 4253 depugnandum.
861 4189 1085 4256 impersonaliter,
1104 4195 1134 4242 ut
1149 4192 1197 4252 sit,
1217 4189 1287 4241 ridet
1296 4189 1385 4241 omnis

299 4261 402 4312 senece
419 4259 454 4312 de
477 4260 581 4312 Provid.
601 4261 631 4312 3:
657 4265 825 4330 Ipnominimn
860 4265 1034 4316 conventus.»
1051 4267 1186 4318 muninus.
1205 4261 1387 4328 Volgoexpli-
