3082 4968
667 397 795 446 iiOiiiTii
812 395 993 448 sisinniiiiii

692 889 977 951 um!-

332 1025 446 1106 Lucila',
470 1044 566 1112 quom
587 1024 630 1090 u's
652 1023 833 1104 mendosus,
856 1032 930 1088 teste
953 1021 1081 1100 Catone,

334 1147 501 1234 Deseruere
522 1156 591 1226 tuo,
608 1147 805 1232 paratorum,
827 1145 881 1232 qui
900 1144 983 1210 mole
1005 1143 1107 1230 socios

335 1268 514 1336 Emendare
530 1277 630 1356 porat
651 1288 777 1346 aarum·
797 1267 854 1334 boc
875 1267 973 1332 tanim
993 1265 1058 1346 iiie,

333 1395 394 1460 Est
415 1415 476 1481 quo
496 1394 545 1458 eir
565 1391 689 1472 nator,
711 1389 961 1477 insperabiliter
984 1389 1051 1469 iiio,

357 1583 425 1633 SAT.
444 1583 474 1632 x.
509 1581 559 1632 liv.
580 1582 650 1632 i-8.
670 1579 826 1632 subditicios
843 1578 971 1631 exhibent
988 1577 1073 1629 Codd.
1089 1579 1167 1629 Bern.
1181 1579 1212 1629 li.
1225 1579 1267 1629 ti.
1287 1581 1348 1629 Sec.

326 1658 358 1708 il.
378 1657 429 1720 (bi,
452 1658 483 1708 ii.
506 1655 563 1708 oia.
588 1658 647 1706 Sec.
668 1655 698 1706 ii.
719 1656 767 1720 (o),
792 1657 823 1706 N.
845 1655 902 1705 oio.
927 1655 986 1706 Sec.
1007 1655 1059 1704 iiii.
1079 1655 1129 1717 (ir),
1154 1655 1184 1704 ii.
1206 1655 1264 1704 327.
1288 1657 1348 1704 Sec.

323 1733 390 1783 liiii.
410 1733 445 1796 (i),
471 1730 682 1796 Peiropoiitauus
701 1731 745 1795 ip),
764 1728 856 1782 Aldina
874 1731 964 1793 isus,
982 1731 1023 1781 LC
1043 1731 1165 1793 (uterque
1189 1732 1215 1780 in
1238 1728 1351 1780 adnota-

325 1805 463 1868 tionibus),
490 1807 541 1858 Fea
559 1809 588 1856 et
603 1805 734 1857 Heindorf
749 1806 782 1868 (in
801 1808 941 1868 contentu,
968 1805 1017 1856 sed
1034 1803 1127 1856 litteris
1144 1805 1298 1866 inclinatis),
1325 1807 1350 1856 ii

327 1880 384 1946 ised
401 1879 539 1945 seclusos).
574 1882 627 1932 Eos
644 1880 770 1932 omittunt
786 1879 852 1932 Cod.
866 1879 1057 1944 sangallensis,
1076 1880 1178 1932 Veneta
1196 1880 1286 1942 list,
1304 1879 1351 1930 Ai-

326 1956 388 2008 dina
406 1957 496 2018 isti,
520 1957 691 2016 Torrentius,
719 1953 865 2018 Bentleius,
893 1955 1064 2006 ilirchnerus.
1086 1982 1113 1991 —
1133 1955 1351 2020 i.qaom]‹1uod

326 2030 411 2081 Codd.
430 2029 560 2081 Lambini.
589 2055 618 2066 -
644 2029 669 2080 i.
690 2031 848 2092 Ouoendior
863 2031 904 2080 vir
920 2036 955 2080 est
971 2030 1023 2093 bt,
1044 2032 1098 2093 ouo
1114 2031 1203 2082 ordior
1218 2032 1259 2080 vir
1275 2035 1299 2080 oi
1315 2035 1351 2080 est

327 2106 391 2157 bet
406 2105 428 2164 i,
456 2106 510 2167 ouo
526 2106 568 2154 oir
583 2109 619 2154 est
634 2104 723 2154 melior
739 2119 766 2170 p,
794 2107 848 2168 ooo
864 2104 953 2154 owiior
967 2105 1010 2154 otr
1025 2105 1064 2154 tio
1081 2110 1116 2155 est
1133 2105 1167 2168 C,
1192 2107 1245 2168 Quo
1261 2103 1351 2155 molior

325 2181 368 2230 air
383 2181 454 2230 adest
470 2193 503 2230 ex
521 2179 586 2230 Cod.
605 2176 720 2229 Beroiin.
740 2179 943 2244 interpolatione
961 2179 1097 2232 iieindori.
1129 2179 1168 2243 (Ut
1185 2193 1246 2241 nos,
1266 2179 1300 2242 o.)
1320 2205 1348 2215 -

328 2255 401 2319 torpa
418 2267 449 2304 oc
465 2254 579 2304 adiutor
596 2256 626 2304 C.

326 2404 358 2454 il.
377 2403 450 2454 ilaec
467 2405 547 2456 satiro
559 2403 743 2455 defensionem
755 2416 821 2454 con·
857 2403 897 2454 Ab
920 2402 1016 2453 eadem
1037 2401 1168 2467 particula
1185 2403 1277 2468 incipit
1302 2407 1386 2456 Persii

296 2479 362 2529 tinet
378 2478 481 2540 iudicii,
505 2477 578 2543 quod
598 2479 720 2531 Horatius
737 2478 821 2528 Satira
858 2479 940 2528 Satira
964 2478 1051 2528 teriia.
1076 2505 1103 2515 -
1126 2479 1388 2542 inconposito-pado

295 2551 374 2603 buius
391 2549 452 2602 iibri
468 2555 563 2616 quarta
575 2553 609 2603 de
621 2551 720 2604 Lucilio
732 2565 822 2616 prom·
857 2566 960 2604 currem
969 2551 1065 2617 omno]
1080 2566 1205 2619 «asperos
1216 2553 1387 2619 scabrosque

294 2628 398 2691 pserat,
428 2626 462 2677 ab
489 2627 658 2691 antiquariis,
687 2627 821 2691 perversis
857 2627 1005 2692 permultos
1027 2641 1124 2680 versus
1147 2641 1234 2680 esse.»
1274 2631 1328 2682 Sat.
1355 2632 1385 2692 i,

295 2700 479 2764 buiuspo'etao
492 2701 651 2764 fautoribus,
672 2702 823 2752 iniustere-
858 2701 887 2763 i,
909 2702 937 2752 8:
963 2703 1043 2752 dorsis
1064 2716 1212 2765 conponere
1232 2717 1327 2755 amau.
1355 2733 1384 2743 -

294 2775 434 2838 prehensi,
453 2775 586 2840 simulque
605 2775 686 2827 multa
705 2788 767 2826 cum
778 2789 823 2825 ur-
855 2776 944 2840 foetor
959 2777 1039 2839 inepte
1055 2777 1098 2840 esi]
1119 2777 1189 2827 Cave
1207 2777 1311 2830 scribas
1330 2781 1388 2830 iao-

295 2846 414 2900 bonitate
426 2852 565 2911 monstrat,
579 2863 660 2914 quam
672 2851 758 2901 insciti
769 2850 823 2901 sint
854 2854 914 2913 piro
935 2864 997 2902 cum
1020 2851 1170 2915 Doeringiu.
1210 2853 1268 2904 Est:
1300 2855 1387 2915 «Quis

295 2923 824 2990 homincsatquerecteiudioandiiacui-
858 2927 912 2976 iom
932 2926 989 2976 tam
1011 2925 1102 2990 inepto
1125 2925 1206 2976 modo
1229 2927 1328 2978 Lucilio
1346 2929 1388 2980 ia-

297 2997 350 3048 taie
368 2998 500 3062 destituit,
525 3002 570 3065 qui
590 3003 699 3067 propter
716 3013 822 3052 merum
858 3001 917 3062 vet,
935 3003 1068 3065 utaperta
1080 3001 1137 3051 eiras
1153 3000 1215 3050 vitia
1228 3005 1341 3064 negetis
1356 3031 1385 3040 .-

296 3073 388 3124 odium
402 3074 532 3127 adversus
546 3075 687 3141 aequalem
700 3080 822 3128 veterem
857 3076 917 3141 soie]
934 3076 1021 3126 «solea
1036 3073 1173 3140 pluraliter
1188 3074 1294 3126 dicendi
1312 3081 1385 3138 sunt,

296 3151 404 3212 postam
430 3151 517 3202 nimiis
542 3150 666 3204 laudibus
687 3151 821 3202 extollant.
858 3164 922 3202 cunr
938 3149 1077 3201 urbanitas
1097 3149 1286 3213 significatur.»
1321 3155 1385 3203 Acri.

297 3225 406 3290 Egregia
423 3229 513 3279 autem
536 3229 587 3278 hac
609 3228 771 3280 defendendi
792 3241 822 3280 se
859 3226 912 3278 Sed
935 3227 989 3278 Cic.
1008 3225 1043 3276 de
1060 3227 1090 3274 N.
1108 3227 1140 3276 Ι).
1159 3227 1188 3286 t,
1207 3227 1254 3287 ts,
1273 3226 1319 3278 ii:
1347 3229 1389 3278 iio

299 3299 388 3351 oblata
416 3303 557 3353 occasione
584 3306 729 3367 praecepta
757 3304 823 3354 artis
858 3303 936 3352 solem
952 3303 1042 3362 mam,
1060 3314 1109 3362 quo
1125 3306 1197 3352 corat
1212 3307 1297 3351 aesna
1313 3303 1387 3368 (Epi-

297 3375 419 3440 po'etioae
436 3377 537 3440 passim
547 3377 648 3429 inserit.
668 3379 771 3443 Scripta
782 3379 824 3427 vi·
859 3375 1010 3438 cursorum)
1028 3376 1112 3436 notio,
1131 3375 1157 3424 ia
1172 3375 1390 3428 inidmdisoottr

297 3448 377 3499 detur
393 3449 511 3501 Webero
528 3453 556 3500 at
572 3451 741 3502 Groieiendio
756 3466 781 3502 a.
797 3466 821 3502 u.
858 3451 960 3501 nolitote
981 3463 1133 3500 consensere.
1169 3450 1225 3501 Cic.
1250 3451 1328 3502 Tusc.
1353 3453 1386 3512 5,

298 3523 402 3586 o.ii8.,
415 3524 641 3588 Franirioa.ii9.,
657 3527 821 3589 Weicberto,
860 3526 904 3586 io,
927 3527 973 3575 55:
1001 3525 1028 3575 io
1050 3537 1100 3586 quo
1121 3525 1159 3587 (C.
1180 3525 1304 3588 Caesare)
1325 3528 1389 3576 miti

298 3598 444 3650 liirclrnero
471 3597 582 3663 aliisque
610 3613 634 3650 a.
664 3602 723 3652 723.
766 3601 823 3660 Quo
858 3601 957 3651 oidetw
972 3601 1094 3662 specim
1115 3601 1191 3664 sclusa
1206 3601 1386 3664 bronoottotis,

297 3687 364 3724 vero
382 3673 519 3725 intervallo
537 3676 604 3726 intra
616 3679 739 3740 quartam
752 3690 825 3728 com·
859 3675 1095 3736 sollemnitatis,
1118 3675 1218 3738 aporos
1247 3676 1320 3726 Brut.
1339 3674 1387 3739 ai,

299 3749 385 3813 posita
402 3751 447 3812 sit,
467 3751 590 3816 quisnam
605 3751 730 3802 deliniet?
747 3751 824 3803 iiaud
861 3749 921 3800 itS:
948 3749 975 3799 Ρ.
993 3749 1104 3811 Scipio-
1115 3763 1224 3800 -omner
1242 3750 1295 3800 sote
1315 3749 1390 3813 foco·

298 3825 377 3874 nimis
394 3824 485 3886 brevi,
503 3827 534 3875 ut
550 3825 616 3876 mibi
630 3826 825 3890 quidamvida-
859 3825 949 3886 titsoue
971 3823 1116 3888 meatui.
1161 3823 1236 3875 coni.
1264 3824 1330 3890 Epp.
1356 3825 1387 3886 ἱ,

299 3901 350 3948 tur.
370 3925 397 3936 -
410 3900 449 3949 lie
466 3898 591 3951 versibus
602 3899 751 3952 subditiciis
763 3899 823 3950 vida
860 3900 888 3960 Ξ,
906 3898 947 3950 iiii.
963 3927 991 3936 -
1009 3899 1134 3962 depluat]
1152 3899 1183 3951 ut
1200 3897 1276 3950 dolor
1292 3899 1387 3961 oritur,

299 3973 447 4024 Excursum
463 3975 484 4024 i.
860 3973 906 4024 ubi
928 3971 983 4024 saie
1007 3972 1153 4024 deiricaiur
1169 3973 1237 4024 cutis
1254 3971 1388 4026 vibicibus

333 4047 387 4096 i-s.
406 4048 508 4114 neapo]
527 4049 728 4108 «concedentis,
747 4050 824 4113 quasi
860 4045 901 4098 vei
925 4045 975 4097 aiio
997 4060 1051 4112 quo
1069 4047 1150 4099 modo
1174 4047 1262 4109 laesa,
1288 4049 1328 4098 sic
1345 4045 1387 4100 iile

299 4119 415 4183 diceret,
434 4121 518 4173 iateor
535 4123 718 4175 medrisse.»
737 4123 821 4174 Coss.
860 4119 986 4174 ridiculos
1011 4125 1038 4173 et
1065 4135 1209 4187 perversos
1234 4121 1388 4186 aequalium

300 4195 378 4254 Cano.
409 4196 456 4246 Est
472 4200 590 4248 nostrum
604 4201 638 4262 jo
652 4198 730 4259 wotl,
749 4198 824 4248 oile-
860 4209 949 4248 mores
975 4196 1074 4248 acerbe
1103 4195 1257 4262 castigando
1288 4196 1388 4250 multos

299 4270 379 4334 diepa.
403 4271 477 4322 coni.
492 4273 566 4324 iiand
579 4274 654 4325 Turs.
668 4273 710 4324 iv.
723 4286 750 4337 p.
766 4272 821 4324 iti.
858 4271 949 4334 laesit,
975 4272 1041 4326 dum
1057 4271 1157 4326 salibus
1174 4284 1206 4323 ac
1224 4271 1326 4324 facetiis
1344 4273 1386 4334 iis,
