3022 4984
290 441 352 506 780
635 480 638 486 ,
768 442 897 495 HORATII

333 601 365 666 Si
389 597 564 666 defendere
586 597 738 666 delictum
759 619 857 687 quam
880 609 1007 668 vertere
1029 597 1159 676 malles,

331 719 458 790 Nullum
480 718 564 786 ultra
584 719 720 787 verbum
743 731 799 788 aut
819 741 954 808 operam
976 719 1158 788 insumebat
1179 720 1331 796 inanem,

331 842 417 922 Quin
439 842 509 909 sina
533 840 623 908 rivali
645 851 745 930 teque
766 851 799 910 et
820 852 875 910 tua
897 841 986 910 solus
1009 862 1145 910 amares.

330 962 510 1030 virbonus
533 972 566 1030 et
586 960 730 1051 prudens
753 983 868 1030 versus
890 962 1108 1051 reprehendet
1130 964 1266 1040 inertes,
1320 964 1389 1028 445

331 1083 480 1172 Culpabit
501 1083 616 1162 duros,
637 1084 811 1172 incomptis
833 1083 955 1152 adlinet
975 1094 1080 1154 atrum

353 1255 410 1307 443.
428 1255 539 1306 suuselot
547 1255 619 1317 liegii
631 1257 737 1320 septem
749 1257 775 1305 ei
786 1255 819 1305 Ct
836 1254 996 1316 (nosuorum
1010 1251 1113 1317 nullus).
1129 1283 1157 1291 -
1171 1251 1229 1305 445.
1242 1267 1351 1317 repres-

320 1331 356 1380 ou
374 1330 427 1392 (sic)
446 1331 476 1390 S,
494 1329 649 1392 repressus
666 1330 693 1390 a,
711 1330 889 1392 reprensuros
907 1329 964 1392 pic)
983 1331 1011 1380 r.
1027 1357 1055 1365 -
1068 1328 1125 1380 tto.
1141 1329 1256 1392 οοιρτοο
1273 1329 1301 1378 s.
1318 1357 1348 1365 -

320 1403 377 1455 447.
398 1405 547 1454 Transverso
563 1403 665 1468 bi'cdp‚
685 1404 746 1465 hcl,
765 1402 908 1464 Bentleius,
927 1403 950 1454 J.
965 1405 1005 1467 (tit
1021 1415 1083 1464 nos,
1102 1403 1138 1466 S.)
1154 1431 1180 1440 -
1201 1401 1258 1454 448.
1277 1406 1349 1466 cepit

288 1549 411 1613 χάλκευε
427 1548 570 1620 γλῶσσαν.
602 1555 700 1616 (ipsum
717 1551 814 1603 Pinda-
852 1550 917 1602 locis
942 1565 957 1602 a
979 1547 1098 1603 Bentleio
1119 1549 1238 1602 collectis
1261 1552 1303 1615 (p.
1321 1551 1384 1602 794.

288 1641 348 1678 rum
365 1631 445 1678 vocat
466 1623 592 1694 οὐαγέωτ
614 1627 683 1690 (bene
700 1631 814 1677 tornato·
851 1627 899 1678 Ed.
928 1625 1073 1678 amstelod.
1095 1626 1186 1688 4788.)
1212 1640 1245 1676 ex
1271 1626 1387 1676 Sidonio

286 1701 355 1767 rum)
372 1695 465 1770 βαρὺν
476 1695 575 1767 ὕμνων
586 1697 748 1761 χαλκεοτὰν
759 1703 814 1751 An·
851 1699 934 1764 Apoll.
954 1699 980 1762 4,
1001 1700 1030 1750 i:
1057 1701 1132 1752 &tisis
1149 1699 1285 1762 (Eusebii)
1300 1701 1388 1762 pliiio·

288 1777 385 1842 iipater
405 1775 496 1827 Sidon.
517 1773 621 1827 anthol.
641 1773 722 1826 Palai.
743 1777 762 1826 1.
786 1788 812 1841 p.
850 1774 953 1836 sopttce
968 1775 1056 1826 incude
1071 1775 1208 1838 sarculis,
1227 1787 1259 1825 ao
1271 1777 1386 1839 specio-

287 1849 355 1914 347.)
374 1850 537 1900 Ovidirist.
553 1852 581 1911 4,
601 1851 631 1910 7,
649 1849 690 1898 99.
709 1849 815 1902 della·
851 1847 1050 1909 elusatium,
1073 1847 1118 1898 43;
1145 1849 1292 1898 Horatium
1308 1850 1386 1900 iacu-

287 1924 496 1990 tamorphoseon
513 1938 610 1990 opere:
628 1923 746 1974 Adlatum
760 1937 815 1974 me-
851 1923 881 1971 de
897 1922 1020 1985 [omium
1035 1922 1219 1984 Asclepiadeos,
1238 1925 1385 1986 praeterea

287 2001 335 2051 dits
350 2013 412 2062 opos
429 2005 464 2050 est
479 2001 609 2051 inceditur
625 2000 701 2058 4444444,
729 1999 815 2062 Desilit
851 1997 964 2048 Acronis
986 1995 1228 2060 Porphyrionisque
1252 1995 1384 2056 scholiis,

288 2080 312 2126 et
322 2075 421 2137 seriptis
431 2075 522 2125 auimo
530 2075 669 2124 lunomds.
680 2072 812 2137 aristoph.
851 2075 878 2122 iu
896 2071 994 2136 quibus
1006 2073 1097 2136 utique
1109 2071 1315 2123 utunturrerbo
1324 2075 1386 2136 [οτ-

287 2149 451 2213 i'hesmopir.
465 2148 504 2200 et.
520 2149 553 2200 de
565 2149 714 2213 Agathone:
733 2143 769 2198 sd
783 2145 814 2198 dt
850 2151 945 2208 motos,
964 2147 991 2196 iu
1007 2145 1134 2197 lemmate
1151 2149 1242 2198 autem
1253 2149 1384 2212 alemus.

287 2217 364 2289 (ἔτη)
354 2220 523 2293 )‚ropvsriss
541 2219 619 2273 coiit
635 2221 812 2288 κολλομελεῖ.
852 2221 932 2272 etiam
949 2221 1177 2285 inrorpnyrionis
1194 2220 1241 2272 Ed.
1257 2224 1386 2287 principe

288 2295 363 2348 Plato
380 2296 493 2348 Phaedr.
507 2311 533 2361 p.
546 2297 650 2348 tilmE
669 2295 814 2361 σαφῆκαλ
852 2296 952 2344 veneta
965 2293 1038 2345 4484
1053 2300 1166 2345 tomas
1182 2307 1247 2358 prae
1264 2308 1297 2346 se
1315 2297 1385 2356 iert;

287 2367 452 2456 στρογγύλα
476 2371 526 2421 καὶ
551 2366 714 2456 ἀκριβῶς“
706 2365 815 2422 ἕκαστα
852 2369 924 2434 apud
949 2369 1085 2420 sidonium
1111 2372 1201 2420 auiam
1230 2372 1386 2433 posteriore

287 2443 344 2494 τῶν
378 2438 532 2510 ὀνομάτων
565 2438 812 2516 ἀποτετόρνευται.
852 2442 947 2494 saitem
965 2442 1076 2494 locovel
1093 2441 1219 2508 σφάλμα
1234 2459 1387 2510 μνημονι-

287 2520 411 2570 lsooratis
434 2523 461 2570 ei
484 2518 598 2571 Platonis
619 2517 701 2586 λόγοι
718 2533 733 2570 a
751 2522 814 2571 Dio-
851 2513 906 2568 adv
927 2516 970 2568 vel
995 2530 1071 2568 mera
1096 2518 1190 2569 subest
1215 2519 1384 2583 corruptela.

287 2595 364 2657 nysio
383 2593 464 2645 ilatio.
483 2597 511 2646 T.
527 2597 552 2646 2.
572 2609 598 2660 p.
614 2595 671 2646 346.
691 2596 815 2647 dicuntur
852 2593 978 2643 Ceteram
997 2593 1050 2642 tota
1067 2591 1177 2643 Bentleii
1198 2593 1232 2643 de
1250 2592 1386 2646 hocloco

286 2667 425 2736 γλυπτοῖς
441 2670 491 2720 καλ
513 2673 659 2741 τορευτοῖς
676 2667 812 2734 ἐοικότες
851 2667 1009 2731 disputatio,
1044 2679 1209 2731 quamquam
1235 2665 1384 2720 lectionem

287 2745 408 2808 Propert.
429 2744 458 2804 3,
477 2745 522 2806 39,
536 2745 583 2796 433
601 2747 709 2808 lucipe
700 2761 753 2798 mm
769 2761 813 2796 aet-
851 2739 1019 2792 falsissimam
1044 2740 1093 2804 (ter
1110 2741 1193 2804 potos)
1218 2741 1383 2804 defendens,

286 2823 359 2882 presto
374 2831 460 2868 versae
470 2819 689 2870 includeretoreo.
709 2819 773 2871 Geli.
787 2822 812 2882 9,
851 2829 900 2880 per
919 2824 949 2866 ae
971 2817 1090 2880 spectata
1110 2828 1222 2881 prorsus
1239 2819 1384 2880 οςτοςῑοιο

287 2893 317 2954 8,
335 2892 364 2944 4.
389 2893 511 2943 τοττιτοτίο
526 2895 667 2944 dimoto.
695 2896 813 2958 Guyetus
851 2902 973 2941 summae
999 2891 1149 2953 sagacitatis
1170 2889 1384 2956 subtilitatisqua

287 2968 315 3017 et
331 2965 479 3028 Bentleius,
501 2966 579 3018 laisas
596 2981 659 3019 cum
677 2970 813 3020 coniectu·
850 2966 988 3028 specimen
997 2965 1078 3028 atqua
1088 2963 1224 3028 exemplar
1232 2965 1298 3015 milri
1306 2979 1386 3018 sem·

286 3053 331 3090 ras
349 3041 544 3104 excogitarent,
568 3055 621 3092 non
644 3043 709 3094 sotis
726 3045 813 3093 auen-
850 3052 899 3103 per
916 3039 1002 3090 visum
1014 3041 1063 3090 esi.
1087 3039 1210 3102 (copiose
1221 3043 1314 3090 autem
1326 3041 1383 3092 Fea

287 3113 385 3165 derunt
401 3115 471 3165 adv.
486 3114 550 3166 illud
567 3118 706 3180 proprium
723 3117 811 3179 dam,
850 3114 974 3164 refutavit
997 3113 1146 3164 Bentleium
1167 3114 1382 3168 contendentem

287 3201 341 3252 quo
358 3192 450 3253 poeta,
477 3202 512 3240 ne
534 3189 701 3242 diversarum
718 3192 813 3254 imagi·
850 3195 951 3241 tomrem
968 3191 996 3240 at
1012 3189 1126 3240 ιὀοιιᾱατι
1145 3201 1206 3240 esse
1223 3201 1269 3240 res
1285 3189 1384 3240 diven-

287 3276 352 3314 num
369 3264 485 3314 oriretur
502 3263 636 3324 conlusio,
656 3264 690 3315 de
707 3277 759 3330 qua
778 3265 812 3316 illi
850 3277 908 3324 sas,
936 3277 1005 3328 quae
1030 3263 1154 3326 coniungi
1179 3276 1232 3314 nou
1256 3265 1381 3328 possint;

286 3338 426 3400 conquesti
443 3339 519 3401 sunt,
538 3339 602 3389 satis
615 3339 737 3402 providit.
756 3341 812 3390 lam
850 3349 938 3400 nequa
956 3350 1021 3388 vero
1032 3337 1075 3388 vel
1091 3349 1174 3388 unum
1186 3337 1257 3402 apud
1269 3341 1382 3390 veteres

286 3413 402 3463 Britanni
419 3413 572 3464 coniectura
590 3419 664 3464 sous
680 3415 813 3477 signitica-
850 3413 995 3477 scriptores
1011 3411 1100 3462 iocum
1118 3415 1237 3472 exstare.
1256 3425 1311 3477 quo
1326 3419 1383 3463 tor·

285 3488 328 3536 rei
352 3499 411 3538 rem
432 3499 543 3550 prorsus
570 3487 702 3539 fortuitam
725 3491 753 3540 ei
774 3495 812 3539 ter
849 3502 897 3538 nus
918 3486 1031 3538 metallis
1054 3485 1224 3538 elaborandis
1244 3487 1381 3538 adhibea-

285 3565 359 3611 notos
380 3561 445 3612 satis
466 3562 625 3612 inconcinne
649 3562 750 3614 dictum
772 3565 812 3613 vi·
849 3567 901 3614 tur.
926 3563 977 3612 Fea
995 3561 1184 3612 auertiuuuv.
1198 3562 1239 3622 49,
1253 3561 1297 3611 lt:
1316 3563 1381 3612 lirra-

261 3634 372 3700 ,detun
400 3637 532 3698 Perquarn
549 3648 614 3686 vero
638 3634 745 3700 languet
763 3651 812 3702 pe·
849 3637 898 3687 loli
918 3637 1023 3687 muscidi
1042 3650 1076 3688 ae
1098 3649 1170 3698 oere,
1197 3641 1270 3688 torreo
1283 3637 1378 3701 politi,

285 3709 459 3771 desiremque
476 3710 625 3760 orationem
640 3712 811 3762 nimisredo-
849 3715 877 3762 et
901 3713 1076 3762 iustrumenta
1103 3712 1225 3774 antiqua,
1255 3711 1289 3760 ab
1317 3713 1379 3776 ipso

190 3787 193 3794 '
285 3781 322 3835 lei
333 3785 428 3847 Guyeti
443 3785 576 3846 summos,
596 3798 611 3834 a
629 3784 748 3836 Gonodio
766 3799 811 3837 re·
849 3787 948 3836 Rornae
959 3785 1035 3846 visa.)
1046 3810 1074 3823 -
1087 3785 1191 3849 οοτλοτο]
1202 3784 1237 3836 ab
1247 3799 1290 3846 eo,
1300 3787 1378 3849 quod

285 3859 403 3920 ceptum;
417 3871 470 3923 quo
479 3857 563 3909 verbo
574 3859 596 3908 si
612 3859 735 3909 lloraiius
746 3872 811 3911 usus
849 3859 975 3912 dicebant
990 3861 1074 3912 nidum
1086 3865 1194 3911 verim:
1215 3863 1336 3911 omnim
1347 3865 1378 3911 et

285 3933 369 3992 esset,
399 3945 478 3982 namo
504 3945 622 3996 unquam
649 3933 674 3982 in
700 3937 812 3984 ιστοοιοτ
849 3936 1009 3998 corrigere.»
1023 3961 1051 3973 -
1065 3933 1289 3998 (tisim-amores]
1304 3937 1378 3986 Pen-

284 4008 429 4066 mutasset‚
452 4005 500 4057 sed
518 4005 552 4056 illi
574 4010 629 4057 tam
646 4007 757 4069 triviale,
783 4009 812 4058 ut
849 4009 915 4060 dent
936 4009 1003 4060 haec
1025 4021 1057 4060 ar
1077 4010 1184 4060 notione
1201 4008 1376 4074 prohibendi,

285 4091 347 4130 oum
367 4079 490 4132 iuvenale
512 4080 618 4145 loquar,
642 4081 756 4132 verbani
780 4096 811 4133 ο-
849 4096 918 4146 quae
944 4084 1013 4134 inest
1035 4083 1060 4134 in
1079 4083 1169 4134 verbis
1185 4084 1288 4136 Nullius
1303 4085 1376 4134 uum

285 4167 362 4205 mnes
381 4155 513 4218 patienter
534 4154 713 4221 reliquissent.
744 4157 810 4208 Nihil
847 4159 950 4210 notan
967 4161 1019 4208 aet.
1039 4159 1091 4208 Sat.
1105 4160 1130 4219 2,
1144 4159 1168 4220 3,
1182 4157 1226 4210 lt:
1244 4159 1281 4209 uit
1293 4160 1374 4221 oapi,

286 4232 375 4278 tamen
392 4231 422 4280 ut
438 4231 557 4291 taceam
577 4231 671 4283 Gonod
687 4244 739 4282 nou
752 4232 810 4283 sine
845 4245 937 4294 pereas
947 4233 1008 4296 poia
1017 4233 1125 4297 fortiter,
1139 4233 1240 4284 eddom,
1260 4232 1299 4283 Ad
1311 4247 1376 4284 sen-

284 4301 371 4366 atique
383 4305 438 4354 veri
455 4306 559 4370 specie,
579 4305 680 4358 fortiter
691 4307 808 4358 innititur
849 4306 959 4359 entiam
976 4307 1046 4360 coni.
1059 4307 1114 4360 Cio.
1128 4306 1161 4358 ad
1174 4309 1226 4358 ait.
1238 4306 1278 4368 44,
1290 4307 1332 4369 89,
1345 4309 1373 4358 2:
