3116 4968
308 421 371 488 teo
429 485 433 492 ,
658 423 817 500 ,uounrn
834 423 1016 476 slrmnnuu

349 582 519 648 Detercret
542 578 603 646 sibi
625 578 738 657 multa,
762 579 924 648 recideret
945 599 1041 647 omne
1062 580 1152 667 quod
1176 580 1259 648 ultra

349 701 529 769 Perfectum
551 698 748 777 traheretur,
772 701 857 769 etin
879 721 977 769 versu
1000 700 1147 769 iaciendo
1353 705 1398 769 70

348 823 454 911 Saepe
476 833 573 911 caput
596 821 759 901 scaberet,
781 823 874 890 vivos
895 833 928 890 et
948 822 1082 890 roderet
1102 843 1238 912 ungues.

348 944 454 1032 Saepe
477 943 584 1010 stilum
606 954 732 1020 vertas,
757 944 874 1011 iterum
896 965 982 1032 quae
1005 943 1101 1032 digna
1124 944 1188 1034 legi
1211 947 1287 1024 sint,
1352 1003 1354 1007 ,

347 1066 548 1153 Scripturas,
572 1087 694 1154 neque,
719 1076 751 1133 te
774 1075 810 1131 ut
831 1066 965 1132 miretur
987 1065 1096 1144 turha,
1119 1065 1264 1146 labores,

346 1187 521 1256 Contentus
543 1187 655 1274 paucis
677 1185 863 1254 lectoribus.
906 1189 955 1254 hu
976 1197 1032 1254 tua
1054 1187 1191 1256 demens

345 1308 467 1376 llilibus
489 1307 629 1375 inludis
651 1307 764 1376 dictari
787 1309 929 1376 carmina
951 1307 1069 1375 malis?
1349 1311 1394 1376 75

346 1433 506 1517 Noneg03
529 1430 798 1498 namsatisest
815 1430 993 1518 equitem
1008 1429 1105 1497 mihi
1127 1430 1350 1520 plaudere,
1459 1475 1464 1486 ·

812 1561 847 1618 ut
868 1550 991 1630 audax,

369 1780 409 1830 tc.
428 1779 498 1844 mom]
515 1793 565 1830 uon
582 1777 698 1830 Pottierii
715 1791 784 1830 uuus
802 1776 844 1844 44).

302 1969 407 2032 differtis
430 1967 528 2018 mum?
555 1995 582 2003 -
609 1968 738 2017 Determt
763 1964 826 2027 cet]
865 1965 893 2015 in
918 1962 1010 2014 tabuiis
1032 1963 1097 2024 suis,
1124 1977 1173 2026 quo
1195 1963 1265 2028 facto
1287 1977 1395 2016 cosm

302 2043 384 2092 «Tum
401 2041 478 2104 louge
495 2039 572 2090 aliter
588 2040 733 2100 scriberem
759 2038 829 2104 poli-
865 2051 962 2089 manen
979 2039 1066 2089 ecerat
1081 2050 1164 2088 suom
1185 2061 1212 2075 -
1231 2053 1310 2103 neque
1327 2043 1394 2104 cot]

301 2117 397 2178 tiores,
430 2115 518 2165 minus
544 2115 633 2178 asperi
658 2117 750 2165 essent
771 2115 828 2165 eius
865 2113 912 2163 llis
929 2125 1036 2176 quoque
1055 2111 1169 2163 Lucilius
1186 2115 1257 2178 tangi
1276 2114 1392 2166 videtur.

300 2203 413 2251 versus,
440 2191 542 2240 Graeca
567 2202 619 2239 nou
644 2189 827 2250 immisceret,
865 2187 919 2236 Cic.
939 2185 974 2236 de
986 2187 1057 2236 orat.
1071 2187 1100 2248 2,
1118 2187 1147 2246 6,
1165 2189 1210 2237 ss:
1230 2187 1256 2238 0.
1269 2189 1393 2250 iodim,

301 2265 506 2324 omniavltaret,
519 2275 587 2326 quae
600 2261 828 2326 nuncapudeum
863 2261 935 2310 homo
958 2261 1045 2310 doctm
1067 2265 1090 2310 et
1111 2262 1284 2324 psoricum,
1311 2263 1395 2316 diem

300 2336 345 2388 vel
355 2336 518 2388 verbositate
530 2336 573 2387 vel
585 2336 763 2400 qualicunque
777 2335 827 2386 alio
863 2333 955 2386 sciebat
974 2347 1053 2396 nequo
1069 2346 1094 2383 se
1110 2334 1142 2384 cd
1158 2335 1332 2386 indoctissimis
1346 2351 1395 2388 oe-

300 2413 364 2462 vitio
375 2410 532 2476 perfectioni
544 2411 664 2474 poeticae
681 2410 826 2461 alliciunt.»
864 2422 911 2471 que
922 2422 940 2458 a
951 2409 1097 2459 doctissimis
1113 2409 1162 2473 ieqi
1177 2411 1253 2472 celle,
1272 2412 1339 2474 qood
1350 2412 1393 2462 cl-

305 2513 332 2524 -
351 2484 502 2549 adimetur]
528 2485 556 2534 lu
578 2484 630 2534 hoc
651 2485 738 2536 verbo
757 2485 828 2536 inest
863 2484 911 2533 teti
934 2483 996 2532 nihil
1023 2483 1202 2548 intelligerent,
1232 2485 1308 2534 uitem
1332 2485 1394 2547 pisis

300 2561 411 2610 inertiae
433 2561 514 2622 etque
536 2556 673 2610 molestiae
694 2557 827 2622 significa-
861 2557 969 2622 [maesse
985 2569 1063 2617 quom
1078 2558 1144 2620 ipse
1168 2571 1217 2620 quo
1233 2560 1310 2610 etima
1325 2561 1394 2611 scri-

301 2634 346 2685 tio.
367 2638 483 2695 -ccput
499 2631 610 2683 scobem
626 2631 688 2696 cet]
707 2633 772 2682 Sunt
783 2645 828 2696 ge·
860 2633 928 2694 psit:
953 2632 1089 2682 Persium
1110 2646 1169 2682 uon
1186 2646 1262 2683 curo
1286 2633 1394 2698 lesere

301 2711 358 2760 stus
375 2707 528 2759 meditantis
543 2708 623 2770 etque
635 2706 827 2757 stomachantis
864 2707 913 2770 (hic
927 2705 1065 2770 solimis,
1083 2711 1112 2756 st
1125 2721 1261 2770 norm,
1279 2710 1393 2760 emim

300 2796 347 2844 eo,
361 2781 434 2846 quod
446 2783 474 2831 et
485 2781 657 2844 cogitationes
670 2782 697 2830 et
707 2780 791 2830 verba
800 2783 828 2831 et
861 2783 914 2845 fere
940 2785 1085 2831 nostroneu
1117 2781 1246 2832 homicium
1277 2783 1394 2833 deotim-

298 2870 395 2910 versus
407 2857 495 2908 minus
506 2855 662 2920 procedant.
688 2856 824 2906 VerroFr.
862 2855 944 2921 muel:
961 2856 1102 2906 Laelium
1123 2857 1290 2907 Decumum
1304 2859 1392 2920 solo,

300 2931 827 2998 psctzsooteuooposnoooportopoe
863 2943 936 2991 quem
960 2930 1120 2993 coouooimsss
1143 2931 1228 2980 cirum
1252 2931 1344 2981 bomem
1368 2937 1393 2982 et

298 3009 356 3057 tico.
375 3003 481 3066 Quintil.
492 3005 533 3064 44,
546 3003 573 3064 3,
587 3004 650 3054 tis:
668 3004 697 3053 ln
707 3003 755 3053 hoc
766 3017 827 3054 cim·
861 3019 913 3054 oon
928 3004 1085 3054 illitteratum
1095 3006 1137 3054 sed
1148 3005 1211 3054 mihil
1221 3007 1258 3055 od
1267 3005 1390 3056 Possim

298 3079 827 3142 otottonemmquoedomomindecmtes
863 3078 1131 3140 confossione,
1157 3079 1187 3140 3,
1214 3080 1238 3129 7.
1271 3077 1337 3129 Plin.
1357 3080 1390 3131 H.

297 3155 338 3222 (ut
359 3155 487 3219 oppedum
507 3153 606 3219 scenici)
621 3167 724 3216 morse,
749 3159 827 3216 caput
862 3156 893 3204 N.
911 3151 997 3204 Praei.
1015 3151 1039 3215 ἓ.
1059 3153 1084 3202 l.
1105 3179 1133 3188 -
1154 3152 1247 3204 Vilibus
1267 3153 1294 3203 is
1315 3153 1391 3216 ludis]

298 3232 418 3292 mubore,
441 3243 547 3280 mom
562 3228 668 3290 intueri,
688 3227 827 3292 iopinpore
862 3227 996 3279 Abhorret
1013 3229 1040 3277 et
1056 3227 1099 3278 hic
1111 3229 1138 3277 et
1155 3227 1221 3292 Epp.
1235 3230 1263 3289 4,
1281 3226 1327 3289 20,
1348 3227 1390 3278 tt.

299 3307 429 3357 macedon
448 3305 555 3356 Persius
568 3306 592 3364 4,
607 3302 668 3352 4446;
686 3303 827 3364 Necplute-
862 3315 877 3352 a
896 3302 1069 3364 cogitatione,
1095 3301 1166 3362 lore,
1193 3305 1222 3351 ut
1247 3299 1392 3365 aliquando

297 3393 342 3430 um
352 3379 433 3430 coedit
443 3391 487 3428 nec
499 3379 625 3427 demorsos
637 3376 704 3438 sopit
719 3389 823 3440 myses.
863 3389 879 3425 a
894 3374 1046 3439 vulgaribus
1067 3374 1286 3440 praeceptoribus
1304 3375 1392 3440 expli-

302 3481 330 3494 ·-
340 3451 417 3515 uicos]
431 3464 531 3515 «usque
544 3450 676 3515 adipsum
688 3463 825 3502 carnem.»
862 3452 947 3501 cetur.
960 3475 988 3486 -
998 3449 1099 3514 dictori]
1111 3452 1141 3498 ut
1151 3450 1279 3512 magister
1290 3449 1391 3501 deinde

298 3525 382 3578 Pleut.
391 3524 519 3585 Bacchi,
529 3524 554 3585 3,
567 3525 595 3574 8:
610 3524 827 3586 menomenae
861 3525 1095 3588 interpretaretur,
1112 3521 1234 3588 discipuli
1246 3525 1392 3576 recitarent

299 3599 662 3665 temloorousqueudoiccm
673 3604 762 3648 cutem.
776 3600 827 3648 Lu-
862 3611 894 3648 ac
916 3598 1062 3650 memoriae
1086 3597 1252 3648 mandarent.
1282 3599 1391 3652 Persius

298 3668 826 3736 annonast:vitamefficienti-
863 3673 891 3733 4,
910 3673 957 3722 29:
986 3672 1034 3722 Ten
1054 3671 1210 3722 dmotomme
1232 3677 1332 3722 cochen
1348 3673 1391 3723 di-

298 3751 350 3808 λον
366 3753 460 3816 ζητεῖς
476 3748 527 3798 καὶ
542 3747 589 3798 ἐπὶ
606 3743 679 3798 πολὺ
690 3741 825 3818 ἁπορεϊς,·
861 3751 931 3796 cloto
945 3746 1021 3810 misse
1030 3745 1080 3796 Pro
1090 3746 1167 3796 udiilo
1174 3744 1291 3809 pendor?
1313 3745 1390 3798 coni.

331 3827 420 3878 'li-li.
447 3827 527 3887 Sceps
543 3822 605 3886 cet]
626 3823 666 3872 De
688 3825 825 3887 postrema
861 3823 927 3886 Epp.
946 3821 976 3882 2,
995 3822 1024 3883 i,
1043 3821 1084 3870 lt.
1105 3847 1134 3856 -
1151 3821 1267 3886 coedent]
1288 3820 1390 3884 idest,

298 3901 378 3954 huius
394 3913 420 3950 v.
439 3898 541 3962 syllaba
558 3898 620 3947 ente
637 3894 772 3961 duplicem
786 3895 826 3947 lit-
861 3895 1002 3946 «homines
1023 3893 1108 3946 cidtos
1125 3898 1206 3959 atque
1228 3897 1293 3948 artis
1316 3897 1393 3960 peri·

298 3981 385 4028 torem
400 3980 423 4024 st
440 3987 493 4024 non
509 3971 639 4038 producta
657 3971 711 4022 vid.
725 3972 778 4020 Sat.
793 3973 823 4032 4,
860 3973 916 4032 tos,
936 3969 1028 4034 quoles
1046 3970 1150 4034 equites
1167 3971 1301 4021 Romanos
1324 3983 1388 4022 esse

298 4053 329 4112 2,
347 4049 388 4100 30.
408 4074 437 4085 -
459 4049 544 4099 stilico
562 4047 655 4110 certos]
682 4045 825 4109 superiore
861 4047 966 4098 decet.»
996 4044 1070 4097 cont.
1090 4045 1156 4109 Epp.
1174 4045 1204 4106 2,
1224 4046 1253 4107 4,
1272 4045 1330 4096 4844.
1358 4047 1389 4096 Α.

299 4125 376 4191 parte
393 4121 445 4175 stili
460 4122 512 4174 lata
530 4118 735 4181 oblitterabaut,
755 4131 825 4183 quoe
862 4121 889 4170 P.
907 4118 957 4170 itti
973 4132 1016 4181 sq.
1045 4145 1073 4156 -·
1100 4117 1198 4183 aedos]
1227 4118 1271 4169 hic
1298 4118 1391 4182 potius

298 4201 326 4250 lu
348 4209 412 4250 cera
433 4198 573 4248 exararant
594 4195 717 4247 interiore
737 4195 823 4244 acuta.
861 4191 948 4244 laudis
965 4195 1016 4244 est.
1031 4218 1058 4229 -
1072 4191 1219 4257 hiemum]
1237 4193 1320 4244 mima
1331 4193 1391 4243 exl-

300 4271 479 4333 Cic.hcc.2‚
498 4269 545 4332 tt,
565 4271 624 4320 tot:
649 4269 726 4322 Vertit
742 4268 827 4320 simo
863 4267 923 4318 mia.
954 4266 1010 4318 Cic.
1029 4265 1174 4328 adami,
1193 4267 1238 4330 ts,
1257 4267 1285 4318 i:
1304 4267 1390 4332 Quos-
