3130 4966
602 413 699 465 troo.
735 417 802 467 sir.
823 417 840 466 ι.
1224 416 1265 484 43

221 569 389 636 Turbatam
411 568 517 636 haurit
538 590 655 659 uquam
676 593 784 661 neque
799 573 895 640 vitam
911 574 1025 642 amittit
1046 575 1077 640 in
1093 577 1197 643 undis.
1222 581 1264 644 oo

220 694 258 756 At
278 691 362 758 bona
385 713 462 779 pars
484 691 650 759 hominum
671 693 809 783 decepta
831 696 984 783 cupidine
1007 696 1105 773 lolso,

219 810 266 878 Nil
288 813 366 880 satis
388 823 451 891 est,
476 813 591 903 inquit,
615 816 692 904 quia
715 817 804 894 tanti,
827 827 983 905 quantum
1005 818 1141 900 habeas,
1165 823 1219 887 sis,

218 933 303 1014 Quid
325 934 424 1002 iacias
447 934 516 1001 illi?
537 935 654 1004 lubeas
676 938 831 1006 miserum
853 959 943 1018 esse,
966 939 1104 1010 libenter

216 1057 384 1136 Quatenus
407 1057 438 1122 id
463 1057 549 1137 lacit;
573 1069 608 1125 ut
629 1058 763 1146 quidam
784 1071 983 1128 memoratur
1004 1064 1136 1132 Athenis

219 1176 378 1244 Sordidus
400 1198 439 1246 ao
461 1178 554 1246 dives
576 1178 687 1268 populi
710 1191 918 1251 contemnere
940 1205 1039 1252 voees
1221 1191 1261 1253 ott

217 1299 271 1366 Sic
292 1298 421 1366 solitus:
445 1299 587 1390 Populus
609 1321 662 1368 mc
684 1301 806 1382 sititae
829 1314 862 1371 at
883 1305 959 1372 milii
982 1306 1102 1393 plaudo

238 1515 279 1565 60.
298 1529 343 1566 noc
357 1515 437 1564 odom
454 1513 471 1566 b
490 1519 517 1566 et
532 1515 676 1569 Bentlcius.
697 1544 725 1554 -
744 1517 785 1569 63.
804 1521 923 1570 merom
940 1521 1046 1572 Marcilii
1071 1525 1097 1574 et
1119 1524 1227 1576 Bentleii

206 1590 275 1640 coni.
295 1590 398 1640 tirmutu
416 1603 431 1639 a
449 1590 514 1640 Cld.
534 1590 639 1642 Valurtii
658 1593 696 1656 (t).
718 1621 744 1630 -
769 1608 819 1644 esse
844 1595 959 1658 liberter,
987 1599 1114 1660 Quatenus
1139 1601 1178 1650 LC
1202 1603 1229 1650 ot

205 1665 348 1718 Bentlcius.
363 1693 390 1704 -
405 1666 445 1718 64.
465 1669 589 1730 muttum
599 1670 649 1720 tc.
665 1695 694 1706 -
707 1669 872 1734 mcmorotutr]
889 1676 1016 1722 mcrcotor
1031 1672 1097 1723 Cod.
1112 1673 1225 1724 vindob.

171 1881 238 1934 Plul.
263 1883 328 1955 περὶ
348 1881 556 1947 φιλοπλουτίας
578 1897 602 1935 o.
626 1885 650 1934 l.
668 1896 696 1948 p.
734 1883 758 1944 3,
773 1885 813 1934 to.
832 1886 937 1935 Luci-ot.
953 1885 981 1946 3,
996 1884 1053 1936 tttt.
1068 1887 1142 1938 Ouid.
1157 1887 1258 1950 Metti,

170 1959 227 2009 526.
248 1959 282 2009 C:
302 1957 505 2030 Κέρδωνεκοὶ
521 1955 624 2021 φείδου
647 1959 697 2009 καὶ
734 1959 791 2009 786.
826 1960 883 2009 Non
902 1963 943 2010 est
959 1960 985 2009 h.
1000 1959 1016 2010 Ι.
1033 1961 1190 2024 «quamdiu,
1209 1963 1260 2014 do-

169 2033 316 2086 tooodtou
338 2031 436 2100 νόμιζε
457 2031 583 2086 σεαυτὸν
602 2028 695 2098 ἄξιον,
734 2047 810 2094 uec»,
828 2035 858 2084 ut
873 2033 928 2086 volt
943 2037 1044 2098 Acron,
1063 2036 1112 2086 sed
1129 2049 1161 2088 ex
1173 2039 1259 2101 primu

170 2098 242 2159 ὅσον
268 2101 307 2160 ἂν
331 2102 410 2181 ἔχῃς.
446 2110 511 2161 Eam
533 2125 566 2162 ex
587 2111 697 2162 Comieo
734 2108 1260 2176 significationeuusqucodquemlinem

169 2181 259 2248 aliquo
276 2185 388 2249 petitam
405 2197 465 2236 esse
483 2186 548 2236 scitu
567 2185 697 2238 docctlo-
734 2184 761 2233 et
791 2181 842 2233 loci
868 2186 895 2234 et
922 2185 1073 2248 temporis»
1099 2186 1169 2249 (Cic.
1194 2187 1257 2238 Phil.

169 2257 235 2308 cobs
255 2260 338 2310 Lecti.
363 2261 428 2310 ven.
453 2273 481 2324 p.
504 2259 562 2312 383.
593 2261 695 2312 Seneca
735 2257 779 2318 44,
806 2260 836 2319 ti,
862 2258 905 2310 lt:
937 2261 1147 2320 quammultis
1172 2261 1259 2314 luscos

169 2335 215 2399 Ep.
235 2336 294 2385 titt.
313 2349 346 2386 ex
362 2335 472 2399 magico
493 2339 608 2387 Graeco:
638 2337 697 2388 tiot-
732 2331 882 2396 Minaei)
905 2333 1000 2397 occipit
1018 2335 1153 2384 notionem
1173 2339 1258 2387 nostri

168 2421 215 2470 quc
231 2411 298 2459 tenti
314 2411 431 2473 qumque,
450 2416 573 2474 ottonum
595 2412 695 2476 tam,
731 2408 849 2471 tolero,
867 2409 902 2457 do
913 2408 954 2470 jo.
978 2435 1005 2444 -
1026 2409 1053 2458 id
1071 2407 1142 2473 fucit]
1160 2412 1260 2461 «miser

167 2485 223 2549 [uit.
260 2483 374 2536 Lucilius
397 2485 468 2550 opud
486 2485 572 2536 Schot.
591 2489 647 2538 iuv.
665 2487 694 2550 3,
733 2485 799 2534 est.»
829 2484 900 2534 ilaec
910 2497 937 2532 v.
950 2484 1035 2546 [oenc
1045 2484 1201 2547 significatio
1213 2500 1260 2550 ge-

169 2559 224 2611 443.
262 2558 332 2610 (tert.
345 2573 371 2624 p.
386 2560 431 2620 84,
451 2560 495 2610 is:
513 2561 697 2626 Aummutqua
732 2556 828 2608 uerutis
850 2556 920 2608 male
942 2557 1037 2608 habuit
1059 2559 1169 2610 Criticos
1186 2563 1257 2626 opud

168 2635 273 2685 amotio
281 2635 403 2697 specim
411 2635 514 2686 uirtutis
522 2637 624 2700 utrique
635 2637 693 2702 (leg,
732 2633 878 2684 Munatium
900 2631 1027 2683 Plancum
1045 2634 1112 2697 (Cio.
1131 2636 1166 2686 ud
1184 2637 1255 2688 Fam.

166 2709 270 2773 elimas)
286 2714 335 2760 cst:
360 2711 488 2772 Qucum
504 2709 609 2774 moos,
636 2718 696 2763 tun-
733 2707 779 2768 40,
799 2708 843 2768 til,
862 2708 906 2770 ll:
929 2708 1032 2758 Cautius
1048 2709 1111 2759 illud
1127 2717 1182 2762 ονοι
1196 2725 1259 2762 con-

167 2790 219 2834 tam
230 2786 285 2847 ipse
295 2786 343 2836 sicr
353 2785 465 2848 tantiam
475 2785 600 2836 murts.
620 2787 697 2852 (Con-
731 2781 815 2833 udimn
825 2788 971 2844 moerore
980 2797 1020 2834 me
1031 2785 1066 2833 od
1076 2785 1185 2845 trorum,
1198 2788 1258 2836 dm

168 2859 207 2910 ter
232 2860 316 2910 etiam
339 2859 528 2912 Britannorum
550 2860 696 2913 hodierno-
732 2857 826 2906 anem
841 2859 968 2908 latitent
984 2860 1135 2920 monitum,
1160 2865 1257 2910 etcum

167 2933 633 2997 rumlocutionemvolgotissimom:
649 2937 697 2988 ilc
731 2931 827 2995 00446944
841 2933 1014 2994 commit,
1035 2934 1098 2983 340444
1113 2935 1204 2984 ’14445404
1212 2935 1228 2998 s
1230 2949 1259 2984 a·

166 3009 445 3059 mootswortltsoond
455 3021 568 3071 comario
575 3011 696 3076 poenos.)
731 3005 826 3066 ciunt,
839 3006 1116 3069 testimomonium
1135 3009 1180 3059 ubi
1193 3023 1259 3060 non·

171 3111 197 3120 -
211 3084 280 3147 Quid
289 3083 371 3147 fusim
386 3083 432 3148 titt]
450 3096 506 3134 nou
517 3083 595 3135 boios
608 3086 680 3147 porti
688 3124 694 3148 ‚
732 3078 795 3131 nulli
816 3081 846 3130 ut
865 3081 982 3131 absurda
1001 3081 1158 3133 deleverunt
1173 3083 1257 3135 verbu

167 3156 215 3207 ced
227 3159 347 3208 mummi
358 3156 503 3218 aliusmodi,
521 3159 566 3223 qui
581 3157 695 3225 loquens
730 3155 794 3204 timot
809 3154 899 3204 milites
913 3155 1023 3218 (uolunt,
1048 3169 1110 3206 cum
1127 3157 1198 3207 clare
1220 3159 1257 3208 si-

168 3232 330 3284 iuducitur.»
354 3232 388 3284 rt
397 3228 502 3304 χρήσει
512 3229 620 3300 τούτῳ,
638 3235 693 3286 Cic.
730 3229 871 3294 gniflcent:
891 3230 975 3280 csicut
990 3231 1070 3280 etiam
1083 3228 1179 3281 milites
1192 3245 1258 3283 con-

166 3319 193 3370 ρ.
210 3308 292 3358 Coeo.
312 3307 358 3367 44,
377 3307 423 3357 at:
453 3309 518 3370 (tutd
533 3309 590 3358 luto
606 3314 635 3359 tu
649 3310 696 3359 40-
731 3305 874 3356 sentiunt.»
908 3306 1009 3354 Graeco
1032 3303 1152 3369 exemplu
1177 3319 1257 3371 pror-

166 3384 228 3432 miui
238 3381 341 3446 sotim?
358 3382 455 3433 Contra
468 3397 494 3446 p.
506 3383 573 3434 sest.
585 3383 629 3446 43,
647 3385 693 3438 29:
730 3393 777 3432 sus
794 3377 888 3431 similia
910 3378 1015 3443 collegit
1035 3379 1204 3432 lleindortlus
1221 3382 1256 3432 od

168 3458 232 3518 (toto
242 3458 290 3506 hoc
300 3457 398 3508 lomim
412 3458 512 3521 facim?
524 3485 553 3495 -
566 3459 693 3524 nnuman]
730 3452 794 3504 Plat.
805 3454 885 3518 Soph.
898 3455 927 3506 Τ.
941 3469 973 3505 ιν.
987 3468 1013 3519 p.
1027 3453 1076 3505 tou
1087 3469 1140 3519 sq.,
1159 3459 1189 3506 ut
1199 3458 1256 3506 Ari·

165 3523 346 3595 ’Δκολούθως
362 3531 467 3583 diisset:
493 3534 627 3595 misorum
645 3533 694 3585 sed
731 3529 818 3594 stopo.
832 3531 893 3592 [γε.
913 3530 990 3586 4089;
1009 3527 1048 3579 Χ.
1062 3519 1099 3578 Ἦ
1113 3541 1169 3580 που
1184 3526 1256 3600 πρὸς

167 3609 244 3670 poeta
270 3607 349 3656 vertit
370 3605 444 3658 illum
462 3609 602 3670 orationis,
624 3611 655 3660 ut
671 3609 694 3660 si
730 3597 749 3654 ὅ
767 3603 839 3674 door
851 3599 989 3668 σπασμὸς
1006 3599 1082 3668 ὑμᾶς
1100 3600 1257 3667 lanatus.-

167 3680 291 3732 ltomincm
308 3680 430 3742 dixisset,
455 3695 509 3732 nou
525 3687 627 3745 portam
648 3685 695 3735 to-
757 3719 762 3729 .
782 3675 831 3729 Mol
847 3677 902 3740 At,
928 3673 1003 3729 ἀλλὰ
1028 3679 1110 3730 ταυτὶ
1134 3676 1256 3748 δρῶντες

167 3757 273 3806 mismo.
303 3757 409 3806 Manen.
438 3757 596 3809 Miscramh.
611 3757 627 3809 l.
641 3761 695 3810 lto-
731 3753 960 3824 ἐπιτετρίμμεθα.

168 3843 248 3880 mano
266 3831 357 3880 sensui
374 3843 524 3895 repugnare
542 3835 615 3884 recto
630 3832 695 3883 dixit
763 3829 853 3882 64-67.
867 3827 1092 3892 outdomrltltenis]
1102 3829 1166 3879 llire
1177 3830 1256 3880 Athe-

167 3903 289 3955 wotflus.
314 3929 343 3941 -
368 3903 435 3956 itale
459 3904 522 3956 olim
537 3907 597 3958 adv.
615 3907 694 3958 tidem
730 3909 853 3958 nienscm
870 3905 942 3956 huno
959 3907 1107 3954 Romanum
1119 3903 1257 3954 luissevo·

168 3982 205 4028 ter
225 3977 373 4042 iungebant
389 3993 452 4030 cum
468 3979 559 4032 verbis
575 3983 695 4033 mnemon
730 3979 788 4030 lunt
804 3978 936 4038 nobilem,
956 3991 1039 4042 quem
1056 3979 1179 4029 Horatius
1190 3991 1255 4042 pro-

168 4065 230 4112 cum
243 4054 345 4104 rectius
362 4053 475 4104 trahitur
485 4054 520 4105 ad
537 4059 693 4119 sequentia:
730 4057 791 4119 pter
801 4056 892 4106 nescio
903 4066 985 4118 quem
1002 4053 1125 4103 timorem
1137 4053 1255 4117 aponius

169 4127 404 4192 «quandoquidem
425 4141 489 4180 cum
510 4128 626 4181 delectat
642 4133 695 4182 ml·
731 4129 885 4181 describere
910 4140 993 4179 ausus
1016 4141 1069 4178 non
1092 4127 1133 4178 sit.
1170 4128 1255 4178 immo

169 4213 366 4254 commosse.»
387 4229 415 4240 -
426 4203 472 4254 'Dc
491 4217 541 4256 usu
559 4217 586 4254 v.
605 4211 694 4268 ocuto-
731 4202 883 4268 exemptum
904 4201 975 4254 istud
991 4201 1115 4253 sordidae
1133 4200 1255 4252 indolen-

169 4287 216 4324 πω
236 4275 305 4326 cont.
328 4277 376 4327 Od.
396 4277 427 4338 3,
449 4277 496 4341 ll,
520 4278 560 4328 30.
589 4279 642 4330 Sat.
663 4280 692 4340 4,
730 4281 782 4329 tiae
806 4271 1032 4344 (ἀνωοθηοΙας),
1056 4279 1082 4328 in
1106 4289 1158 4340 qua
1181 4278 1253 4341 ipsu,
