3178 4972
603 423 661 474 cru.
681 423 700 472 r.
736 423 833 476 urrsr.
852 425 916 476 rvr.
1242 428 1304 494 535

262 574 316 639 Vir
333 574 452 652 bonus,
477 595 572 644 omne
586 577 689 644 iorum
705 599 804 667 quem
819 590 943 668 spectat
957 591 989 648 et
1004 601 1098 649 omne
1113 583 1259 662 tribunal,

262 696 530 783 Ouandocunque
553 698 633 766 deos
655 699 706 766 vel
728 719 828 787 porco
850 702 901 768 vel
923 703 1007 770 bove
1030 703 1150 791 placat,

261 817 336 882 lane
358 827 464 903 pater,
488 817 587 895 clare.
612 818 698 886 clare
720 841 794 888 oum
816 822 909 899 dixit,
933 823 1061 911 Apollo,

260 936 365 1003 Labra
386 947 493 1004 movet
514 949 662 1006 metuens
684 941 804 1008 audiri:
831 943 968 1011 Pulchra
989 946 1152 1022 Laverna,
1261 949 1302 1012 60

260 1058 307 1122 Da
328 1057 406 1124 mihi
428 1059 552 1136 fallere,
576 1061 618 1126 da
640 1063 724 1128 iusto
748 1075 924 1150 sanctoque
946 1063 1064 1141 videri,

258 1181 391 1246 Noctem
416 1181 557 1266 peccatis
580 1191 612 1248 et
632 1181 800 1250 fraudibus
822 1185 928 1252 obiice
953 1185 1087 1252 nubem!

260 1301 322 1377 Qui
344 1298 457 1365 melior
479 1321 590 1378 servo,
621 1307 677 1389 qul
698 1301 831 1370 liberior
852 1305 893 1370 sit
915 1325 1046 1382 avarus

248 1497 325 1546 terim
339 1498 411 1558 mibi,
429 1510 479 1546 noa
495 1498 594 1560 facim
610 1503 708 1548 tumeo:
726 1505 776 1550 esto
793 1500 886 1550 eCod.
900 1500 943 1550 Sil.
957 1503 997 1562 C.)
1019 1529 1045 1538 -
1063 1503 1104 1551 119.
1124 1504 1153 1552 lu
1166 1503 1269 1566 Eprius

248 1573 316 1622 ctare
333 1575 495 1636 expunctum
512 1576 566 1632 cet;
581 1579 658 1636 poter
673 1575 742 1624 ctare
757 1575 824 1624 dicit
837 1587 894 1624 cem
909 1575 974 1624 dicit
983 1589 1010 1639 p.
1023 1575 1082 1626 Vid.
1096 1577 1131 1626 ad
1142 1591 1168 1626 v.
1183 1577 1223 1628 ll.
1240 1601 1266 1614 -

248 1647 312 1711 meu]
330 1659 402 1708 quem
419 1648 446 1696 S.
462 1673 489 1684 -
503 1647 543 1696 61.
561 1649 654 1698 tectim
670 1655 832 1710 sanctiorique
848 1649 939 1712 bSEcp
957 1653 986 1700 et
1001 1649 1146 1701 Bentleieni
1163 1663 1267 1703 ornnes.

249 1721 289 1783 (Ut
305 1733 366 1781 nos,
391 1721 507 1770 Pottlerii
529 1720 669 1772 dumtaxat
690 1723 755 1782 duo,
781 1725 804 1772 1.
824 1726 851 1774 et
868 1723 918 1786 rt.)
940 1749 965 1760 -
991 1724 1032 1774 62.
1053 1725 1119 1776 obice
1136 1725 1217 1776 bSEc.
1240 1753 1266 1762 -

249 1793 563 1856 63.Qoo--per‚t.

214 1951 326 2000 modim
343 1953 395 2002 cet.
411 1979 437 1988 -
450 1951 519 2016 mitt]
539 1963 615 2001 «mea
633 1953 741 2002 senten-
776 1965 840 2002 cum
859 1952 955 2011 nubem
979 1957 1021 2004 est
1037 1957 1127 2005 autem
1145 1955 1196 2005 dea
1213 1956 1302 2008 lurum

215 2026 249 2074 tie
268 2024 435 2074 etiudicio.»
462 2051 489 2060 -
513 2023 658 2088 pecto-isto]
686 2039 738 2075 «ee
777 2025 856 2088 (sive,
876 2029 904 2076 ut
921 2028 957 2076 ait
973 2027 1106 2078 Arnoblus
1123 2027 1151 2090 l,
1170 2029 1219 2080 ll:
1245 2044 1303 2080 cum

214 2099 329 2158 ratione,
357 2110 438 2160 quam
455 2103 501 2147 mn
527 2101 589 2160 (non
607 2099 737 2160 Quintius,
775 2101 902 2150 Mercurio
926 2101 1001 2150 simol
1024 2101 1158 2163 fraudidus
1174 2105 1302 2164 praesidet

214 2173 262 2223 sed
274 2173 336 2222 lietu
347 2184 476 2236 persona,
495 2184 577 2234 quam
589 2171 738 2236 alloquitur)
774 2174 910 2238 putens),
929 2177 958 2224 et
973 2172 1146 2224 simulacrum
1159 2175 1216 2226 eius
1228 2176 1301 2228 fures

215 2249 313 2312 «sequi
330 2245 428 2298 soles.»
455 2249 492 2297 Ex
510 2261 557 2308 eo,
576 2248 739 2310 quodtenirts
775 2245 864 2297 colunt
890 2250 917 2297 et
943 2249 987 2311 qui
1014 2246 1122 2298 consiliu
1145 2261 1192 2299 suu
1210 2248 1302 2302 volunt

215 2334 263 2385 pro
276 2321 353 2370 leviro
364 2335 416 2371 non
429 2323 493 2371 sutis
503 2324 663 2385 eptumvoc.
675 2335 739 2372 uon·
776 2322 867 2380 tecita;
887 2333 949 2371 nem
966 2335 1063 2385 preces
1075 2323 1132 2373 eius
1145 2335 1206 2372 cum
1220 2321 1301 2373 silen-

213 2393 290 2444 nullls
302 2394 449 2454 videretur,
463 2396 537 2444 ortue
549 2397 612 2446 sunt
623 2397 739 2458 interpo-
775 2397 811 2445 tio
828 2399 1003 2446 exercentur:
1023 2398 1061 2446 sic
1079 2396 1149 2446 dicta
1161 2396 1300 2447 fortassee

212 2466 325 2518 lotiones
336 2468 409 2532 apud
420 2469 576 2520 Accursium
587 2473 615 2519 et
631 2471 658 2520 in
670 2468 735 2520 Cod.
774 2471 888 2530 laternum
906 2484 970 2521 num
987 2471 1060 2522 iures
1072 2469 1135 2520 olim
1152 2471 1302 2521 meminus

213 2541 256 2592 Sil.
267 2542 373 2592 Dictum
383 2545 425 2593 est
435 2544 526 2593 autem
541 2546 570 2593 ut
584 2543 674 2606 Ode,
692 2545 736 2604 rs,
775 2548 803 2594 et
827 2547 982 2596 lucerntooea
1007 2545 1191 2595 dicebantur.»
1213 2547 1298 2595 Coun.

213 2620 257 2668 lii:
270 2633 321 2669 ooo
330 2619 477 2678 lectricium·
491 2620 644 2679 «damnum,
655 2620 735 2684 quod,
775 2621 854 2678 Gneo.
875 2621 920 2684 (Cf.
936 2622 1027 2671 Festus
1040 2635 1061 2671 s.
1077 2619 1301 2682 viscerationes.)

213 2693 272 2756 quia
302 2695 426 2756 exiguum
452 2695 506 2754 est,
533 2692 619 2744 lenius
642 2694 737 2744 ieras.»
775 2695 866 2743 «Dicta
883 2696 1000 2744 torrente
1016 2708 1032 2744 a
1047 2695 1169 2755 meando,
1187 2695 1301 2744 narniu-

243 2767 333 2817 57-62.
349 2768 392 2816 Vir
404 2767 488 2832 bonus]
503 2781 584 2831 quem
597 2766 739 2832 plebecula
775 2780 819 2817 res
837 2769 961 2816 Mentores
978 2767 1126 2817 dicuntur.»
1145 2770 1207 2817 Aen.
1238 2765 1299 2829 (Alia

213 2841 251 2890 sic
269 2839 397 2904 appellet;
419 2841 560 2891 munilesto
577 2837 637 2890 κατ’
656 2843 738 2912 aipe-
774 2841 852 2890 buius
864 2841 979 2891 nominis
991 2841 1082 2902 styma
1094 2840 1147 2889 vid.
1161 2853 1203 2903 ap.
1218 2839 1300 2902 Pauly

213 2916 301 2963 vetar.
316 2941 344 2952 -
364 2916 424 2965 lane
436 2915 521 2979 poter]
545 2915 611 2965 Vide
631 2915 665 2965 ad
682 2917 735 2966 Sat.
773 2915 987 2976 neat-mopcmp.
1007 2914 1049 2962 IV.
1071 2927 1097 2977 p.
1121 2913 1188 2975 828.)
1214 2911 1297 2963 Plaut.

211 2989 236 3049 2.
250 2989 275 3049 6,
288 2989 329 3038 20.
346 3015 373 3024 —
388 2989 483 3052 Apono]
503 2989 670 3052 Significatne
688 3002 738 3054 per
773 2987 831 3039 bul.
845 2989 869 3048 3,
882 2988 959 3048 1,31.
973 2989 1096 3050 Congrio,
1115 3000 1197 3037 cocus
1209 2987 1297 3037 buda:

211 3061 343 3112 occultum
365 3063 512 3132 εἰρωνείαν
529 3065 592 3113 tunc
609 3076 736 3127 proceres
772 3065 813 3112 ito
828 3075 867 3112 ote
883 3062 941 3112 bere
958 3067 1024 3111 amet
1041 3063 1175 3110 leoena!
1200 3061 1299 3111 Novius

211 3138 344 3186 Romanos
367 3151 425 3188 rem
443 3137 559 3188 divinam
576 3137 736 3202 plerumque
773 3138 858 3188 Bothe
875 3151 901 3201 p.
914 3137 959 3186 56:
978 3137 1025 3186 Per
1041 3135 1240 3184 deumcooctam
1252 3135 1300 3182 Lu-
1322 3181 1323 3184 ,

211 3211 298 3260 lucere
312 3209 403 3261 solitos
415 3224 475 3262 esse
487 3210 599 3276 Apollini
609 3211 735 3274 Palatino,
772 3223 891 3272 venum,
914 3224 979 3272 quae
995 3211 1027 3259 ait
1043 3209 1138 3258 erduic
1155 3208 1298 3268 deauretur

211 3283 330 3333 lumilieri
361 3283 397 3333 illi
422 3287 533 3349 Augusti
556 3287 679 3336 numini?
707 3313 735 3323 -
775 3284 802 3321 -'
819 3285 916 3348 sotlec]
943 3297 996 3333 uon
1017 3286 1071 3332 tam
1090 3281 1230 3345 «decipere
1249 3279 1299 3329 bo-

209 3359 295 3407 lobru
314 3363 396 3408 meoet
411 3360 475 3423 cet]
503 3359 654 3410 simillimae
676 3363 737 3410 sunt
773 3359 875 3408 mines»
889 3357 1107 3421 qusmrlatere.»
1123 3382 1149 3392 -
1164 3356 1299 3404 teutoton-

208 3444 320 3494 preces,
350 3431 449 3495 quibus
474 3435 609 3484 mercator
631 3435 737 3486 Mercu·
771 3434 867 3497 curque]
895 3433 1074 3496 Frequentem
1091 3432 1161 3480 hanc
1179 3429 1299 3478 constru-

210 3505 279 3554 rium
297 3505 387 3568 fatigat
405 3508 476 3571 apud
494 3509 616 3558 Oddium
628 3509 696 3558 Fust.
709 3510 734 3570 5,
772 3509 889 3558 ctionem
908 3507 1005 3570 (Heius.
1026 3506 1059 3555 ed
1081 3503 1155 3556 Ouid.
1176 3504 1237 3552 ller.
1255 3499 1296 3560 11,

210 3579 253 3628 681
271 3593 331 3644 sqq.
353 3583 448 3632 Totum
466 3581 554 3632 locurn
566 3583 683 3632 imitatus
695 3585 737 3633 est
772 3581 812 3632 ot.
832 3581 907 3632 Orid.
921 3581 982 3630 Met.
996 3581 1020 3639 8,
1035 3579 1097 3629 690;
1119 3577 1190 3626 Votis
1208 3577 1298 3624 immrt·

209 3654 356 3716 Persiusz,
372 3658 460 3719 itsqq.
488 3655 533 3706 illa
555 3658 640 3708 labra
657 3661 737 3708 movet
770 3655 843 3705 nibus
864 3655 937 3704 boios
958 3655 1018 3703 Erae
1038 3653 1101 3701 maii
1117 3650 1227 3700 dubitor.
1256 3647 1294 3698 Cl.

209 3726 249 3775 sic
266 3731 409 3792 expressit:
438 3731 486 3780 lito
502 3731 547 3780 ribi
564 3733 736 3782 introi-mmet
771 3730 824 3778 snt.
839 3729 862 3790 1,
878 3731 901 3788 1,
916 3726 965 3788 19.)
982 3737 1044 3775 eum
1057 3723 1223 3787 ignorarent,
1242 3720 1298 3783 ple-

209 3799 253 3848 suo
264 3799 352 3865 linque
363 3805 603 3854 munumuoatcet.
626 3805 679 3854 cir.
690 3807 736 3853 se-
772 3803 847 3866 rique
871 3803 898 3850 in
916 3799 1098 3850 accusativum
1115 3797 1294 3846 mutaverunt.

209 3885 275 3923 neca
287 3875 369 3937 Epist.
384 3877 430 3938 10,
444 3881 474 3926 e:
494 3879 597 3938 Quanto
613 3877 736 3926 demetrio
774 3903 800 3912 -
814 3875 891 3926 obiice
907 3873 1003 3936 oeten]
1021 3869 1249 3936 quemadmodum
1260 3867 1296 3918 dii

208 3951 243 3996 cst
264 3948 410 3998 maeoti
439 3951 591 4012 turpissime
611 3953 673 4000 ootu
698 3951 736 3998 dte
771 3945 1142 4012 npudilomerumberoibus‚
1156 3953 1296 4007 quoscum

208 4021 386 4072 mont:
412 4025 433 4072 ri
458 4025 514 4086 pois
530 4025 669 4074 edmoomt
685 4037 734 4072 ao-
771 4024 886 4072 maxime
905 4023 1029 4072 tutantur.

208 4105 274 4154 rem,
292 4097 505 4158 conticescente,
528 4097 734 4159 quousdroto-
805 4095 892 4146 63-66.
922 4099 971 4157 Qut
990 4095 1078 4144 metior
1098 4093 1160 4157 eet]
1180 4092 1294 4141 uvarum
1337 4145 1340 4152 ,

208 4168 420 4232 minurientem,
440 4173 483 4222 deo
500 4176 663 4226 1111111111.-
681 4173 734 4221 La·
772 4185 802 4221 err
826 4170 975 4219 stoicorum
998 4168 1118 4219 doctrina
1146 4167 1180 4216 lta
1205 4165 1294 4230 potius

98 4305 103 4314 Ι
208 4242 295 4305 ceno]
320 4245 457 4295 «beverne
474 4245 501 4294 tn
517 4247 559 4294 via
577 4244 675 4296 Salaria
692 4245 734 4295 lu·
771 4247 813 4294 est
840 4242 1026 4302 iudicandum,
1057 4241 1187 4293 eiusmodi
1211 4240 1296 4289 circen
