3116 4968
291 429 351 497 t92
646 505 649 512 Δ
668 431 796 486 44444444
815 430 995 486 4444444444

334 591 414 657 Cum
436 607 489 655 res
513 587 583 676 ipsa
605 585 694 654 44444.
738 587 805 654 Nisi
826 587 941 654 dextro
964 595 1125 674 tempore,
1150 586 1256 656 Flacci

333 708 437 777 Verba
457 729 517 797 per
538 717 691 776 attentam
711 729 776 776 non
799 707 890 775 ibunt
913 707 1062 776 Caesaris
1085 727 1213 791 eurem,

333 831 391 900 Cui
412 830 497 898 male
519 831 546 898 si
569 829 719 920 palpare,
743 829 925 897 recalcitrat
946 828 1092 918 undique
1117 840 1214 898 tutus.
1337 831 1380 898 20

332 956 459 1035 Quanto
480 952 601 1019 rectius
622 950 685 1020 hoc
707 970 806 1039 quam
827 949 909 1017 tristi
930 949 1062 1018 laedere
1084 971 1182 1019 versu

330 1073 536 1142 Pantolabum
554 1093 700 1140 scurram
719 1073 1007 1159 Nomentanumque
1028 1083 1181 1160 nepotem

356 1282 397 1334 48.
414 1281 510 1343 emp
523 1281 550 1330 et
561 1292 630 1330 corr.
643 1277 671 1329 b.
684 1306 712 1316 -
724 1279 766 1330 20.
773 1278 883 1342 4444444444
893 1291 953 1344 pqr.
966 1303 993 1316 -
1006 1279 1152 1329 recalcitrat
1162 1278 1347 1346 bsopmdct:

321 1356 463 1408 rmolcttret
478 1370 512 1417 ω,
530 1351 675 1416 Bentleius,
694 1353 746 1404 FM.
767 1353 807 1418 (Ut
818 1365 875 1414 nos,
894 1355 987 1414 4444444,
1000 1351 1121 1416 Bentleii,
1133 1356 1242 1419 praeter
1253 1368 1348 1418 unum,

323 1431 351 1480 et
369 1427 486 1480 Pottiarii
503 1428 618 1490 omncs.)
638 1454 666 1464 -
689 1427 730 1477 44.
754 1428 819 1477 tristi
836 1439 913 1490 quom
929 1439 998 1478 nnus
1016 1427 1097 1490 Fene,
1115 1429 1146 1477 ut
1162 1429 1276 1478 coniecit
1293 1429 1350 1480 Cu·

323 1504 501 1567 ninglramius.
521 1529 550 1538 -
568 1502 609 1552 22.
626 1501 794 1552 Pantolabum
811 1503 837 1552 s,
856 1527 886 1539 -
910 1503 1192 1565 noctemnoctem,
1214 1503 1350 1554 Nomento-

322 1591 413 1630 numoo
430 1591 492 1630 cum
508 1573 590 1642 κλμφ
608 1577 636 1627 44
652 1575 759 1627 duobus
774 1577 932 1628 Bemmannt
948 1575 1092 1628 Bentleius.

293 1759 397 1811 -044444
412 1768 454 1807 res
469 1756 526 1819 ipsa
547 1753 617 1819 (eren
636 1752 721 1804 «Cum
743 1753 816 1802 tcm-
852 1754 927 1804 certe
951 1751 1074 1818 putidum
1101 1755 1128 1803 et
1153 1753 1203 1818 ipsi
1229 1753 1257 1803 st
1281 1753 1384 1808 criticis

290 1847 341 1901 pus
367 1831 473 1884 venerit
499 1831 709 1895 opportunum.»
749 1827 814 1878 llire
852 1827 945 1880 44444444
969 1826 1116 1878 videretur.
1163 1830 1256 1891 Aeque
1283 1827 1384 1882 nobilis

290 1907 458 1962 Feldhausch
485 1905 518 1956 de
545 1903 651 1956 Horatio
677 1899 814 1953 adulatore
852 1901 990 1966 cstflgura
1001 1901 1092 1967 Eurip.
1100 1901 1262 1953 5444444494
1278 1900 1385 1971 edocit

290 1997 317 2050 p.
335 1983 376 2035 48.
401 1992 530 2032 arcanum
555 1978 627 2030 hunc
652 1989 763 2028 sensum
788 1975 815 2026 444
852 1969 888 2026 ἄν
913 1968 991 2043 αὐτῷ
1016 1969 1171 2040 μᾶλλον
1150 1993 1169 2042 η
1192 1973 1384 2044 θυμούμενος

291 2056 444 2110 clarissimis
462 2053 561 2105 llaratti
576 2051 667 2104 verbis
684 2050 735 2102 sibi
752 2063 816 2114 rep-
853 2046 925 2140 πρὸς
941 2051 1046 2120 κέντρα
1068 2047 1244 2116 λακτίζοιμι,
1269 2049 1382 2119 θνητὸς

290 2133 393 2198 perisse
410 2129 549 2180 visusest:
569 2127 611 2176 nst
627 2124 816 2175 reveraCae-
852 2119 893 2176 ὢν
909 2121 978 2191 drqi.
1013 2127 1106 2189 Neque
1120 2137 1186 2176 vero
1203 2126 1292 2178 minus
1310 2128 1382 2179 mire

291 2206 358 2258 saris
390 2203 516 2254 iustitiam
550 2203 703 2264 temporum
734 2211 815 2249 cursu
852 2200 985 2264 Augustus
1003 2201 1030 2249 44
1047 2213 1110 2250 cum
1126 2199 1253 2263 accipitre
1270 2202 1299 2250 et
1315 2214 1382 2254 cum

291 2278 432 2346 probatam
458 2287 641 2339 cognovero.»
667 2299 697 2310 -
727 2271 816 2322 deutra
852 2272 914 2338 lupo
938 2275 1108 2337 comparatur
1130 2273 1165 2324 ab
1188 2273 1281 2326 Ouidio
1300 2275 1381 2328 trist.

291 2355 408 2418 temporo]
434 2353 489 2402 Sat.
506 2353 537 2412 2,
561 2349 594 2412 4,
621 2348 646 2416 l.
673 2349 816 2414 opponitur
853 2349 883 2408 4,
911 2348 939 2410 4,
966 2348 997 2397 ld
1023 2359 1083 2412 sqq.
1112 2375 1141 2384 -
1166 2348 1277 2410 4444444444
1301 2351 1381 2416 4444444]

289 2437 403 2492 tmepore
418 2425 497 2477 4444444.
532 2423 684 2476 Admodum
696 2423 761 2474 scite
774 2423 816 2472 tc·
854 2421 1010 2482 «Quomodo
1028 2433 1114 2486 equus
1130 2419 1326 2475 recalcitrando
1338 2438 1383 2476 ar-

292 2506 347 2555 tam
363 2514 422 2552 rem
439 2501 465 2552 in
483 2499 600 2551 laturum
617 2496 724 2561 aliquod
746 2499 816 2547 tem-
854 2499 897 2547 cet
913 2509 970 2548 asc
987 2494 1131 2548 molestum
1149 2495 1328 2562 palpatorem,
1342 2501 1384 2551 sic

292 2591 343 2644 pus
354 2577 438 2640 magis
450 2575 629 2640 opportunum
641 2571 737 2632 differt,
753 2583 816 2621 cum
854 2571 954 2621 Caesar
970 2572 1075 2635 ineptos
1097 2569 1264 2635 adulatores,
1292 2574 1328 2624 ita
1349 2577 1383 2626 ut

293 2667 323 2703 re
339 2663 405 2700 vera
426 2661 510 2713 genus
530 2646 601 2698 istud
623 2647 816 2710 panegyricum
854 2658 962 2709 quoquo
987 2657 1082 2696 versus
1105 2657 1135 2697 se
1158 2645 1193 2696 ab
1216 2659 1311 2698 eorum
1337 2649 1383 2700 444-

292 2727 372 2778 Vario
389 2725 417 2775 ct
432 2721 538 2775 Rabirio
555 2719 715 2784 reliquisset.
854 2733 935 2772 cursu
952 2722 1078 2772 tutetur.»

326 2800 366 2851 49.
386 2799 428 2848 2⁰,
453 2810 502 2860 per
525 2791 815 2856 attentom-·oarem]
886 2795 976 2846 44-46.
1004 2797 1210 2858 ooonnrecttm
1227 2796 1292 2861 cet]
1313 2797 1383 2850 ’444-

294 2873 432 2925 «Cassaris
453 2883 546 2920 aurem
566 2867 651 2920 verba
676 2881 737 2918 mea
762 2879 817 2917 non
854 2870 919 2922 444444
940 2871 1003 2922 sunt
1023 2871 1078 2920 tres
1095 2882 1191 2922 versus
1208 2872 1348 2923 Horatium
1365 2885 1383 2924 a

293 2948 429 3000 invenient
445 2945 587 3004 attentam,
609 2943 659 2994 nisi
676 2943 699 2992 si
715 2955 817 3008 oppor-
855 2945 944 2996 4444444
969 2942 1120 2994 scribendis
1145 2942 1320 2996 dehortantis.
1351 2973 1380 2983 -

293 3025 357 3075 tuno
374 3024 510 3085 tempore,
529 3031 591 3070 cum
608 3032 623 3069 a
641 3018 752 3080 negotiis
768 3028 817 3066 ve·
854 3020 928 3082 444444]
947 3018 1083 3070 4444445444
1101 3021 1128 3068 44
1142 3019 1274 3070 satirico.»
1293 3019 1380 3071 Ceu.

293 3101 348 3160 cat,
368 3097 392 3148 44
409 3095 528 3147 oblatum
545 3093 595 3144 4444
611 3105 721 3144 carmen
733 3091 816 3155 ipsius
855 3096 900 3146 Cn.
921 3121 949 3130 -
967 3091 1132 3144 Pantolabum
1148 3093 1211 3158 cet]
1230 3092 1305 3144 Conl.
1324 3093 1380 3144 Sat.

292 3171 386 3224 laudes
404 3169 588 3236 praedicans.»
623 3165 814 3230 contenet,
855 3171 883 3230 4,
902 3167 933 3229 8,
952 3168 1004 3228 44.,
1023 3179 1056 3218 ex
1074 3179 1128 3230 quo
1144 3181 1170 3218 v.
1190 3167 1312 3218 firmatur
1325 3169 1383 3217 No-

294 3249 325 3308 4,
344 3247 355 3295 4
376 3258 436 3309 sqq.
457 3271 484 3280 —
508 3243 554 3293 Cui
579 3241 641 3306 cet]
668 3240 770 3299 nouem
794 3239 817 3288 si
852 3247 1046 3304 mmmnunaqar
1070 3243 1162 3292 contra
1188 3239 1299 3292 Bentleii
1324 3242 1382 3293 Na-

293 3321 353 3385 quls
370 3317 494 3369 laudibus
506 3315 613 3367 extollat
627 3315 724 3378 ineptis
735 3315 816 3376 atque
852 3322 1036 3368 44444444444444,
1050 3339 1078 3351 -
1094 3317 1159 3377 (444444
1169 3314 1292 3380 faueant]
1310 3315 1382 3368 «Ali-

293 3391 490 3452 immcdcratis‚
518 3389 561 3441 ille
586 3401 632 3438 eas
658 3386 817 3451 dedignatur
854 3393 895 3442 ter
920 3388 1046 3453 equidem
1071 3389 1160 3440 lacere
1184 3403 1322 3454 nequem»
1349 3395 1382 3444 nt

293 3470 322 3520 et
331 3467 459 3532 respuit.»
471 3461 816 3528 -mote]·intempestive.»
854 3467 927 3517 pm,
942 3464 970 3526 4,
989 3464 1033 3513 ⁴2:
1054 3465 1120 3527 (44444
1134 3463 1249 3528 saetam?
1264 3465 1314 3516 seo
1325 3479 1382 3517 m

294 3541 369 3595 conl.
389 3541 442 3591 Sat.
461 3539 491 3599 t,
509 3538 537 3599 9,
557 3537 597 3587 65.
618 3561 645 3574 -
663 3535 816 3600 rmatcttrot]
850 3539 975 3604 4444444444·
990 3538 1073 3601 44444444
1088 3539 1217 3590 cachinno.
1239 3567 1267 3576 -
1283 3541 1378 3604 84444444]

294 3619 349 3669 Cic.
363 3629 412 3682 pro
430 3611 519 3664 Caelio
537 3613 581 3673 45,
600 3609 640 3660 36.
660 3610 695 3661 de
712 3611 817 3662 4444444-
853 3618 946 3666 contra
967 3613 1106 3664 decorum.
1133 3615 1241 3666 Lucian.
1253 3615 1320 3666 Tim.
1336 3617 1379 3668 55.

293 3687 637 3744 veacClcdiamamantem
645 3687 814 3750 aspernante:
854 3687 1013 3752 Thrasycles
1034 3689 1152 3753 sophista
1177 3688 1309 3754 μέθυσος
1329 3691 1381 3744 καλ

293 3767 424 3828 metuat,
450 3763 554 3826 44444444.
591 3760 656 3812 54444
678 3772 710 3810 44
732 3773 816 3824 prope
854 3759 993 3852 πάροινος
1010 3756 1065 3814 οὔκ
1081 3755 1152 3847 dxc!
1167 3757 1246 3830 ᾠδῆς
1262 3758 1382 3833 4444λό44-

294 3839 416 3905 ignobilis
433 3839 531 3890 nostris
547 3833 699 3886 hominibus
713 3833 818 3887 videtur
854 3833 984 3908 χηστύος
999 3833 1107 3902 μόνον,
1126 3829 1200 3888 ἀλλὰ
1216 3837 1266 3888 nat
1283 3835 1382 3888 λοιδο-

294 3916 363 3966 haec
380 3915 442 3978 equi
463 3909 654 3963 recalcitrantis
677 3910 765 3972 imago
782 3910 817 3963 de
854 3856 918 3986 (2th
935 3903 1017 3962 aul'
1002 3906 1100 3982 οργῆς.
1135 3911 1192 3962 cic.
1204 3923 1255 3976 pro
1272 3911 1339 3963 44444.
1354 3910 1379 3972 5,

295 3988 562 4052 04444444444444444
579 3996 675 4036 verum
683 3985 816 4048 Horatius,
854 3929 901 4038 434
929 3988 1008 4037 Nemo
1029 3985 1082 4050 (ere
1102 3985 1180 4036 saltat
1195 3985 1306 4046 44544444,
1331 3949 1382 4036 nial

295 4061 396 4124 siquis
416 4059 496 4124 alius,
521 4059 638 4124 optimus
661 4057 818 4112 urbanitatis
853 4061 1059 4125 terminarat:-
1046 4059 1381 4111 --444444444444445444444444444

295 4134 375 4186 iudex
392 4135 461 4186 scire
480 4131 573 4197 procul
590 4132 672 4185 dubio
689 4132 816 4197 debebat,
853 4147 934 4186 4444444
953 4139 989 4186 ert
1013 4139 1128 4185 44444444
1149 4135 1310 4186 44444444-
1328 4135 1381 4186 ut-

251 4247 263 4264 ,
295 4221 358 4262 sam
373 4209 429 4260 suis
445 4205 611 4272 temporibus
627 4206 816 4269 nihitnahcre,
853 4207 943 4274 4444444]
956 4206 1184 4260 «scamellorum
1199 4209 1380 4274 4444444444.»

295 4282 369 4351 quod
386 4283 432 4336 aut
453 4279 585 4334 tentarem
601 4281 751 4336 offenderet
772 4285 819 4335 aut
854 4287 948 4336 Poura.
968 4307 996 4320 -
1015 4287 1044 4334 444
1059 4282 1285 4350 444444144444444
1306 4284 1380 4334 44444·
