3192 4974
587 450 647 500 ιιι.
666 451 685 500 ι.
721 449 820 500 eersr.
837 451 880 500 vr.
1221 449 1285 516 437

236 610 344 673 Navus
366 627 461 673 mane
483 605 587 672 lorum
610 615 642 672 et
663 607 867 694 vespertinus
888 615 964 694 pete
987 617 1120 684 tectum,
1241 609 1286 675 20

238 731 284 796 Ne
309 728 383 817 plus
406 727 556 796 frumenti
578 727 740 795 dotalibus
763 739 882 796 emetat
904 729 989 817 agris

235 851 341 917 Mutus
363 860 410 928 et,
435 849 617 938 indignum,
647 849 736 937 quod
760 849 801 916 sit
821 849 987 938 peioribus
1010 859 1114 928 ortus,

236 972 296 1039 Hic
317 971 372 1038 tibi
396 971 437 1038 sit
459 972 567 1060 potius
591 993 688 1060 quam
711 981 746 1038 tu
768 971 922 1038 mirabilis
945 971 998 1036 illi.

237 1092 403 1182 Quidquid
425 1091 486 1160 sub
509 1103 596 1160 terra
617 1103 680 1171 est,
704 1094 737 1159 in
762 1094 908 1182 apricum
928 1093 1071 1182 proleret
1093 1102 1200 1174 aetas;

222 1275 311 1338 populi
325 1275 351 1324 S.
367 1301 393 1310 -
407 1275 448 1325 io.
461 1275 549 1324 Novus
559 1273 643 1337 bSEc,
652 1275 707 1326 LC:
727 1275 830 1326 Gnoorrs
844 1275 950 1336 miloni
968 1275 995 1326 et
1008 1271 1149 1328 Bentleius.
1166 1302 1193 1311 -
1207 1275 1248 1325 22.

225 1351 332 1412 lluoiro,
346 1349 476 1414 indipnum
485 1350 545 1400 LCt.
559 1377 585 1386 -
597 1349 670 1414 qood]
683 1350 726 1412 qai
737 1347 855 1400 malebat
866 1347 1007 1400 Bentleius.
1025 1375 1052 1386 -·
1070 1349 1144 1414 stilai
1160 1361 1201 1413 pr.
1221 1348 1248 1398 d.

195 1515 223 1526 -
242 1490 330 1539 Novus
345 1489 499 1554 anneceb]
523 1487 647 1552 Plerique
669 1490 719 1539 ho-
755 1503 800 1539 mo
816 1489 957 1551 deperdere.
980 1515 1007 1524 -
1020 1487 1160 1553 indiqnom]
1178 1488 1208 1538 ut
1222 1486 1284 1538 alibl

193 1565 280 1616 mines
297 1564 409 1626 negotiis
421 1565 503 1628 gestis
515 1563 565 1614 sub
578 1563 719 1614 meridiem
756 1565 862 1622 mirum,
886 1563 995 1624 mum,
1022 1563 1103 1626 nesae,
1128 1575 1177 1628 per
1194 1561 1285 1614 excla-

143 1639 146 1648 ‘
193 1639 305 1688 domum
321 1639 425 1690 redisse
437 1637 575 1688 videntur:
595 1638 638 1688 hic
653 1651 719 1688 vero
757 1639 917 1698 mationem,
935 1635 1061 1688 videlicet
1078 1650 1110 1686 ex
1128 1637 1209 1688 invidi
1219 1650 1285 1704 per-

192 1713 259 1764 lucri
281 1713 390 1778 praeter
410 1713 521 1762 modum
541 1712 653 1776 cupidus
670 1726 719 1762 ve·
757 1725 832 1763 sono.
862 1710 990 1760 SicOvid.
1004 1713 1063 1761 Am.
1078 1712 1107 1772 t,
1126 1712 1152 1773 6,
1173 1713 1196 1762 4.
1220 1713 1282 1762 Met.

193 1789 265 1852 speri
283 1787 394 1838 demum
411 1787 522 1837 domum
534 1788 632 1837 reverti
645 1787 720 1837 iube-
756 1789 785 1847 5,
806 1786 845 1836 st.
867 1813 895 1822 -
916 1784 1044 1846 peiortbro
1064 1786 1147 1851 ortus]
1173 1785 1201 1835 id
1227 1789 1281 1849 est,

193 1865 244 1912 tur.
279 1863 414 1924 (Ceterum
432 1861 466 1911 de
488 1861 621 1925 scriptura
638 1875 719 1911 nmine
756 1858 975 1911 «obscurioribus
1001 1872 1083 1923 quam
1111 1861 1140 1910 tu
1166 1863 1285 1924 parenti-

193 1937 240 1986 clr.
255 1937 309 1986 Cic.
324 1937 395 1985 Oret.
409 1934 455 1995 47,
476 1935 542 1998 458.)
558 1963 584 1972 -
597 1938 719 1998 vesperti-
755 1937 834 1988 bus.»
861 1939 934 1987 Pers.
949 1937 978 1998 6,
998 1936 1042 1988 44;
1062 1937 1285 1990 Etsiodeoomoee

191 2009 247 2074 nus]
266 2009 305 2061 Ci.
324 2009 407 2074 Epod.
427 2010 470 2070 46,
490 2011 530 2060 bt.
556 2038 584 2047 -
608 2011 646 2060 Ne
661 2011 720 2072 plue
755 2014 884 2062 Ditescont
911 2012 975 2061 orti
999 2012 1177 2076 peioribus,
1206 2027 1286 2075 eisque

193 2085 255 2150 cet]
275 2085 397 2134 allaviter
414 2085 517 2150 corripe
535 2084 653 2149 undique
669 2097 719 2148 pe-
750 2085 807 2138 ’σοι
825 2113 850 2124 -
864 2086 995 2151 momnis]
1014 2085 1154 2153 ζηλωτός,
1171 2088 1284 2152 «dignus

192 2161 296 2220 eunias,
316 2171 349 2209 ne
366 2160 454 2210 Mutus
472 2158 526 2220 ille,
546 2161 588 2210 cui
605 2160 716 2223 invides,
756 2175 837 2228 quern
854 2161 1014 2212 admirere.»
1043 2163 1205 2226 ltespioitad
1217 2177 1242 2214 v.
1257 2165 1281 2215 t:

192 2235 271 2285 ditior
282 2235 315 2284 sit
331 2237 372 2294 te,
391 2247 453 2284 com
465 2235 562 2299 partim
577 2247 643 2299 opes
655 2249 718 2287 suas
754 2239 798 2290 Nil
813 2238 948 2288 admirari.

192 2323 246 2360 non
274 2309 421 2360 assiduitati
448 2321 537 2372 neque
565 2308 715 2373 sollertiae,
787 2312 877 2364 tl-s'l.
908 2313 1034 2376 Quidquid
1052 2313 1115 2377 cet]
1133 2313 1284 2364 Sententia-

192 2385 242 2436 aed
264 2382 448 2434 tantummodo
466 2385 584 2448 coniugis
601 2384 668 2447 doti,
691 2386 716 2436 id
755 2401 816 2438 rum
834 2400 930 2437 nexus:
951 2389 1068 2438 «Verum
1085 2389 1111 2438 in
1123 2388 1174 2438 boc
1188 2390 1284 2440 immo·

192 2460 245 2520 est,
269 2471 351 2508 caeco
369 2459 457 2518 casui,
484 2459 593 2522 debent,
619 2461 717 2524 partim
756 2462 849 2512 demto
870 2460 936 2511 lucri
957 2461 1046 2511 studio
1064 2459 1091 2511 id
1112 2475 1219 2526 quoque
1237 2475 1283 2514 so-

193 2535 235 2598 (de
248 2547 301 2598 qua
313 2546 343 2583 re
356 2535 412 2584 iure
430 2533 582 2598 indignaris)
595 2537 717 2586 tenuiore
755 2535 810 2586 lent
821 2535 942 2587 oblivisci
961 2536 1094 2601 plerique,
1114 2537 1185 2588 lluaa
1197 2541 1225 2589 et
1236 2551 1284 2588 ca-

191 2607 250 2659 loco
262 2609 296 2658 sit
307 2611 407 2658 ortus.»
426 2609 482 2672 (vv.
496 2609 719 2675 dotalibus-apris
755 2611 823 2661 duca
842 2611 929 2661 omnia
947 2625 1020 2672 esse,
1040 2623 1109 2674 quoe
1127 2611 1220 2675 volgus
1231 2625 1282 2676 pro

192 2682 226 2732 ad
241 2683 343 2732 nutum
355 2682 492 2733 dumtaxat
503 2685 650 2748 pertinent,
668 2699 717 2735 ne·
755 2687 867 2736 summis
895 2685 974 2735 bonis
1002 2685 1093 2736 habet.
1139 2688 1226 2749 Atque
1253 2687 1284 2736 ut

192 2771 245 2822 que
262 2771 340 2818 vero,
360 2761 389 2808 ut
406 2757 500 2822 aliquis
517 2762 591 2810 ratus
604 2763 657 2820 est,
676 2773 719 2810 re-
755 2760 880 2809 continuo
906 2772 992 2809 novoe
1017 2759 1157 2809 homiuum
1180 2761 1282 2810 aetates

193 2833 313 2883 leruntur
329 2833 363 2882 ad
380 2847 406 2884 v.
420 2834 474 2894 20„
493 2835 567 2898 quasi
586 2833 622 2883 ibi
640 2835 719 2898 signi·
755 2835 877 2884 oriuntur
894 2835 921 2883 et
943 2847 975 2882 ex
998 2835 1085 2883 terrae
1109 2833 1210 2896 gremio
1231 2846 1282 2883 no-

191 2907 287 2958 flcetur
303 2908 399 2959 modus
411 2907 521 2958 divitem
538 2908 588 2958 sibl
605 2921 717 2958 uxorem
754 2921 804 2958 vae
826 2921 936 2973 semper
956 2921 1021 2971 opes
1040 2907 1201 2956 effodiuntur
1221 2919 1282 2956 rur-

191 2983 322 3047 parandi.)
336 3010 364 3020 -
381 2983 478 3048 llutos]
499 2984 580 3033 bomo
602 2984 715 3046 ignotus3
755 2995 856 3046 susque
877 2985 1003 3047 pereunt,
1026 2983 1065 3033 sic
1084 2983 1131 3046 qui
1153 2995 1224 3031 nunc
1239 2983 1282 3032 vi-

192 3057 284 3108 detum
302 3069 362 3110 esse
380 3071 477 3110 nomen
496 3071 548 3108 non
567 3058 659 3108 credo.
687 3060 715 3108 P.
753 3060 835 3118 vunt,
863 3069 924 3106 mox
950 3057 1087 3117 occident,
1115 3068 1184 3120 quse
1210 3069 1281 3107 nunc

190 3131 313 3183 Amrrrrs
328 3134 354 3182 P.
368 3133 397 3182 F.
410 3135 498 3184 llrrrs
507 3135 548 3183 est
558 3133 629 3196 apud
642 3135 714 3182 (troi.
755 3129 897 3195 splendent
919 3133 946 3180 et
968 3131 1107 3195 magnifico
1131 3131 1278 3194 ducuntur,

192 3206 254 3268 302,
275 3207 298 3256 4.
328 3205 402 3258 Falso
419 3209 462 3258 est
478 3207 717 3258 Dttntzeridoctri-
754 3207 831 3256 brevi
848 3203 1064 3256 obscurabuntur
1080 3209 1107 3256 et
1124 3205 1279 3257 interibunt.
1310 3219 1317 3238 ⁸

191 3293 239 3344 ne,
265 3293 397 3344 personas
423 3283 567 3333 etiamtunc
592 3283 667 3332 vivos
690 3283 716 3332 ln
754 3283 811 3332 Hoc
828 3282 857 3331 tu
874 3293 1012 3345 nunquam
1030 3280 1204 3342 obliviscere,
1223 3282 1280 3330 uta

191 3354 314 3420 Epistolis
322 3367 456 3422 nusquam
467 3357 503 3408 ita
512 3358 595 3421 tangi,
608 3358 636 3407 et
647 3358 717 3407 hanc
754 3356 850 3407 morbo
872 3356 915 3407 illo
938 3369 1003 3421 opes
1028 3353 1187 3408 corrodendi
1212 3353 1281 3405 liber

191 3430 322 3483 aLucilio
339 3433 480 3496 repetitam
492 3433 585 3484 videri.
615 3431 714 3484 Tuclr.
755 3443 874 3482 maneas.
911 3431 1078 3482 lloriendum
1104 3429 1152 3481 tibi
1177 3431 1230 3492 est,
1257 3429 1280 3481 si

191 3509 257 3572 Epp.
273 3508 296 3568 4,
311 3508 338 3568 4,
352 3506 380 3558 l:
403 3508 532 3571 Veianius,
546 3509 591 3558 30:
611 3509 714 3572 Glycon,
754 3505 880 3570 aequales
898 3507 935 3556 tui
953 3507 979 3557 te
996 3505 1038 3558 vel
1055 3508 1172 3558 maxime
1183 3518 1281 3570 sospe-

191 3583 271 3647 Episi.
285 3583 314 3644 ll,
329 3583 357 3633 9:
375 3583 503 3646 Moscius,
517 3585 599 3649 Epist.
614 3585 654 3647 48,
668 3585 714 3634 to:
753 3583 865 3633 serint.»
891 3583 1083 3646 Xenophanes:
1099 3575 1148 3631 Ἕκ
1159 3577 1213 3647 γῆς
1223 3574 1279 3649 γὰρ

192 3659 318 3710 coloes
333 3659 462 3718 Dolichos,
481 3671 550 3723 quae
563 3660 585 3710 si
602 3659 662 3710 ficta
675 3673 717 3712 es·
753 3653 821 3708 udde
846 3655 954 3718 πάντα,
980 3657 1029 3707 καὶ
1055 3655 1085 3719 ἐς
1109 3649 1165 3722 γῆν
1184 3650 1279 3703 πάντα

191 3735 252 3785 sent
267 3733 313 3782 aut
329 3735 496 3784 mortuorum
514 3735 635 3797 nomino,
654 3733 714 3797 loci,
752 3727 878 3800 τελευτᾷ.
909 3733 988 3796 Soph.
1003 3733 1066 3783 Aiax
1084 3729 1146 3781 dib:
1164 3721 1279 3778 “Amr

190 3807 237 3858 obi
254 3811 451 3869 memorantur,
470 3810 554 3872 gratia
566 3807 660 3859 eisaie
674 3823 716 3860 ca·
753 3800 771 3854 ὁ
793 3801 907 3878 μακρὸς
930 3800 1148 3876 κάναρίθμηιος
1170 3800 1278 3874 χρόνος

190 3885 289 3934 rerent.
331 3885 499 3947 Quamquam
533 3885 572 3934 in‘
593 3883 715 3949 Epistolis
753 3876 822 3932 Φύει
837 3881 860 3931 τ’
877 3875 971 3949 ἄδηλα
991 3881 1041 3932 καὶ
1057 3880 1186 3943 φανέντα
1207 3875 1277 3950 κρύ-

190 3957 274 4008 multo
295 3959 384 4009 minus
406 3958 518 4009 mordax
538 3961 580 4010 est
603 3959 630 4008 in
652 3971 713 4020 eos,
753 3971 859 4009 marae.
885 3959 918 4009 ll.
932 3959 1079 4009 Antoninus
1096 3957 1121 4017 9,
1142 3956 1188 4007 28:
1207 3950 1278 4007 ταῦ-

190 4033 236 4097 qui
254 4034 400 4084 etiamtunc
415 4033 554 4096 vivebant,
584 4045 665 4098 quam
688 4034 715 4084 in
752 4029 789 4082 rot
806 4032 868 4084 ἐστι
884 4029 920 4082 τὰ
934 4031 988 4084 τοῦ
1000 4027 1118 4097 κόσμου
1130 4027 1275 4098 ἐγκύκλια,

189 4109 290 4158 Satiris.
310 4137 337 4144 -
350 4113 441 4159 ossolet
456 4111 536 4174 apris]
552 4101 716 4173 nosceres
752 4103 812 4159 ἄνω
829 4105 922 4170 κάτω,
945 4104 977 4171 ἐξ
993 4101 1099 4169 αἰῶνος
1116 4107 1157 4169 εἰς
1174 4104 1275 4157 αἰῶνα.

189 4179 359 4250 λεγόμενον,
379 4188 478 4237 «metat
496 4199 529 4234 ex
547 4185 644 4249 agris.»
674 4185 713 4236 Cl.
753 4177 874 4249 --Ἥδη
899 4178 1008 4240 πάντας
1030 4177 1108 4247 ἡμᾶς
1128 4179 1165 4248 γῆ
1188 4179 1277 4234 καλύ-

189 4259 243 4309 Sat.
256 4260 286 4321 2,
300 4261 328 4322 2,
348 4259 393 4310 77:
410 4273 488 4310 coena
499 4262 638 4325 decerpere.
654 4259 714 4310 tot:
753 4269 818 4326 ψει·
836 4253 934 4310 ἔπειτα
951 4257 999 4308 καὶ
1018 4250 1091 4323 αὐτὴ
1108 4255 1275 4323 perdentur.

189 4335 297 4386 onetlrie
308 4349 406 4387 ooeroo.
436 4335 631 4398 sat.t,t,3t:
649 4349 716 4386 suot·
755 4365 781 4373 -
800 4337 828 4386 in
845 4333 968 4400 apriano]
983 4333 1183 4398 inrepertum.»
1213 4335 1275 4384 Pon-
