3192 4974
651 461 709 512 Llll.
730 461 748 510 l.
785 461 882 511 EPIST.
903 461 921 510 l.

283 617 421 684 Stultitia
443 617 597 684 caruisse.
643 615 753 693 videa,
777 637 862 704 quae
885 617 1024 683 maxima
1046 617 1152 684 credis

285 741 363 806 Esse
386 737 660 824 mala‚'exiguum
684 758 818 804 censum
840 747 1033 827 turpemque
1060 739 1240 826 repulsam,

283 863 410 941 Quanto
434 859 559 926 devites
582 861 678 925 animi
702 861 882 949 capitisque
904 859 1027 927 labore.

283 983 423 1070 impiger
444 993 607 1048 extremos
630 982 734 1048 curris
757 993 917 1049 mercator
939 981 980 1048 ad
1003 981 1113 1058 indos,
1286 984 1327 1049 45

284 1107 344 1172 Per
367 1125 456 1170 mare
477 1105 669 1191 pauperiem
692 1103 831 1192 stagiano,
855 1123 1027 1192 persam,
1052 1125 1111 1192 per
1133 1105 1239 1192 ignes:

307 1303 347 1354 44.
376 1303 503 1365 maon
527 1303 555 1353 b.
585 1333 611 1340 -
639 1303 725 1354 animo
751 1305 860 1368 Cruquii
886 1303 970 1356 Codd.
990 1307 1044 1356 tres
1072 1305 1134 1368 (nou
1152 1305 1244 1369 optimi
1261 1303 1295 1358 illi

273 1377 453 1442 Blandiniani).
476 1407 502 1414 -
521 1379 615 1443 labore]
629 1380 726 1442 periclo
743 1392 784 1444 pr.
804 1379 831 1429 d.

240 1559 312 1608 nulla
331 1559 498 1608 mitescere
518 1561 587 1618 orte,
612 1559 648 1606 sic
669 1557 767 1606 immi-
804 1555 905 1620 solum,
931 1555 1081 1621 alloquitur.
1116 1558 1252 1608 Sententia
1273 1561 1326 1609 est:

241 1639 299 1684 tem
323 1637 346 1683 et
370 1632 553 1695 implacabilem
569 1633 623 1682 etas
637 1633 688 1682 oiri
709 1633 768 1682 oni-
805 1633 885 1682 «Tute
903 1634 1003 1684 sentias
1020 1643 1132 1683 necesse
1150 1635 1205 1694 est,
1229 1635 1329 1697 quanto

239 1721 309 1759 mom
325 1721 383 1758 esse.
400 1708 565 1769 -cuttoroq
582 1708 766 1768 Cio.Tusc.i,
804 1710 873 1757 oet.»
894 1735 922 1745 -
940 1713 1085 1770 carpensque
1105 1709 1245 1772 repulsam]
1266 1708 1330 1760 Ubi·
1391 1721 1393 1724 ·

241 1787 265 1842 5,
280 1784 325 1834 43ι
345 1783 451 1833 Cultura
462 1783 542 1833 ocimi
555 1783 711 1845 ptttosopttio
721 1788 765 1832 cet.
804 1794 857 1844 que
875 1785 987 1845 usurpat
1002 1781 1087 1832 verba
1102 1783 1200 1833 veteris
1218 1784 1256 1832 rei
1276 1795 1329 1848 pu-

244 1859 356 1909 Brunck.
370 1859 398 1908 P.
412 1859 505 1908 (tuom.
519 1872 546 1922 p.
560 1849 767 1920 32&ssstae
803 1854 902 1915 blicae,
918 1869 970 1906 usu
981 1855 1106 1919 loquendi
1119 1869 1184 1908 sane
1195 1857 1330 1910 innocenti

242 1927 260 1999 ἡ
291 1931 438 1996 παίδευσις
465 1927 593 2003 ἡμέρους
621 1937 705 1982 ποιεῖ.
738 1959 766 1969 -
804 1930 838 1980 ad
858 1931 969 1994 Augusti
989 1931 1155 1982 voluntatem
1174 1945 1235 1982 sese
1254 1945 1330 1982 eom-

239 2009 376 2072 potiaotam
392 2009 528 2058 mundet
549 2007 646 2072 ament]
666 2007 768 2058 aliben-
803 2017 916 2069 ponens.
953 2007 1007 2058 Cic.
1024 2007 1059 2057 de
1076 2007 1150 2057 Oiiic.
1169 2007 1199 2067 4,
1217 2008 1261 2067 et,
1281 2009 1327 2057 tt:

241 2087 283 2133 ter
299 2085 327 2132 et
343 2083 424 2146 gratis
441 2081 596 2146 praebeat.»
625 2084 678 2132 sat.
694 2082 722 2142 4,
742 2082 765 2142 4,
807 2080 925 2130 Videntur
944 2081 997 2144 (qui
1018 2083 1076 2132 sine
1099 2081 1194 2132 idonea
1215 2095 1295 2132 eausa
1314 2096 1328 2132 e

241 2158 287 2208 di:
306 2169 384 2219 usqae
400 2169 426 2208 se
441 2158 496 2219 [ora
509 2157 613 2219 poetico
625 2159 691 2206 iam
701 2157 767 2220 foci-
803 2167 833 2205 re
857 2153 962 2218 publice
986 2157 1166 2218 recesserunt}
1189 2156 1287 2206 mboree
1307 2161 1331 2206 ct

241 2233 289 2281 lein
305 2233 384 2292 diem,
409 2233 474 2281 uotis
489 2236 518 2280 ut
531 2231 653 2293 praebeat
668 2245 765 2281 aaron.
802 2230 940 2292 molestias,
958 2235 1012 2280 tran
1028 2231 1191 2294 offmsionum
1207 2235 1231 2282 et
1246 2231 1331 2294 repul·
1416 2217 1421 2228 ’

244 2335 271 2342 -
287 2307 659 2369 pricio1iungeetiamcum
675 2307 768 2357 v.vir-
803 2319 891 2356 aarum
915 2308 989 2369 qaosi
1015 2308 1143 2369 meandum
1165 2308 1331 2370 ipaomioiom

241 2386 289 2430 tua.
319 2379 424 2442 Quintil.
437 2381 509 2443 8‚3,
528 2380 573 2432 li:
592 2382 678 2430 itimo
688 2382 769 2432 virtus
804 2381 891 2432 timere
907 2387 931 2431 ct
946 2382 1087 2445 infamiam.
1109 2409 1136 2419 -
1155 2383 1235 2431 αιιιιιιι·
1257 2383 1331 2445 copi-

241 2461 276 2506 ast
300 2457 361 2506 citio
386 2468 482 2506 corae.
528 2455 673 2520 abruptior
698 2469 767 2520 quae
804 2457 1192 2522 tupotaompsummacum
1208 2457 1329 2508 molestia

243 2531 348 2581 videtur
378 2525 493 2597 γνώμη,
532 2532 567 2581 ita
602 2533 768 2583 connectitur
804 2537 831 2584 et
847 2535 928 2583 animi
946 2535 973 2583 et
984 2533 1132 2597 eorporis;»
1150 2534 1189 2583 sic
1201 2534 1273 2582 enim
1286 2545 1332 2582 ex·

242 2619 304 2656 cum
325 2605 563 2670 praecedentibus:
593 2608 648 2656 «Ac
670 2619 766 2670 reapse
803 2608 959 2673 ponendum
982 2621 1007 2656 r.
1029 2607 1132 2670 capitis,
1160 2609 1187 2658 et
1210 2608 1330 2671 apposite

240 2681 345 2732 virtutis
366 2694 398 2730 ac
419 2683 566 2745 sapientiae
591 2681 767 2746 primordium
804 2683 838 2734 ad
850 2683 972 2733 nostrum
982 2694 1137 2733 sermonem
1145 2682 1226 2731 Voss:
1245 2681 1331 2731 Deoitc

242 2754 305 2808 illud
322 2759 375 2816 est,
402 2758 432 2805 ut
453 2769 517 2806 vera
539 2755 699 2807 docentibus
719 2769 768 2805 eu·
802 2759 851 2808 wic
867 2757 989 2820 dapsilicb
1005 2757 1040 2804 do
1055 2757 1134 2806 soleba
1150 2755 1195 2804 mit
1211 2756 1332 2805 norwit

242 2843 301 2880 rem
340 2831 502 2894 praebentes
535 2830 597 2880 vitia
636 2831 768 2894 fugiamus
802 2833 904 2882 modest
930 2832 983 2880 aad
1006 2830 1133 2894 Kapsacelt.
1170 2831 1221 2879 Pro
1246 2829 1331 2879 tabere

241 2905 491 2969 praeiudicatasque
517 2906 655 2969 opiniones
684 2905 769 2968 depo-
804 2906 847 2957 alii
873 2905 959 2956 codd.
985 2904 1057 2969 apud
1084 2905 1165 2954 Feam
1190 2915 1205 2953 e
1232 2901 1331 2966 duplici

242 2991 365 3031 namus.»
385 3009 413 3016 -
432 2981 553 3044 Stultitia]
572 2991 654 3030 sensu
674 2977 768 3030 morali
805 2979 884 3046 gloss.
899 2979 940 3030 vel
959 2979 1043 3030 dolore
1059 2977 1102 3028 vel
1116 2977 1220 3040 periclo.

243 3055 348 3118 «pravis
365 3055 446 3105 animi
462 3053 632 3116 attactibus»
652 3067 705 3118 quo
724 3067 769 3105 so-
838 3053 927 3107 iti-ti.
948 3052 1058 3117 impiper
1075 3052 1138 3115 cet]
1157 3051 1274 3102 «Eodem
1291 3049 1332 3102 la-

242 3126 298 3179 lent
319 3142 450 3194 usurpare
473 3129 552 3179 Stoici
578 3130 605 3179 et
630 3128 769 3192 aliquoties
805 3132 872 3182 bore
889 3129 1039 3192 iisdemque
1051 3126 1175 3193 periculis
1187 3129 1331 3192 parictem

243 3204 300 3267 ipse
323 3205 460 3266 limatius,
483 3206 513 3253 ut
535 3205 588 3254 Sat.
611 3205 640 3264 4,
663 3205 693 3265 2,
716 3202 766 3254 et:
804 3207 888 3256 vitam
904 3203 1071 3266 defungeris,
1091 3201 1332 3266 mribusmercato-

242 3281 312 3330 Duru
327 3281 409 3330 micat
424 3279 493 3329 ιιιιιιι·
506 3279 582 3340 odio,
601 3280 628 3328 in
639 3279 770 3328 contraria
805 3293 850 3332 res
873 3279 957 3330 nostri
977 3291 1038 3330 sese
1060 3289 1195 3342 exponere
1217 3275 1330 3326 solent.»

242 3358 357 3404 commi.
372 3379 399 3390 -
412 3353 531 3418 caroius]
549 3347 701 3425 ἀορίστως.
729 3353 767 3405 Cl.
806 3355 853 3406 0d.
868 3355 898 3416 3,
916 3353 964 3415 44,
985 3353 1031 3403 36ι
1057 3367 1137 3415 oemio
1151 3353 1254 3416 fetum
1268 3353 1333 3401 Pars

244 3427 335 3489 out,
355 3428 384 3488 4,
403 3427 427 3479 i.
805 3431 902 3482 incluso
918 3429 1044 3480 coloribus
1059 3428 1149 3480 limidi
1169 3441 1214 3479 nec
1235 3429 1333 3477 Boreae

275 3501 366 3555 tra-tt.
387 3503 457 3553 Vides
473 3505 536 3566 cet]
555 3503 627 3554 llaec
644 3503 771 3568 (Videsn
804 3503 1252 3570 flnutmomtatruttorotaeoaeaoto
1263 3501 1332 3551 nica

241 3577 361 3641 palmae?
385 3591 411 3628 v.
433 3579 488 3642 et.)
516 3591 549 3629 eo
575 3577 681 3630 vinculo
707 3591 769 3629 cum
805 3582 973 3632 Mercatorem
994 3579 1107 3643 adipem
1123 3583 1332 3628 -eotremosn

243 3653 468 3716 praecedentibus
500 3655 658 3716 iunguntur,
697 3652 769 3717 quod
806 3657 840 3706 od
855 3655 936 3719 Indos]
961 3653 1150 3718 hyperbolice,
1178 3665 1280 3715 «usque
1298 3649 1332 3700 ad

244 3727 371 3779 exhibent
399 3727 552 3793 exemplum
581 3730 659 3780 huius
687 3729 770 3793 ipsius
807 3731 1209 3788 terrasremotlssimas;»nam
1227 3725 1331 3776 cumin

242 3803 363 3853 dantiae
379 3803 513 3854 humanae
525 3806 552 3864 et
569 3805 594 3854 in
606 3805 719 3868 pecunia
731 3803 771 3854 le·
806 3807 884 3870 poeta
893 3817 1049 3864 versemur,
1068 3804 1120 3852 hoc
1132 3813 1185 3852 non
1197 3799 1231 3850 ad
1242 3801 1333 3850 vivum

243 3878 426 3930 boriosissime
447 3879 602 3942 quaerenda
624 3883 651 3929 et
671 3880 698 3929 in
721 3891 770 3943 pe·
806 3879 985 3930 resecandum
997 3879 1047 3940 est,
1058 3876 1225 3937 olfecerunt,
1238 3875 1284 3938 qui
1297 3873 1332 3924 de

243 3953 330 4004 tendis
341 3953 503 4012 honoribus;
517 3953 642 4005 stultitiae
652 3967 683 4004 ea
694 3954 771 4004 dum-
806 3953 925 4019 Ceylone
943 3950 1027 4004 insula
1045 3952 1203 4015 cogitarunt.
1222 3951 1284 4000 Seu.
1297 3949 1332 4000 de

243 4032 316 4079 taxat
325 4029 428 4079 ratione
439 4029 608 4092 devitandae,
621 4031 652 4080 ut
663 4030 771 4094 sapien·
805 4028 883 4078 brev.
891 4030 936 4078 vit.
945 4029 972 4078 2:
986 4027 1069 4076 Alisca
1075 4025 1332 4088 mercoodiproecepa

242 4104 294 4154 tiae
321 4103 481 4156 documenta
512 4105 626 4156 libenter
655 4103 771 4169 amplexi
806 4103 931 4166 copiditas
945 4103 1015 4152 circo
1030 4113 1114 4150 omnes
1129 4105 1225 4162 ιιινιιι,
1246 4099 1333 4150 onmia

243 4181 368 4230 accurate
386 4179 483 4232 eadem
502 4194 658 4245 sequamur.
695 4181 772 4232 Cete-
805 4180 893 4230 morio
908 4191 950 4240 spe
969 4177 1034 4227 locri
1052 4177 1128 4226 ducit.
1150 4203 1178 4212 -
1196 4177 1243 4226 Per
1261 4189 1333 4226 more

244 4268 304 4306 rum
321 4254 472 4321 γνωμικῶς
489 4257 517 4308 iu
534 4257 575 4308 his
593 4267 771 4319 unumquem·
807 4281 822 4293 -
833 4281 863 4315 -,
877 4267 926 4317 per
942 4265 1023 4314 aueo,
1038 4264 1087 4314 per
1103 4249 1180 4315 ipoes]
1196 4263 1264 4315 aper
1275 4263 1333 4314 gra-

243 4345 295 4396 que
324 4329 472 4394 lectorum,
506 4345 558 4382 non
588 4333 771 4382 Maecenatem
808 4329 916 4381 pissima
942 4341 1065 4393 quaeque
1091 4325 1235 4392 pericula.»
1267 4327 1333 4376 Pro-
