3082 4968
598 441 657 493 rra.
677 443 696 492 r.
733 441 800 492 sar.
820 441 850 491 v.
875 511 877 516 ι
1229 435 1270 499 93

221 603 372 672 Proxima
394 601 559 688 Campano
582 598 669 686 ponti
692 617 778 685 quae
799 594 922 672 villula,
947 602 1065 662 tectam
1228 593 1268 656 ld

221 723 387 802 Praebuit,
410 731 444 790 et
464 719 597 810 parochi
619 739 705 808 quae
727 717 848 786 debent
873 715 959 805 ligna
982 714 1160 803 salemque.

222 846 303 913 ilino
324 843 402 911 mali
425 844 555 930 Capuae
578 839 712 908 clitellas
735 849 882 927 tempora
904 845 1036 926 ponunt.

220 969 342 1034 Lusum
365 965 389 1032 it
410 965 597 1041 Maecenas,
628 960 802 1028 dormitum
825 979 887 1048 ego
909 958 1140 1047 virgiliusque3

220 1091 368 1176 Namque
391 1085 457 1175 pila
477 1084 575 1174 lippis
597 1083 761 1150 inimicum
784 1091 816 1150 et
841 1081 956 1148 ludere
980 1079 1099 1164 crudis.

222 1210 304 1278 Hinc
326 1230 387 1276 nos
410 1206 540 1276 Cocceii
562 1204 677 1292 recipit
699 1203 888 1292 plenissima
909 1201 999 1281 villa,
1226 1203 1268 1266 50

221 1333 313 1412 Quae
336 1338 508 1418 superest
530 1325 632 1396 Caudi
655 1345 831 1414 cauponas.
876 1325 968 1398 Nunc
989 1323 1066 1391 mihi
1090 1324 1202 1413 paucis

245 1511 286 1563 5⁰.
305 1511 391 1563 wecel
406 1510 487 1574 bscp.
508 1537 536 1546 —
555 1509 597 1558 ct.
615 1506 706 1559 acad
722 1504 866 1571 bscpnct.

177 1635 266 1698 ilcan,
290 1645 426 1700 quemque
444 1631 604 1684 Maecenatis
621 1629 708 1680 corni·
744 1628 806 1689 tuit,
824 1629 855 1678 ut
867 1626 919 1677 hoc
929 1625 1042 1677 biduum
1053 1625 1212 1686 dividerent,
1231 1627 1269 1676 uti

178 1714 237 1761 tum
270 1721 382 1775 prorsus
415 1706 544 1758 arbitratu
572 1717 622 1756 suo
656 1716 705 1768 pro
744 1701 889 1766 significavi
905 1701 933 1752 in
949 1699 1039 1751 tabula
1055 1701 1165 1752 itineris.
1200 1701 1269 1750 Fae-

177 1798 281 1850 snaque
306 1783 466 1836 necessitate
489 1781 541 1831 hoc
562 1781 590 1830 ln
610 1780 705 1830 itinere
743 1776 797 1825 rint
821 1776 899 1839 igitur
919 1787 984 1825 varo
1007 1775 1115 1825 nomine
1142 1773 1269 1824 Telonos

178 1861 275 1924 egisse.
295 1885 325 1896 —
343 1859 459 1920 Namque
476 1855 538 1920 cet]
559 1855 703 1906 Canauna:
744 1849 885 1910 Caudinae,
904 1862 958 1899 non
970 1848 1138 1911 Claudianae,
1157 1850 1187 1897 ut
1197 1846 1269 1911 apud

177 1937 295 1997 Narratio
310 1934 440 1984 inarum
456 1929 707 1994 lippi-retentatum·
744 1923 854 1974 dicad
876 1924 947 1972 Fam.
967 1923 1011 1984 ld,
1034 1923 1079 1982 27,
1098 1923 1122 1972 2.
1150 1921 1271 1972 meamea

177 2011 236 2060 dere
257 2009 328 2072 pilai
356 2009 432 2072 quies
455 2008 547 2057 contra
570 2006 598 2054 et
622 2003 707 2054 absti-
744 1998 906 2050 detrationes
933 1997 1123 2046 memorantur.
1175 1995 1270 2047 Coccett

177 2085 269 2134 nentia
286 2084 427 2147 utriusque
444 2078 506 2130 mali
527 2079 626 2144 optima
645 2078 707 2127 sant
744 2075 834 2123 autem
845 2071 933 2121 villum
944 2071 984 2120 Fr.
999 2068 1090 2120 Daniel
1101 2071 1186 2133 putat,
1199 2081 1269 2133 quae

178 2157 307 2210 remedia.
344 2155 398 2207 Clr.
417 2154 525 2206 Celsum
543 2154 572 2214 6,
591 2151 622 2202 6;
647 2153 706 2202 llo-
744 2159 814 2196 nune
831 2146 858 2196 lo
873 2145 996 2196 moenio
1012 2145 1202 2205 celeumate,
1221 2146 1271 2195 lto-

178 2233 236 2282 diaa
263 2229 419 2296 (oculorum)
450 2227 616 2293 mstecmtctio
643 2238 706 2276 neo-
744 2217 883 2271 manellius
900 2221 975 2284 ponit
990 2218 1123 2269 inviclnia
1140 2216 1205 2281 loci,
1224 2221 1271 2283 qui

178 2313 246 2358 naen
266 2320 300 2358 aa
320 2307 359 2355 lita
381 2303 523 2368 (anguinis
541 2301 705 2352 detractione
744 2294 910 2344 nunelloote
918 2290 1271 2357 Sarcllompellatunwal-

178 2385 209 2434 at
223 2381 274 2433 alvi
288 2381 422 2444 ductione)
434 2379 562 2429 amttam
572 2377 705 2436 decidam
745 2369 901 2420 ekenaerius
920 2379 990 2417 nunc
1009 2367 1098 2417 Castro
1114 2367 1200 2416 Airolo
1219 2378 1270 2430 ap-

177 2459 287 2519 tatisque
304 2461 339 2507 eat
351 2456 393 2506 uti
409 2456 490 2518 quiete
506 2459 529 2503 et
545 2451 703 2502 mannaan.
744 2441 837 2508 pellani
855 2441 926 2493 dicit.

178 2532 256 2584 Caudi
272 2533 365 2582 autem
381 2531 456 2590 sunt,
479 2529 526 2592 qui
543 2526 619 2578 cibos
636 2524 706 2575 dild-
777 2517 866 2567 itt-55.
891 2517 965 2566 Noae
988 2515 1049 2566 mtll
1070 2515 1133 2580 eet]
1159 2514 1270 2566 Parodia

179 2605 265 2658 culter
275 2606 408 2670 digerunt.
443 2604 529 2666 lippia
540 2601 706 2653 Horatiusse
743 2591 812 2654 haec
840 2593 881 2654 est
907 2589 1001 2641 festiva
1035 2590 1168 2642 Homerici
1201 2589 1270 2641 illins

179 2683 283 2746 ipsum,
311 2679 397 2730 maedis
414 2675 551 2741 Virgilium
574 2674 707 2726 adnume·
744 2664 816 2716 iliad.
839 2663 875 2725 β,
902 2663 962 2714 4842
989 2658 1111 2714 ’Eoum
1139 2659 1191 2714 νῦν
1217 2679 1271 2730 μοι

179 2757 229 2806 rat.
242 2781 272 2792 -
285 2753 423 2818 triadum]
441 2753 483 2803 Sic
494 2753 575 2803 etiam
586 2751 614 2799 in
625 2759 706 2813 prosa
744 2735 860 2790 Μοῦσαι
865 2732 1005 2803 Ὀλύμπια
1015 2734 1121 2803 daim?
1133 2731 1267 2801 ἔχουσαι,

178 2843 218 2881 or.
236 2828 303 2881 Plin.
318 2829 349 2879 ll.
362 2830 393 2878 N.
406 2828 454 2889 2⁰,
473 2827 503 2876 9:
522 2825 627 2877 Horten
638 2823 708 2872 brar-
745 2815 773 2864 et
786 2811 921 2864 similium.
943 2812 1018 2862 conl.
1036 2811 1152 2862 Iuvenal.
1172 2812 1199 2874 l,
1226 2813 1268 2864 ll.

177 2906 232 2956 ,ιω
253 2931 268 2942 .
284 2931 300 2942 .
320 2903 446 2953 ‚imm
467 2899 647 2951 inimicam,
675 2921 704 2933 -
744 2889 845 2938 Verum
862 2887 897 2938 de
914 2889 971 2937 toto
986 2885 1271 2938 hocloeoindicemus

179 2979 261 3030 caudi
283 2977 421 3043 ammones]
448 2975 593 3033 Caudium,
619 2971 708 3036 Hirpi·
748 2975 861 3013 necesse
879 2962 921 3012 est
937 2974 990 3012 non
1006 2974 1039 3012 ex
1053 2961 1157 3022 nostro,
1177 2960 1225 3011 sed
1237 2973 1271 3012 ex

179 3065 277 3104 norum
295 3051 436 3116 oppidum¹
454 3053 548 3100 notum
565 3045 641 3097 clade
658 3047 708 3096 Ro-
744 3038 925 3088 ltomonorum
937 3049 1031 3097 sensu,
1051 3036 1095 3100 qui
1107 3035 1141 3085 de
1153 3037 1195 3085 via
1207 3035 1271 3086 lessi

179 3139 324 3179 manomm
358 3127 384 3175 in
418 3121 536 3175 Furculis
565 3120 705 3181 Caudinis,
745 3113 772 3162 in
789 3109 833 3161 lali
850 3123 934 3161 coena
945 3111 1001 3160 ruri
1018 3111 1111 3173 paratu
1123 3109 1186 3160 nihil
1198 3109 1270 3160 aliud

179 3202 245 3252 xlii.
264 3201 299 3251 li.
313 3202 341 3251 P.
355 3198 471 3250 dmtahm
487 3211 503 3247 a
520 3197 620 3259 capua.
650 3195 706 3246 Hae
746 3187 795 3237 nisi
823 3183 897 3234 leves
923 3184 997 3234 iocos
1025 3181 1197 3247 appetebant.
1241 3185 1270 3235 ln

179 3287 324 3338 cauponae,
342 3275 449 3339 opinor,
461 3273 489 3322 in
500 3269 608 3336 planitie
620 3269 705 3329 erant,
744 3261 796 3311 hac
811 3257 971 3324 praesertim
988 3255 1158 3308 sermonibus
1175 3257 1271 3306 socra-

180 3363 244 3400 eum
255 3349 386 3414 oppidum
403 3349 491 3412 ipsam
508 3347 534 3396 in
547 3343 615 3394 clim
626 3343 706 3393 sitnm
745 3335 804 3386 ticis
821 3334 867 3383 ant
889 3345 955 3382 vere
979 3330 1070 3381 amicis
1093 3328 1136 3380 vel
1161 3331 1272 3395 propter

181 3427 263 3476 esset.
303 3423 431 3474 Claudia
454 3419 543 3472 multis
566 3420 596 3468 ut
618 3417 706 3468 notius
745 3408 896 3468 Fonteium,
917 3405 1022 3456 Antonii
1039 3405 1171 3466 amicum,
1196 3403 1271 3455 locus

180 3497 343 3550 vocabulum
364 3495 538 3548 substitutum
560 3495 602 3544 est
625 3503 707 3542 verae
746 3496 798 3534 non
815 3483 885 3542 erat,
903 3483 983 3544 atque
995 3481 1056 3530 ante
1069 3479 1157 3530 omnia
1174 3479 1270 3543 poetis,

181 3573 299 3624 lectioni.
334 3569 531 3622 Solitaaantem
548 3565 709 3618 iterhocla-
744 3557 864 3622 Virgilio,
890 3557 982 3618 Vario,
1012 3555 1134 3616 Horatio,
1164 3552 1271 3604 vitanda

181 3649 309 3698 ciendum
328 3637 481 3696 mansiones
498 3654 608 3707 semper
623 3641 709 3703 signa-
746 3635 839 3694 erant,
876 3640 1053 3694 quaecunque
1088 3626 1123 3677 ad
1156 3640 1200 3678 res
1232 3629 1272 3677 ci-

181 3723 219 3772 vit
235 3723 330 3787 poeta,
355 3722 383 3771 et
399 3718 507 3779 Caudii,
531 3718 562 3767 ut
578 3717 709 3766 testantur
745 3706 811 3758 viles
833 3705 977 3757 etiamtunc
999 3701 1146 3752 admodum
1162 3703 1272 3752 intrica-

181 3796 337 3856 ltiaeraria,
371 3795 456 3859 prima
489 3793 547 3842 erat
574 3804 590 3840 a
617 3790 708 3852 Capua
745 3784 786 3832 tas
803 3781 975 3846 pertinerent.
1010 3774 1273 3840 Nimisprolectola·

182 3883 261 3922 mane
272 3869 416 3935 proiectu
434 3881 497 3918 nam
509 3865 610 3916 itineris
621 3863 709 3914 diurni
746 3855 855 3908 stidiose
879 3851 995 3904 nonnulli
1018 3850 1155 3901 Horatium
1178 3861 1273 3914 repre-

182 3958 310 3997 mensura
327 3943 475 3995 admodum
492 3939 634 3992 commoda
652 3939 710 3988 erat
746 3930 909 3989 henderunt,
937 3926 1009 3991 quod
1033 3927 1089 3974 tam
1107 3925 1215 3988 copiose
1232 3921 1273 3975 le-

182 4021 288 4072 circlter
304 4017 441 4078 xit-xxv.
460 4017 493 4068 ll.
512 4017 553 4076 P.,
572 4011 649 4064 nobis
661 4012 709 4061 mi·
746 4004 866 4057 oloribus
883 4003 1004 4062 narrarit,
1024 4011 1105 4065 quam
1121 3997 1273 4049 cuiusmodi

181 4095 239 4146 liar.
252 4097 379 4145 German.
392 4091 483 4152 1v-V.‚
501 4089 552 4140 nisi
569 4085 642 4152 quod
654 4085 710 4136 lor·
747 4079 928 4131 oblectationis
935 4074 1198 4141 plenamrequietem
1204 4073 1273 4123 haec

183 4173 254 4220 tasse
271 4165 380 4218 duobus
395 4164 494 4216 ultimis
512 4160 608 4214 diebus
630 4159 709 4224 legati
747 4167 830 4205 coena
852 4155 903 4204 iter
925 4146 1083 4201 iacientibus
1108 4145 1270 4211 praebuerit.

182 4247 233 4294 iter
257 4240 442 4294 accelerantes
465 4237 563 4290 XXXV.
582 4238 610 4286 et
632 4235 707 4286 XLV.
746 4231 827 4283 llunlr
851 4229 886 4278 de
910 4222 1035 4276 Atellania
1061 4237 1088 4287 p.
1110 4223 1156 4272 60:
1184 4219 1273 4270 «Atel-

183 4318 217 4368 Μ.
229 4319 257 4368 Ρ.
272 4315 454 4367 coniecerunt.
466 4313 545 4364 ¹Fieri
562 4312 651 4361 tamar
662 4321 709 4373 po-
746 4304 822 4355 lanae
844 4315 897 4353 non
918 4299 1004 4352 solum
1027 4295 1099 4364 plebi
1116 4293 1270 4361 placebant,
