3090 4974
345 431 406 496 720
740 455 744 462 ,
829 429 958 480 44044444

387 585 529 660 sessuri,
555 583 661 651 donec
682 593 793 651 centor
815 586 878 651 Vos
900 582 1043 670 plaudite
1066 583 1167 658 dieat,
1367 583 1416 648 144

386 706 506 773 Aetatis
527 706 687 793 cuiusque
709 703 840 772 notandi
862 715 937 771 sunt
958 705 1014 771 tibi
1037 725 1162 780 mores,

387 825 623 914 Mobilibusque
645 825 746 892 decor
766 827 889 892 naturis
911 825 1039 892 dendus
1062 838 1094 893 et
1115 825 1218 892 aunis

388 947 537 1016 Reddere
559 948 614 1034 qui
638 967 736 1014 voces
759 947 822 1013 iem
844 947 905 1013 soit
925 967 1009 1034 puer
1030 957 1063 1013 et
1083 946 1169 1034 pede
1192 957 1281 1014 certo

388 1070 500 1157 Signat
520 1068 669 1144 humum,
694 1067 789 1155 gestit
809 1067 942 1154 peribus
966 1067 1132 1135 colludere
1155 1078 1187 1135 et
1211 1069 1289 1134 iram

390 1189 515 1278 Colligit
537 1209 576 1256 ec
597 1189 686 1276 ponit
707 1198 829 1255 temere
852 1198 885 1254 et
906 1198 1046 1255 mutatur
1068 1189 1101 1254 in
1123 1187 1229 1255 bores.
1369 1189 1420 1254 164

389 1311 560 1378 lmberbus
582 1309 708 1376 iuvenis
730 1308 859 1377 tandem
882 1309 1018 1378 custode
1041 1320 1165 1376 remoto

411 1439 468 1522 444.
493 1471 588 1520 sessore
608 1470 638 1520 n.
666 1497 693 1506 -
719 1470 774 1520 444.
799 1470 926 1520 nonnum
942 1455 972 1520 4.
992 1495 1020 1507 -
1039 1471 1284 1535 emesenorum,
1309 1481 1396 1521 omnes

378 1545 493 1596 Pottierll
506 1546 533 1595 et
544 1543 703 1604 Hocbederl‚
721 1545 786 1594 not:
805 1545 913 1594 44444044
922 1545 950 1606 b,
963 1559 1019 1594 ver.
1033 1543 1094 1595 lect.
1108 1559 1136 1606 σ,
1150 1546 1396 1606 4444404444441-

378 1619 458 1681 leius,
477 1620 530 1672 Fet.
552 1645 579 1655 -
598 1619 655 1669 4449.
673 1619 776 1668 44444444
792 1623 815 1668 44
831 1619 903 1683 pettit
918 1619 947 1668 B.
969 1645 995 1654 —
1016 1618 1072 1668 too.
1091 1618 1131 1682 oc]
1150 1624 1196 1668 ortt
1211 1632 1238 1682 p.
1256 1647 1282 1656 —
1296 1619 1394 1670 4404014.

381 1721 408 1731 -—
428 1694 484 1745 464.
502 1694 628 1745 imberbis
644 1707 659 1743 e
677 1694 741 1744 Cod.
755 1692 847 1744 Blend.
862 1693 925 1743 dere
942 1691 1051 1743 volebat
1067 1693 1200 1756 Cruqnius
1212 1695 1238 1742 in
1250 1692 1298 1743 Ed.
1313 1693 1395 1750 44494.;

347 1836 399 1884 4400
416 1837 560 1899 praecepte
577 1833 703 1884 daturum
714 1845 783 1884 esse.
806 1836 872 1884 «Pro
909 1832 1041 1883 notandae
1059 1834 1087 1882 et
1103 1833 1203 1884 decere
1219 1834 1362 1884 imitandae
1372 1835 1424 1884 sunt

347 1908 431 1959 lorme
449 1911 477 1959 et
493 1909 690 1960 constructione
705 1909 871 1958 theatrorum
909 1911 1030 1972 poetae.»
1049 1907 1088 1958 Cl.
1103 1908 1158 1958 Cic.
1172 1907 1206 1958 ed
1219 1909 1293 1958 Fem.
1307 1909 1338 1970 3,
1356 1909 1383 1966 44,
1399 1907 1422 1956 8:

347 1983 419 2048 epud
435 1985 540 2034 veteres
557 1983 681 2034 eulaeum
700 1983 810 2047 picturis
827 1995 873 2032 or-
909 1983 953 2032 etet
970 1984 999 2032 de
1016 1987 1061 2032 444
1084 1983 1190 2044 protea
1206 1983 1363 2047 beteflcoom
1377 1995 1424 2030 44-

347 2061 439 2114 ertum
452 2057 493 2108 vel
511 2059 653 2118 intextum,
671 2058 701 2107 nt
711 2069 792 2107 soene
805 2069 872 2121 epe·
909 2061 980 2105 4444
993 2055 1090 2106 44440044
1102 2055 1199 2118 44404444
1207 2058 1335 2119 poetatur
1345 2067 1422 2106 4444444.

345 2134 455 2194 4444444,
474 2145 528 2184 404
544 2131 687 2184 tollebatur
703 2133 729 2181 tn
747 2131 830 2182 altum
843 2133 873 2181 ut
910 2131 963 2181 Etsi
980 2132 1101 2195 speciose
1119 2133 1161 2182 est
1172 2131 1280 2182 Bentleii
1293 2130 1370 2181 lectio
1380 2143 1425 2179 444-

347 2221 431 2267 4440;
450 2206 498 2257 4041
511 2206 561 2257 sub
573 2206 673 2271 pulpita
682 2205 873 2256 demittebatur
909 2205 987 2268 torte,
1012 2205 1127 2255 maxime
1145 2203 1206 2256 ideo
1223 2205 1367 2261 4444040444
1383 2206 1424 2262 est,

347 2282 448 2332 sensim
472 2278 619 2330 involutum
637 2278 767 2342 cylindro.
794 2279 869 2344 Apul.
909 2279 983 2344 quod
1000 2281 1088 2330 minus
1105 2282 1210 2330 rectem
1231 2272 1378 2330 deridente
1392 2279 1425 2327 44-

346 2355 408 2406 4444,
423 2353 688 2417 repetentum
707 2353 800 2404 444000
817 2353 873 2403 4414-
909 2353 960 2404 4044
984 2355 1054 2404 44404
1078 2367 1121 2403 vv.
1139 2354 1237 2404 mobilis
1258 2357 1287 2404 44
1308 2359 1424 2410 masne.

347 2430 420 2478 4444040
437 2432 461 2478 44
481 2427 627 2488 complicitis
648 2428 750 2489 44404444
774 2429 873 2479 Paridis
910 2441 963 2491 qun
990 2429 1113 2479 Horatius
1136 2442 1184 2492 pro
1206 2431 1281 2480 certo
1300 2435 1425 2491 nunquan

346 2519 420 2554 40440
444 2504 612 2565 disponitur.»
645 2505 727 2554 Finito
749 2507 809 2555 ectu
830 2504 872 2555 vel
909 2515 975 2553 usus
997 2506 1070 2554 esset
1094 2517 1143 2567 pro
1160 2503 1252 2554 verbis
1274 2505 1424 2561 mmmmm,

347 2581 450 2642 integro
462 2577 614 2642 spectaculo
628 2577 749 2629 inultum
761 2577 873 2631 tollebe-
908 2579 1009 2640 0444444,
1028 2581 1133 2643 {tereres¹
1153 2580 1275 2644 opposito
1287 2579 1371 2630 verbo
1381 2590 1425 2626 me

346 2656 415 2704 444.»
429 2655 487 2703 444,
502 2653 540 2704 Cl.
555 2654 621 2717 Epp.
634 2653 662 2714 e,
677 2654 705 2714 4,
724 2654 779 2704 489.
799 2655 870 2718 virg.
909 2659 989 2704 44444.
1017 2653 1068 2716 (stc
1085 2653 1157 2704 enim
1168 2651 1305 2704 Bentleius
1322 2651 1426 2717 explice-

347 2730 394 2778 Ge.
407 2726 432 2786 3,
444 2728 485 2777 tt.
505 2726 578 2777 Ovid.
593 2727 691 2789 44043,
707 2728 750 2778 444
766 2741 826 2792 sqq.
843 2753 869 2764 -
909 2728 960 2777 vit:
980 2728 1026 2778 «Ut
1042 2728 1139 2776 44404444
1152 2728 1213 2776 04444·
1228 2729 1394 2778 constantem
1404 2727 1425 2772 41

348 2802 444 2866 cantor]
462 2800 596 2852 Bentleius
613 2803 648 2852 ed
664 2804 771 2853 Terent.
790 2804 871 2854 Andr.
910 2798 1023 2852 senilem
1039 2803 1172 2862 40444444,
1199 2801 1234 2850 ile
1251 2801 1353 2852 mobiles
1368 2813 1426 2865 pne-

347 2879 429 2927 extr.:
450 2878 534 2926 «Cum
546 2880 651 2928 4440444
662 2890 756 2929 omnes
768 2891 801 2928 ex
812 2891 869 2930 sce·
910 2874 987 2926 rilem
996 2873 1195 2938 iuvenilemque
1207 2874 1345 2926 denotant.
1363 2875 1424 2936 virg.

347 2952 509 3010 delenirem,
528 2953 644 3001 04440444
656 2953 727 3013 4444,
746 2952 873 3018 depositis
911 2952 957 3000 Ge.
968 2950 992 3010 3,
1004 2949 1064 2999 tot:
1077 2950 1133 2999 lam
1142 2949 1233 3000 4444104
1243 2950 1348 3000 bortum
1357 2951 1425 2999 vm

348 3039 380 3076 ex
392 3039 438 3075 044
452 3022 522 3076 tibiis
533 3026 645 3076 Plaudite
656 3027 807 3076 insonare.»
819 3029 873 3077 ve·
910 3037 958 3084 que
982 3025 1066 3073 4444444
1091 3025 1225 3086 4104444444,
1257 3025 1328 3074 Dein
1351 3023 1427 3087 [404144

347 3111 408 3150 rum
430 3111 490 3150 cum
513 3113 582 3162 quse
603 3105 740 3164 postremo
758 3099 874 3165 loquitur
910 3099 989 3148 ocimi
999 3099 1134 3159 iuvenum,
1144 3097 1318 3150 dmnmobllis
1327 3095 1425 3154 4440441

346 3185 462 3238 persone
476 3173 615 3224 4444440440
628 3172 690 3224 illud
701 3175 813 3225 Plaudite
823 3189 873 3240 po-
910 3171 977 3222 Nibil
990 3174 1080 3223 eutem
1092 3172 1310 3236 probatitcronis
1321 3175 1349 3224 et
1360 3174 1427 3222 com

345 3247 408 3312 pulo
420 3245 549 3298 4001444444
562 3247 603 3311 (cl.
618 3248 672 3298 Cic.
687 3251 743 3299 Cet.
755 3250 816 3299 mei.
831 3249 871 3310 49,
911 3249 1066 3296 mentatoris
1078 3248 1160 3309 Cruq.
1172 3253 1290 3298 4404444444
1305 3261 1380 3298 sense
1390 3257 1427 3294 40-

347 3321 387 3372 76.
408 3319 512 3380 Quintil.
527 3323 551 3382 6,
569 3323 592 3383 4,
605 3321 670 3384 te),
689 3325 788 3374 rectius
806 3323 874 3374 4144
909 3323 1008 3385 petitus
1026 3334 1059 3371 ex
1076 3335 1100 3370 v.
1115 3322 1172 3371 116.

348 3398 461 3445 4444444
478 3396 591 3458 Opuscc.
611 3397 629 3445 Ι.
650 3411 675 3460 p.
690 3398 751 3447 302:
773 3397 873 3448 «llora-
943 3396 1064 3446 tos-tto,
1090 3397 1316 3462 Reddere-voces]
1343 3395 1426 3446 «04444

347 3471 399 3520 tius
417 3472 509 3532 aperte
527 3472 665 3522 4444404444
677 3473 704 3520 et
715 3472 872 3522 histrionem
910 3470 996 3534 loqui,
1015 3471 1091 3534 quusi
1109 3471 1244 3532 reddens,
1268 3473 1296 3522 td
1314 3476 1369 3532 est,
1386 3481 1427 3520 suo

347 3542 464 3594 eundern
485 3557 546 3594 esse
569 3545 729 3608 significet.»
765 3545 874 3596 Dubitat
910 3543 968 3594 loco
985 3546 1083 3608 purtim
1105 3549 1232 3610 repetens
1249 3559 1280 3597 ec
1298 3545 1427 3610 proterens

347 3631 440 3668 rursus
465 3617 570 3670 Goeller
592 3621 626 3670 ed
650 3620 731 3671 Plauti
750 3623 872 3672 trinum·
909 3633 999 3680 voces,
1018 3633 1085 3683 ques
1097 3635 1112 3671 4
1125 3621 1281 3684 perentibus
1293 3625 1321 3671 et
1334 3621 1426 3671 44444440

346 3705 422 3742 mum
439 3706 465 3756 p.
484 3693 540 3742 4344.
574 3693 626 3743 Sed
648 3694 681 3745 cl.
702 3693 826 3745 Prudent.
846 3696 871 3744 in
909 3697 1018 3758 accepit,
1045 3695 1148 3757 44444044,
1171 3697 1270 3761 partim
1287 3697 1427 3757 iuterroga-

346 3767 448 3829 Symm.
461 3767 491 3828 4,
507 3767 569 3817 61464
591 3769 620 3818 ot
636 3770 748 3833 euplum
763 3775 873 3819 cantor
909 3769 1025 3820 tionibus
1037 3771 1159 3835 opposite
1171 3771 1366 3836 respondens.»
1383 3771 1427 3820 Ca·

345 3839 413 3902 llpno
429 3841 489 3903 tepit
505 3855 553 3890 oro
575 3849 680 3904 004440,
705 3844 807 3892 &ande
822 3843 872 3893 444-
910 3841 964 3894 1411.
977 3843 1019 3904 ot,
1030 3845 1092 3894 4664
1111 3845 1163 3895 Nec
1174 3847 1264 3895 4444404
1274 3847 1364 3896 audire
1374 3856 1427 3904 4444-

346 3915 412 3974 quod
428 3915 672 3978 estreperttatum
688 3918 873 3968 0444040440-
908 3923 1014 3968 uotum
1030 3919 1226 3970 reddereoooee.
1246 3915 1425 3982 4444444041.

345 3987 387 4036 let.
407 3988 481 4038 Conl.
496 3991 550 4040 Cio.
564 4003 590 4054 p.
604 3992 690 4041 Sestio
706 3991 747 4052 tt,
764 3993 820 4042 448.
842 4019 869 4028 -·
909 3992 971 4044 l09:
998 4005 1073 4042 40444
1091 3993 1182 4044 aedes
1197 3997 1221 4044 et
1235 3993 1340 4045 4444414440
1354 4001 1425 4040 oeco-

344 4063 476 4114 4404444444
492 4066 599 4132 44444444]
627 4067 757 4116 «Naturae
775 4067 872 4116 144444-
909 4093 938 4103 -
957 4067 1087 4128 oet-tum
1104 4067 1167 4132 cet]
1184 4069 1229 4118 der
1244 4065 1426 4129 montem

345 4150 395 4188 nee
413 4138 554 4191 mutabiles
568 4143 630 4191 sunt
646 4153 695 4204 pro
707 4141 871 4205 singulorum
907 4142 989 4204 140444,
1010 4142 1082 4192 idem
1094 4142 1167 4205 quod
1185 4141 1338 4194 «simulac.-
1357 4137 1423 4190 conl

345 4211 483 4262 bominum
499 4217 586 4264 444044
597 4214 800 4279 progrediente;
819 4217 870 4266 bes
909 4215 985 4266 llend
1002 4217 1077 4266 Ture.
1097 4217 1140 4266 lll.
1160 4230 1188 4281 p.
1210 4217 1267 4268 443.
1284 4219 1312 4266 44
1327 4214 1384 4265 tte.
1402 4237 1424 4248 ν·

343 4287 423 4350 igitur
439 4288 599 4340 mulationes
617 4291 718 4342 sensim
742 4289 825 4342 140440
844 4291 872 4341 44
908 4289 1120 4355 &posthumium
1139 4292 1265 4355 «vestigia
1276 4287 1333 4342 solo
1344 4285 1426 4351 impn'·
