3130 4966
282 367 323 432 56
660 362 987 416 uonnnrsunnnnuu

283 524 317 591 Si
339 521 437 589 modo
459 521 552 610 plura
569 509 649 588 ¹mihi
672 520 757 588 bona
779 530 869 598 sunt,
894 518 1036 596 inclinet,
1060 518 1160 585 amari

283 645 317 713 Si
340 644 441 712 volet:
464 643 525 711 hac
546 642 618 731 lege
641 643 673 709 in
694 641 812 709 trutina
832 650 971 730 ponetur
986 639 1110 708 eadem.

284 767 362 848 Qui,
385 787 427 833 ne
448 765 617 833 tuberibus
639 765 779 852 propriis
800 762 942 830 offendat
963 763 1115 839 amicum,

282 885 440 966 Postulat,
465 887 609 976 ignoscet
629 887 774 953 verrucis
796 884 899 965 illius;
922 905 1063 972 aequum
1085 893 1147 960 est,

282 1009 427 1077 Peccatis
450 1009 577 1076 veniam
598 1017 786 1097 poscentem
807 1006 947 1074 reddere
970 1025 1093 1072 mrsus.

284 1131 449 1219 Denique,
473 1139 633 1219 quatenus
655 1128 759 1198 excidi
781 1128 909 1216 penitus
930 1128 1043 1194 vitium
1063 1127 1146 1204 irae,

287 1253 402 1321 Cetera
426 1253 503 1319 item
524 1262 691 1341 nequeunt
712 1249 815 1318 stultis
837 1250 1020 1328 haerentia,
1044 1269 1104 1318 cur
1124 1269 1189 1315 non

286 1373 489 1441 Ponderibus
511 1373 718 1461 modulisque
741 1370 809 1438 suis
831 1371 912 1439 ratio
935 1371 1048 1448 utitur,
1073 1391 1111 1438 ae
1134 1391 1188 1438 res

354 1593 394 1642 7⁴.
414 1593 454 1641 ts.
473 1589 581 1640 inclinet.
608 1591 697 1640 Amori
714 1591 735 1640 st
750 1591 816 1640 votet
830 1589 877 1639 tac
894 1589 960 1652 lupe,
978 1590 1005 1638 iu
1022 1586 1158 1638 Heindorf.
1174 1611 1201 1622 —
1220 1586 1260 1639 ll.
1274 1587 1344 1651 iquo-

321 1671 374 1716 scot
391 1665 410 1715 B
428 1666 456 1715 et
472 1677 542 1714 corr.
561 1664 595 1726 b,
613 1665 679 1715 item
696 1665 757 1716 LCt.
795 1665 833 1726 (Ut
850 1676 912 1724 nos,
931 1663 1014 1727 Sodp,
1033 1660 1249 1713 Bentleianorum
1267 1674 1343 1711 ume-

322 1737 381 1865 1013ιὲ
381 1740 526 1880 ¹'meliorque
548 1752 626 1804 parsu
645 1740 672 1790 et
692 1752 790 1792 novem
807 1737 942 1799 Pottieril.)
963 1765 989 1774 -
1008 1737 1049 1788 76.
1068 1737 1187 1798 quatinus
1203 1736 1230 1788 d.
1251 1763 1278 1773 -
1297 1749 1345 1786 err·

291 2003 395 2054 dativus
412 2003 562 2067 iungendos
579 2003 818 2055 eumverbotnrii-
855 2003 943 2052 cretes
964 2001 1042 2052 Mein.
1068 2001 1109 2051 ΙΙΙ.
1128 2013 1155 2066 p.
1175 1998 1236 2052 368:
1266 1999 1300 2050 Τι’
1323 1993 1380 2070 γὰρ

290 2083 340 2128 net.
362 2105 389 2114 —
408 2079 494 2127 umori
512 2079 534 2128 si
552 2079 629 2140 uolet]
649 2081 730 2142 Magis
750 2090 816 2128 oon-
846 2070 969 2136 Ἕχθιον
986 2104 1001 2114 -
1017 2069 1071 2140 -ἧ
1087 2071 1140 2141 τὴν
1163 2068 1254 2140 ἀμίδα
1270 2075 1394 2145 eripere„

292 2153 370 2202 clune
387 2153 467 2202 etiam
483 2155 594 2217 propter
608 2167 736 2204 versuum
752 2166 818 2204 eon·
856 2149 986 2214 (servulus
1003 2149 1126 2214 loquitur)
1145 2143 1217 2218 ὁρᾶν
1236 2163 1267 2200 τε
1284 2150 1381 2214 κείμε-

291 2225 478 2276 formationem
490 2227 557 2278 haee
574 2227 756 2292 superioribus
773 2228 819 2278 ad·
855 2241 907 2286 να,
933 2209 1059 2314 Ἄμφὶας
1090 2219 1275 2295 ἡμιβρώτους
1303 2219 1382 2294 ὀρνι-

277 2301 436 2351 ·neotuntur
454 2313 536 2364 quam
555 2302 744 2367 sequentibus,
765 2315 818 2366 qua
855 2296 922 2350 decri
938 2313 978 2359 ra,
998 2298 1044 2348 dtu
1061 2294 1129 2349 oser
1146 2296 1320 2360 λειφθέντων
1331 2298 1381 2350 θέ-

292 2375 394 2425 ratione
407 2376 488 2426 etiam
504 2377 634 2428 sententia
650 2376 817 2428 obscuratur.
856 2390 906 2440 μις
922 2369 1016 2440 δούλῳ
1033 2378 1153 2440 φαγεῖν,
1170 2366 1225 2436 ’Ὡς
1241 2388 1333 2435 φασιν
1350 2373 1385 2422 αἱ

297 2473 325 2484 -
341 2449 395 2499 buc*
411 2451 471 2515 loqu]
493 2452 559 2502 «hac
579 2451 747 2512 condicione,
776 2452 817 2514 ut,
856 2454 1005 2518 youutxagr
1027 2449 1117 2499 iuven.
1137 2449 1165 2510 9,
1185 2450 1220 2506 s.;
1240 2450 1292 2498 Nor
1309 2447 1382 2498 colu-

295 2525 317 2574 si
335 2538 453 2588 aequum
470 2524 504 2576 de
522 2539 566 2577 me
583 2526 710 2578 iudicium
728 2526 818 2591 iaciat,
853 2527 932 2589 pirum
958 2525 1093 2574 incutimus
1125 2523 1243 2573 lamberti
1269 2523 1383 2573 rnututu

296 2610 345 2662 ego
369 2599 441 2650 idem
458 2600 493 2651 de
510 2599 554 2651 illo
570 2601 691 2652 factumn
856 2613 935 2652 seruo.
956 2627 984 2636 -
998 2597 1116 2662 Labeone]
1135 2598 1203 2647 Cum
1219 2596 1382 2659 Scholiastis,

329 2673 429 2724 76-83.
460 2677 611 2735 «Quoniam
636 2676 745 2740 quidem
771 2689 820 2728 uos
857 2673 1022 2734 ileindorflo,
1052 2673 1206 2723 weicherto
1232 2671 1303 2722 bunc
1334 2684 1384 2735 pro

297 2759 406 2808 omnes,
433 2761 502 2813 quos
522 2751 602 2802 Stoici
624 2753 731 2815 praeter
747 2750 820 2803 illum
858 2751 892 2800 ii.
903 2747 1014 2799 Antistio
1024 2746 1156 2807 Labeone,
1172 2744 1384 2797 celebratisstmo

297 2833 377 2872 suum
394 2823 542 2887 sapientem
562 2824 727 2888 perlectum,
754 2824 822 2876 stul·
858 2825 950 2889 postea
968 2824 1043 2882 iCto,
1061 2823 1210 2883 emmona
1223 2821 1386 2871 tuoruum-

298 2896 340 2945 tos
351 2888 507 2967 (ἄφρονας,
527 2892 671 2963 ἠλιθίους,
690 2895 822 2962 φαύλους
859 2899 926 2962 signi
945 2898 1013 2960 (Tac.
1029 2900 1096 2946 Ann.
1116 2895 1140 2957 3,
1162 2895 1224 2958 ltu),
1243 2895 1384 2945 habemus.

299 2967 372 3018 Stob.
392 2969 446 3021 Eri.
465 2972 545 3035 Phys.
558 2973 587 3034 t,
606 2972 641 3036 7.)
662 2985 759 3026 vocare
777 2987 823 3024 so-
859 2976 928 3025 Sane
946 2971 1118 3022 statuendum
1136 2971 1177 3020 est
1194 2970 1264 3019 huno
1283 2967 1387 3019 Labeo-

299 3041 367 3105 lent,
394 3045 497 3096 avitiis
514 3059 625 3111 prorsus
642 3045 755 3099 liberare
773 3063 823 3101 nos
861 3061 924 3099 nem
949 3047 1095 3096 etiamtunc
1119 3044 1244 3094 iuvenem
1268 3042 1385 3094 necdum

299 3130 352 3167 non
370 3131 527 3183 possumus,
550 3121 642 3186 quidni
664 3137 757 3174 veram
779 3138 825 3174 ra·
862 3123 980 3174 doctrina
998 3119 1088 3170 aliisve
1105 3119 1208 3170 meritis
1226 3116 1327 3168 clarum
1339 3115 1387 3166 eli-

299 3192 400 3244 tionem
417 3197 445 3244 et
460 3197 621 3259 aequitatem
638 3197 665 3248 in
680 3197 826 3248 diiudicari·
863 3195 970 3263 quando
1001 3196 1110 3260 propter
1142 3193 1227 3243 levina
1259 3191 1388 3244 delictum

300 3265 341 3318 dis
359 3280 391 3317 ac
407 3270 549 3333 puniendis
565 3269 677 3322 aliorum
689 3271 825 3323 erroribus
863 3283 971 3324 serrum
993 3269 1061 3319 adeo
1087 3280 1182 3318 severe
1207 3269 1332 3332 punisse,
1359 3270 1389 3317 ut

302 3340 458 3405 delictisque
470 3345 640 3407 sequimurtu
654 3373 682 3382 -
695 3347 825 3411 quereum]
863 3357 947 3411 prope
965 3356 1013 3406 pro
1030 3345 1120 3393 mente
1136 3343 1215 3406 capto
1233 3341 1387 3392 baberetur.

302 3415 361 3466 vid.
375 3416 408 3466 nd
421 3417 473 3467 Sat.
489 3420 515 3479 t,
535 3419 563 3480 t,
582 3419 622 3471 fil.
645 3447 672 3456 -
690 3421 825 3483 suppliciis]
864 3421 924 3470 Sine
948 3415 1000 3467 ulla
1022 3429 1103 3467 causa
1125 3415 1200 3467 multi
1223 3429 1285 3465 cum
1306 3415 1390 3465 Scho-

304 3491 425 3554 npoenis,
450 3492 620 3556 etquidem,
645 3495 666 3544 si
684 3507 752 3559 opus
771 3497 824 3558 est,
863 3493 945 3545 itastis
971 3491 1124 3541 Labeonem
1149 3493 1260 3556 propter
1280 3491 1390 3540 nimiam

303 3565 510 3628 severioribus·
520 3569 719 3634 -reptoumque]
731 3571 826 3634 «atque
864 3567 1015 3618 libertatem
1034 3567 1061 3616 et
1072 3566 1268 3616 contumaciam
1287 3565 1312 3615 in
1325 3565 1391 3615 Cae-

304 3641 340 3691 ob
361 3641 388 3691 id
411 3655 500 3707 neque
521 3643 555 3693 ab
578 3643 643 3695 hero
661 3658 742 3695 nece
762 3659 828 3696 oon-
865 3655 954 3694 sarem
966 3641 1137 3691 Octavianum
1152 3638 1391 3702 huiegratittcandi

302 3717 370 3768 vivis
393 3717 448 3768 iam
468 3717 643 3782 gustandum,
671 3719 719 3770 sed
743 3721 828 3772 servis
866 3729 947 3768 causa
964 3716 998 3765 ite
1016 3714 1050 3765 ab
1069 3716 1177 3766 iteratio
1195 3715 1314 3764 notatum
1330 3725 1391 3763 essa

304 3790 535 3854 relinquendum.»
578 3793 751 3856 treptdurnque
775 3808 828 3845 non
867 3791 964 3856 opinnti
990 3793 1060 3842 sunt.
1100 3789 1233 3854 Spohnius
1259 3789 1392 3852 interpre-

305 3868 347 3916 est
363 3866 412 3916 nisi
429 3866 551 3918 fortuitus
563 3866 732 3920 librariorum
744 3882 828 3931 error,
868 3868 937 3918 tatus
964 3867 1006 3916 est
1033 3865 1067 3915 de
1090 3865 1120 3915 C.
1144 3865 1231 3915 Atinio
1255 3863 1390 3923 Labeone,

306 3941 382 3991 cuius
399 3941 487 3992 ieutor
503 3945 554 3994 Fea
565 3942 689 4008 explicat:
709 3945 766 3995 «ius
779 3946 831 3995 tre-
867 3940 975 3992 tribuno
1000 3938 1047 4006 pl,
1066 3941 1111 4004 qui
1136 3939 1241 3990 circiter
1260 3938 1392 4001 octoginta

306 4013 421 4076 mulum,
445 4020 519 4068 motu
540 4019 693 4082 agitatum.»
718 4045 744 4054 -
763 4019 831 4083 tipu-
868 4019 928 4066 ante
954 4015 1030 4066 annis
1056 4015 1086 4074 Q.
1109 4012 1242 4064 Metellum
1268 4011 1394 4064 Macedo-

306 4089 386 4154 riem't]
408 4088 530 4155 Plerique
553 4093 707 4156 tipumtrrr't,
733 4093 781 4143 sed
802 4097 832 4144 ut
868 4093 957 4142 niourn
986 4090 1020 4140 de
1048 4101 1113 4139 saxo
1140 4087 1252 4152 Tarpeio
1277 4087 1393 4136 deiicere

308 4163 409 4230 reliqua
428 4179 471 4216 vv.
484 4167 511 4216 in
528 4168 585 4216 reio
602 4166 714 4232 simplici
731 4182 747 4216 r
763 4169 832 4218 scri·
868 4164 998 4218 volueret.
1018 4165 1071 4214 Liv.
1086 4163 1152 4228 Epit.
1166 4163 1206 4213 te.
1221 4161 1330 4213 Bentleii
1343 4162 1394 4210 tu-

307 4239 434 4292 bendum.
460 4239 499 4291 nd
517 4242 757 4294 sententiamooni.
771 4243 831 4307 Epi·
869 4243 953 4294 birrus
969 4242 1011 4290 est
1032 4239 1123 4290 rhetor
1139 4237 1195 4300 ille,
1218 4239 1263 4302 qui
1284 4235 1394 4300 Augusti
