3174 4974
581 427 640 477 LlB.
659 428 678 476 l.
715 426 813 478 EPlS‘l.
833 429 897 478 xlx.

239 580 390 649 Formido
413 590 458 658 et,
482 579 631 647 luctantis
655 592 749 648 acuto
773 603 813 648 ne
836 603 930 649 secer
952 585 1069 670 ungui,

238 701 393 789 Displicet
414 702 475 769 iste
497 701 603 780 locus,
628 701 745 780 clamo,
771 713 803 770 et
824 701 946 770 diludia
968 724 1078 790 posco.

239 822 349 889 Ludus
373 822 458 890 enirn
480 823 591 909 genuit
611 822 772 910 trepidum
795 833 959 890 certamen
981 833 1014 891 et
1035 825 1129 902 iram,

238 947 289 1010 lra
311 953 417 1011 nuces
440 943 620 1010 inimicitias
643 952 674 1011 et
696 943 832 1011 funebre
853 944 983 1012 bellum.

260 1129 403 1268 ιοιῖκρω
420 1141 446 1192 a.
475 1168 502 1177 -
529 1139 571 1190 ir.
594 1140 654 1204 aa]
678 1141 720 1192 ca
737 1141 820 1193 coda.
841 1140 903 1204 unq.
923 1166 952 1177 -
971 1143 1039 1192 aaa
1055 1141 1206 1195 naconem
1224 1146 1251 1194 er

229 1221 313 1282 (larga
331 1227 371 1268 us.

194 1382 349 1455 κερώτερος
372 1379 465 1448 ὀμφά.
490 1411 517 1419 -
541 1382 585 1433 tibi
605 1383 718 1446 milcher]
756 1382 808 1432 hac
830 1394 895 1432 usus
919 1381 1000 1433 veluti
1017 1383 1187 1435 excusatione
1205 1385 1282 1447 quasi

194 1457 309 1510 aludiclo
335 1460 380 1508 tuo
407 1459 546 1509 contentus
575 1460 602 1507 te
629 1458 717 1521 ipsum
756 1455 872 1520 aliquam
885 1459 988 1508 tantum
998 1457 1224 1508 intermissionem
1236 1470 1282 1522 pe·

193 1532 311 1584 laudas.»
329 1535 454 1583 Poenum.
755 1529 837 1590 leret,
854 1527 1044 1580 molestissimo
1056 1528 1091 1580 illi
1103 1531 1232 1581 recitandi
1244 1529 1282 1580 ol-

755 1603 814 1653 ficio
832 1617 895 1654 sese
912 1605 939 1654 in
956 1607 1117 1668 perpetuum
1137 1605 1278 1656 subtrahit.

224 1673 313 1724 lli-ll.
340 1671 444 1722 naribm
459 1671 505 1736 att]
524 1673 629 1724 ioannis
646 1673 717 1723 vitu·
754 1676 881 1728 Ceterum
890 1677 924 1727 de
934 1676 1133 1728 recitationibus
1141 1678 1220 1741 digne
1229 1681 1279 1738 est,

191 1747 343 1812 parantium
357 1747 421 1796 uti.»
447 1748 539 1795 Ponrn.
566 1745 641 1796 Conl.
660 1747 713 1798 Sal.
753 1763 823 1814 quae
841 1749 944 1814 legatur
961 1750 1033 1805 Plinii
1045 1751 1159 1816 Epistola
1176 1753 1216 1801 47.
1240 1753 1281 1802 Li-

192 1819 717 1883 t,6,li:naaosmpandiaaduncolqno·
751 1824 837 1874 bril.

191 1899 236 1944 ma.
256 1895 308 1944 Sat.
321 1895 352 1954 t,
372 1893 401 1954 8,
420 1893 466 1944 ol:
492 1894 598 1943 Balatro
612 1907 715 1956 maper-
785 1897 826 1949 48.
840 1898 881 1949 le.
899 1900 1064 1964 dedeceat]
1087 1901 1178 1950 «Risus
1196 1901 1223 1949 et
1238 1901 1280 1950 io·

191 1969 427 2020 demmnnianmo.
446 1968 553 2018 Persius
566 1969 576 2019 t
589 2005 595 2029 ‚
608 1967 655 2018 lo:
673 1969 715 2018 ni·
752 1983 814 2032 cus,
843 1973 888 2035 qui
911 1974 985 2024 initio
1007 1972 1102 2037 planus
1124 1972 1279 2025 facetiarum

190 2044 238 2093 ntis
257 2043 328 2092 uncis
349 2042 460 2092 Naribus
476 2043 596 2105 indiciam.
626 2042 714 2092 «Cum
751 2045 906 2108 videbatur,
932 2047 1004 2096 haud
1030 2061 1091 2098 raro
1117 2046 1226 2099 tandem
1253 2049 1280 2098 ln

191 2117 258 2166 haec
275 2119 355 2180 elque
373 2114 432 2166 talia
446 2116 539 2178 audio,
559 2117 715 2179 nescioquo
751 2119 864 2170 acerbas
876 2122 945 2172 rixas
958 2121 1130 2185 degenerat.»
1150 2120 1230 2172 «Nolo
1243 2135 1277 2172 ne

190 2190 330 2241 tormidine
347 2189 487 2254 perculsus
505 2191 549 2253 (aii
560 2190 621 2239 κατ’
633 2189 714 2261 alao-
750 2207 800 2257 per
815 2193 908 2246 ludum
932 2195 1042 2259 quidem
1065 2196 1198 2246 intervos
1214 2209 1279 2246 ver·
1345 2213 1350 2222 ·

188 2264 278 2328 νειαν)
301 2266 383 2314 timeo
406 2276 485 2314 nares
503 2276 659 2328 corrugare,
687 2265 713 2315 id
750 2269 819 2330 sari,
839 2281 901 2318 nam
919 2271 989 2320 acria
1007 2269 1068 2320 inde
1082 2269 1227 2320 certamina
1240 2271 1279 2320 ln-

190 2341 243 2400 esl,
270 2343 363 2401 aperte
392 2340 469 2400 gestu
493 2337 637 2401 verbisque
663 2338 712 2390 illis
750 2341 856 2392 tardum
873 2343 1006 2404 criuntur,
1025 2356 1094 2406 quae
1107 2343 1172 2393 inire
1185 2356 1277 2394 meum

189 2412 386 2472 demonalrare‚
405 2413 570 2475 quantopere
588 2425 636 2464 eos
651 2426 714 2464 con·
750 2429 803 2466 non
821 2419 877 2476 est;
903 2415 964 2466 nihil
984 2418 1056 2468 enim
1073 2417 1137 2467 mihi
1153 2420 1275 2482 prosunt,

189 2487 321 2546 lemnam,
340 2489 379 2546 et,
398 2499 432 2535 ne
445 2485 515 2535 male
527 2499 571 2536 me
583 2485 710 2550 mulcent,
749 2490 831 2540 immo
858 2503 890 2540 ea
908 2491 1035 2542 detestor.
1071 2493 1139 2555 Ergo
1157 2493 1215 2542 alna
1232 2505 1277 2543 me

189 2558 586 2624 quamcelerrimepcssum‚ila
596 2563 712 2614 mesub-
748 2565 819 2614 inter
851 2577 900 2614 vos
933 2565 1070 2626 rixamini,
1111 2564 1274 2628 nebulones,

188 2635 290 2685 traho.»
305 2662 332 2671 —
345 2635 470 2699 luctantia]
491 2649 550 2686 «me
568 2637 711 2689 adorientis
751 2640 881 2701 quantum
898 2637 1001 2688 voltis.»
1028 2664 1055 2674 -
1082 2637 1176 2703 amuli]
1194 2633 1277 2710 ἀορί-

187 2721 348 2772 mecumque
375 2710 596 2771 conlaudandam
623 2714 710 2776 imago
749 2725 837 2772 οπως,
852 2712 979 2774 «gignere
990 2710 1084 2761 solet.»
1099 2740 1127 2772 ‚-
1140 2712 1273 2776 trepidam]

187 2784 269 2848 petita
294 2783 328 2832 ab
354 2783 460 2834 athletis
485 2785 573 2848 potius
597 2799 710 2849 quama
749 2785 796 2834 «ln
813 2797 866 2847 quo
884 2783 1018 2848 trepidant
1034 2786 1068 2846 ii,
1095 2786 1141 2847 qui
1159 2787 1227 2835 inter
1244 2798 1274 2836 se

186 2856 385 2920 gladiatoribus.
401 2885 428 2894 —
442 2863 516 2908 amalo
527 2885 564 2896 --
574 2859 661 2923 acqui]
675 2861 713 2910 si·
749 2859 886 2908 certarnen
904 2870 966 2907 acre
984 2859 1189 2918 committunt,»
1215 2858 1275 2908 leb-

186 2931 325 2994 gnlllcatur
353 2933 504 2996 iniquorum
535 2931 602 2984 livor
630 2936 711 2997 atque
748 2932 824 2995 itast.
845 2959 872 2968 -
890 2931 993 2994 [κκοονο
1010 2931 1106 2995 bellum]
1125 2933 1275 2996 «propem-

186 3003 284 3055 malitla
301 3003 476 3057 detestabilis.
492 3035 518 3042 -
536 3007 657 3069 Displicet
667 3009 712 3058 iste
748 3006 922 3066 terneeivum,
936 3006 1024 3069 inquo
1036 3003 1112 3056 multi
1124 3005 1273 3056 occidunt.»

185 3077 260 3142 lona]
280 3078 353 3141 «ubi,
381 3081 411 3130 ul
426 3081 545 3130 carmina
563 3093 624 3130 mea
640 3082 710 3131 reci·
748 3079 876 3130 Celerum
898 3077 1030 3142 Epistolae
1049 3079 1134 3130 exitus
1151 3092 1215 3130 sene
1233 3080 1274 3129 io-

186 3155 254 3215 tem,
273 3166 322 3204 vos
338 3151 417 3204 voltis
434 3154 527 3218 (probe
546 3156 617 3205 enim
633 3167 711 3218 prae·
748 3166 827 3204 cosus
845 3154 872 3203 in
889 3155 1009 3204 mentem
1021 3155 1131 3204 revocat
1141 3151 1204 3203 illud
1215 3155 1274 3218 Epi·

184 3225 263 3276 video
281 3225 350 3288 lore,
368 3229 398 3277 ul
409 3227 558 3279 clanculum
575 3231 670 3293 postea
683 3231 709 3280 in
747 3228 851 3278 charmi
869 3227 940 3292 apud
957 3227 1053 3276 Athen.
1066 3226 1092 3287 2,
1105 3227 1128 3276 3.
1142 3240 1169 3291 p.
1182 3227 1223 3277 36.
1235 3227 1270 3278 C:

186 3301 271 3350 meet
286 3301 313 3350 iu
330 3313 392 3351 men
403 3302 562 3352 invehantur
574 3301 710 3354 obtrecla-
744 3296 793 3352 Ἕκ
809 3300 864 3366 μὲν
881 3301 987 3364 θυσίας
1003 3301 1090 3366 θοίνη
1101 3328 1118 3339 -
1128 3327 1158 3362 -,
1175 3295 1225 3351 Ἕκ
1241 3298 1272 3351 ll

185 3375 258 3424 iores
277 3374 365 3437 mall.»
385 3401 414 3410 -
432 3375 528 3426 diludia
543 3375 633 3440 posco]
652 3377 711 3426 ulli·
746 3377 850 3442 θοίνης
866 3373 951 3438 πόσις
969 3375 1090 3442 ἐγένετο.
1108 3376 1138 3425 Β.
1150 3371 1270 3446 Χάριεν,

184 3445 255 3498 ludia
272 3448 396 3498 dicuntur
414 3451 547 3513 tempora,
570 3464 639 3514 qnae
656 3449 710 3514 gla-
747 3443 787 3514 ὥς
803 3451 836 3517 γέ
851 3466 905 3516 μοι
922 3448 1029 3514 [δοκοϊ],
1054 3451 1084 3500 Α.
1104 3443 1152 3500 Ἐκ
1169 3447 1200 3500 δὲ
1217 3445 1271 3498 πό-

184 3521 332 3573 diaiorlbus
354 3524 538 3574 conceduntur
559 3526 628 3576 inter
650 3526 708 3577 dies
746 3540 809 3588 οιος
827 3523 939 3591 κῶμος,
957 3523 990 3576 ἐκ
1007 3522 1108 3590 κώμου
1123 3523 1145 3574 d'
1156 3523 1269 3591 ἐγένετο

184 3609 336 3658 munerum,
347 3596 611 3662 qulbuspugnalur.»
622 3601 706 3652 Corra.
744 3601 851 3652 loavia
869 3602 910 3665 (al.
929 3603 1061 3664 aoavlal·
1082 3593 1131 3650 Ἐκ
1149 3597 1180 3650 tl
1196 3600 1270 3651 doa-

184 3670 264 3728 Cnuo.
293 3673 346 3723 «Ut
362 3673 429 3722 intra
447 3673 505 3724 dies
522 3676 639 3738 quinque
656 3690 708 3741 pu·
745 3679 808 3740 νίας
818 3674 884 3742 δίκη
902 3671 1019 3742 [’γένετ’,
1037 3673 1070 3726 ἐκ
1085 3673 1209 3740 δίκηςδὲ
1220 3689 1271 3724 κα-

184 3747 290 3806 guent.»
303 3747 364 3795 Acri.
376 3745 707 3813 (condicendafscltub
744 3749 866 3818 radium]
888 3746 935 3802 Ἐκ
955 3749 987 3802 lt
1010 3747 1166 3814 καταδίκης
1186 3747 1268 3802 πέδοι

184 3817 296 3882 Merkel,
314 3820 446 3885 Raattaq
462 3823 585 3885 Paeana.)
614 3825 706 3874 locosa
744 3841 775 3877 τε
791 3829 839 3879 καὶ
864 3825 1012 3890 σφάκελος
1029 3825 1077 3877 nal
1095 3825 1192 3889 ζημία.
