3192 4974
653 413 713 462 iis.
732 413 750 462 l.
786 413 885 464 arist.
903 415 945 464 Vl.

297 567 383 648 Quid
405 567 534 644 deceat,
559 567 738 656 quidum,
764 567 869 645 obliti,
894 569 1020 638 Caerite
1042 591 1117 638 cera

296 691 405 778 Digni,
432 689 601 778 remigium
623 690 774 756 vitiosum
797 689 973 758 Ithacensis
996 691 1112 768 Ulixei,

296 811 354 879 Cui
376 811 483 900 potior
504 812 607 900 patria
628 811 686 878 luit
707 812 876 880 interdicta
896 813 1053 902 voluptas.

295 935 341 1010 Si,
367 935 575 1002 Mimnermus
595 934 641 1000 uti
664 945 790 1014 censet,
814 937 884 1002 sine
907 955 1016 1002 amore
1040 936 1185 1024 iocisque
1298 943 1339 1006 65

294 1055 342 1120 Nil
363 1067 414 1123 est
436 1055 625 1132 iucundum,
650 1056 740 1124 vivas
763 1057 795 1122 in
817 1078 928 1124 amore
951 1031 1133 1146 iocisque·

295 1179 384 1254 Vive,
407 1177 489 1244 vale.
534 1178 567 1246 Si
590 1178 668 1266 quid
691 1179 807 1246 novisti
831 1181 950 1247 rectius
972 1180 1055 1259 istis,

314 1395 355 1446 64.
376 1397 457 1446 444444·
474 1396 527 1457 Ed,
546 1395 694 1458 Bentleius,
714 1397 773 1458 iic,
791 1398 822 1447 ut
838 1397 903 1464 Epp.
918 1399 941 1458 4,
960 1397 984 1458 7,
1004 1397 1060 1449 lu:
1081 1399 1168 1460 thcei
1185 1411 1211 1464 p,
1237 1401 1303 1449 illini

282 1471 349 1532 bsc,
370 1471 461 1532 lllqesei
479 1472 559 1521 LCtF.

250 1669 319 1718 titiee
332 1667 675 1719 tamenhaudrarosubita
686 1671 773 1720 morte
810 1681 871 1719 rum
894 1667 1020 1722 censibus
1042 1672 1140 1721 remoti
1161 1672 1252 1722 sunt.»
1282 1673 1334 1724 Sed

248 1755 349 1807 poenas
361 1741 479 1793 luebant.
492 1743 614 1794 Eundem
631 1745 657 1794 in
668 1757 773 1796 morem
809 1745 927 1808 praestat
939 1743 1012 1794 Gellii
1024 1743 1171 1808 explicatio.
1191 1746 1244 1796 Cir.
1254 1749 1335 1798 Pseu-

247 1830 406 1883 perversum
424 1817 585 1868 invehuntur
599 1820 672 1869 Pers.
687 1818 716 1880 3,
730 1819 770 1870 98.
809 1818 966 1870 desconlum
978 1819 1004 1868 in
1013 1819 1098 1869 Divin.
1110 1833 1136 1883 p.
1146 1819 1201 1870 403.
1213 1820 1256 1871 ed.
1266 1822 1332 1872 Bait.

247 1893 338 1943 iuven.
353 1893 381 1954 4,
401 1891 463 1943 tis:
489 1895 573 1942 444444
589 1899 672 1944 tomes
690 1907 772 1956 prce-
810 1920 838 1929 -
864 1893 1011 1958 rerutqiwn]
1036 1894 1229 1957 aceeqeiineet
1253 1896 1331 1948 Voss.

246 1980 314 2028 44444,
335 1979 392 2016 com
413 1971 441 2016 tu
462 1967 563 2030 deponis
583 1969 689 2018 4444444444
708 1969 772 2018 Tur·
808 1967 839 2019 Ut
855 1967 1031 2028 icciioomne,
1050 1967 1201 2030 lociumio,
1221 1982 1333 2022 «omnes

246 2043 319 2106 qidcs
335 2046 358 2092 et
373 2043 480 2092 4444444444
493 2056 619 2104 pavonem
638 2043 665 2093 iu
682 2043 771 2094 balnea
807 2041 882 2091 navis
906 2041 1050 2104 remiges.»
1082 2041 1164 2092 Simili
1191 2055 1334 2107 compara-

244 2121 348 2180 portas;
373 2115 437 2167 Hinc
460 2117 556 2167 mbitce
579 2122 671 2168 mortes
696 2123 771 2180 utque
806 2115 877 2166 tione
900 2129 965 2166 usus
987 2117 1030 2166 est
1052 2117 1117 2181 Epp.
1137 2118 1164 2178 i,
1188 2118 1218 2178 2,
1236 2117 1268 2167 2³
1286 2131 1329 2183 sq.

246 2196 363 2244 intestato
379 2197 500 2242 4444444444.
526 2191 628 2242 Colum.
645 2193 729 2244 Praei.
743 2193 767 2256 5.
808 2191 979 2254 -uitioum1
1005 2204 1150 2255 «nequam,
1175 2191 1326 2252 lidmiiclim

246 2267 290 2316 lii:
319 2272 348 2316 444
372 2267 426 2330 opti
449 2268 581 2317 veniemus
604 2268 639 2316 444
661 2281 766 2332 quaeat,
804 2265 940 2316 oerdoriea
963 2265 1040 2316 Voss.
1061 2293 1089 2302 -
1108 2267 1242 2316 interdicto
1257 2267 1332 2318 44444·

245 2342 419 2404 quotidianam
453 2344 604 2394 4444444444
640 2344 770 2394 Laconicis
802 2339 874 2404 ptos]
898 2339 932 2390 ab
956 2339 1042 2402 Ulixe,
1068 2353 1131 2390 cum
1154 2339 1220 2392 Solis
1246 2341 1331 2393 hoves

244 2417 419 2478 weoqoimm,
437 2421 461 2466 44
477 2422 579 2468 equulo
595 2419 685 2468 miore
701 2419 769 2468 sitim
804 2413 985 2466 immolarunt.
1015 2415 1110 2480 Odyss.
1123 2433 1159 2481 μ,
1178 2415 1235 2467 297.

244 2491 397 2554 quaerimus.
426 2517 451 2528 -
481 2492 580 2542 Caerite
603 2492 675 2557 cero]
702 2492 766 2544 Geli.

244 2565 287 2626 46,
307 2565 353 2616 434
381 2565 477 2618 Primos
492 2567 629 2630 municipes
645 2570 698 2618 44444
713 2568 768 2632 ecs-
837 2565 927 2614 65-68.
949 2563 1120 2629 Mimnemms]
1139 2563 1327 2630 Colophonius,

242 2639 322 2704 tlcqii
343 2641 399 2690 iure
421 2641 530 2692 Caerites
548 2642 659 2706 (incolas
677 2643 767 2709 oppidi
803 2641 881 2702 poem
900 2637 1043 2700 elegiacos,
1064 2641 1109 2702 qui
1126 2638 1228 2690 Solonis
1240 2642 1328 2689 aetate

244 2713 328 2766 Caere
345 2715 373 2764 in
390 2715 492 2766 Etruria
510 2729 535 2766 a.
552 2729 579 2768 u.
594 2731 617 2766 c.
631 2717 698 2780 3654
717 2730 768 2768 4444
803 2711 900 2761 lloruit.
913 2712 1102 2762 «Mimnermus
1113 2711 1329 2774 elegiarumscri-

241 2789 323 2852 [actos
339 2790 489 2852 accipimus,
508 2803 697 2852 concummqoe
707 2793 765 2853 44444,
802 2787 864 2850 ptos·
889 2785 950 2848 luit,
977 2787 1022 2850 qni
1048 2787 1074 2835 44
1097 2785 1215 2849 quadam
1237 2785 1329 2851 ecloga

241 2869 270 2913 444
288 2864 397 2914 multatis
418 2865 546 2915 4444444444
566 2865 685 2914 honorem
708 2867 766 2928 qui-
802 2860 959 2923 Hieronymi
995 2863 1097 2911 seciam
1135 2861 1328 2912 commendans

242 2939 437 3001 dmncaperem,
456 2941 498 2990 4444
513 2940 619 3004 nequitis
634 2945 767 2990 sammai-
802 2947 939 2984 summum
961 2932 1063 2985 bonum
1085 2933 1258 2986 indolentiam
1281 2936 1326 2997 ait,

241 3013 555 3077 queoneiibueoccerent,
568 3013 766 3077 4444444444-
803 3020 885 3072 quam
909 3009 1003 3058 Graeci
1031 3002 1211 3075 decimatas
1238 3011 1327 3060 nomi-

241 3088 375 3140 looaiiioo
390 3091 495 3152 receptis
509 3091 693 3152 4444444444
710 3089 767 3140 itm
802 3085 892 3132 nant.
916 3085 1075 3133 Poarnrmou
1101 3096 1132 3133 ex
1155 3083 1203 3134 lis.
1223 3084 1324 3135 444444.

240 3163 766 3230 mammaeae-iimfflomfficamscera)
805 3158 893 3221 [Error
911 3157 1000 3207 estin
1022 3159 1152 3222 tempore.
1184 3157 1237 3208 Cir.
1256 3159 1327 3208 Ono-

241 3237 383 3301 oppeltotoe
397 3251 472 3288 versa
487 3239 552 3302 vice,
571 3240 598 3289 444
609 3253 673 3302 quos
684 3253 767 3289 444444-
802 3233 879 3282 mast.
891 3233 964 3282 Cic'
957 3245 1018 3282 inv.
1026 3233 1201 3294 Hieronymus.
1203 3233 1323 3297 ll'ragm.

239 3313 517 3377 resreserrliabebout,
530 3319 766 3376 quosnotaeccuso
801 3307 965 3359 Schneidew.
976 3305 1032 3358 Del.
1043 3321 1070 3372 p.
1082 3309 1127 3358 is:
1148 3305 1323 3370 Τ4ςδὲβίος,

239 3389 368 3452 4444444444
380 3389 527 3450 privabam
557 3382 680 3439 Huschke
704 3390 766 3439 Ser·
800 3375 1326 3472 4444τερπνόνατερχροσέηςἈφρο-

238 3463 295 3512 vitu
312 3463 447 3527 Tultimp.
459 3463 516 3514 532.
530 3463 627 3526 probat
640 3463 764 3515 Scholion
800 3455 894 3525 illvm
912 3459 1067 3524 Τεθναὶην,
1086 3451 1135 3508 ὅτε
1150 3473 1203 3524 μοι
1218 3459 1323 3525 μηκέτι

240 3537 344 3588 Comm.
360 3539 493 3601 cmq.:«
481 3537 575 3588 necere
592 3538 744 3603 oppidum'
738 3553 763 3589 44
798 3529 892 3584 ταῦτα
906 3533 1005 3599 μέλοι,
1024 3531 1190 3620 Κρυπταδίη
1202 3529 1326 3598 φιλότης

239 3610 312 3662 ltalia
328 3611 389 3672 luit,
408 3623 464 3676 quo
480 3614 558 3676 capta
576 3612 681 3664 aGallis
695 3612 764 3664 urbe
799 3609 849 3660 nai
864 3607 981 3675 μείλιχα
995 3607 1135 3680 cepam
1152 3604 1231 3675 εὐνή.
1251 3611 1323 3669 Quae

238 3697 316 3736 secra
327 3687 444 3736 44444444
454 3699 516 3736 oum
524 3686 670 3750 virginibus
680 3690 765 3740 trans-
799 3685 931 3736 sententia
955 3689 1096 3736 sexcentas
1117 3685 1217 3735 lormas
1240 3683 1325 3734 induit

238 3757 291 3810 laia
316 3762 393 3821 sunt,
423 3773 492 3824 quoe
519 3773 582 3810 cum
609 3764 764 3812 servassent
799 3760 871 3823 apud
888 3761 1025 3824 antiquos;
1044 3760 1082 3810 sic
1099 3759 1229 3823 Ampius
1223 3771 1249 3808 44
1262 3760 1324 3807 Gro-

238 3835 353 3899 integra,
376 3848 426 3899 pro
444 3848 477 3885 eo
494 3835 627 3887 beneflcio
645 3837 763 3888 Caerites
799 3833 827 3882 tii
844 3834 905 3884 Exc.
927 3848 953 3899 p.
975 3834 1036 3884 ets:
1061 3837 1124 3882 πῖνε
1146 3832 1203 3884 Kal
1225 3835 1321 3895 παῖζε·

238 3910 344 3960 civitate
368 3910 456 3961 donati
477 3913 540 3960 sunt
560 3911 762 3976 municipesque
798 3901 939 3974 θνητὸς
922 3923 939 3958 o
956 3905 1035 3971 β4·ος
1063 3901 1161 3975 ὀὶλγος
1178 3900 1248 3958 οὑπὶ
1269 3904 1323 3974 γῆς

238 3985 307 4036 iacti.
337 3987 698 4074 Aiposteaquamsuntausi
713 3988 763 4037 lto-
798 3979 929 4056 Χρόνος
962 3979 1089 4046 θάνατος
1122 3980 1145 4032 δ’
1172 3975 1323 4047 ἀθάνατός

237 4061 324 4112 manis
347 4061 491 4123 rebellare,
520 4063 558 4112 eis
580 4060 691 4112 devictis
711 4061 762 4112 lte-
798 4057 889 4120 44444,
907 4053 944 4108 ἂν
961 4051 1040 4121 ἅπαξ
1057 4059 1105 4120 lig
1121 4053 1266 4130 ἀποθάνῃ.
1291 4086 1319 4095 -

238 4148 352 4222 rumque
371 4137 474 4187 civitate
492 4137 621 4187 donatis'
615 4135 763 4187 444444444-
800 4133 867 4196 Viae,
883 4133 948 4197 cole]
967 4131 1046 4183 Solita
1064 4131 1189 4196 formula,
1214 4136 1244 4183 ut
1266 4135 1319 4184 Sat

237 4211 341 4275 giorum
359 4211 515 4278 ademptum
534 4214 589 4273 est,
609 4225 761 4277 censusque
798 4211 827 4270 i,
852 4211 882 4268 a,
908 4208 971 4257 tic:
1000 4208 1056 4257 vioe
1078 4208 1239 4270 valeque·
1258 4207 1320 4272 44444]

238 4297 331 4336 eorum
355 4287 381 4336 in
405 4283 508 4337 tabulas
529 4285 606 4337 relati
622 4299 637 4336 a
655 4287 761 4338 cetero·
798 4285 841 4334 444
864 4293 972 4347 quoque
998 4281 1051 4332 vim
1080 4294 1157 4334 suam
1185 4283 1321 4336 secundae
