3192 4974
270 409 332 474 “6
634 411 762 461 nonnuli
780 411 998 481 Enispotnnilli

314 566 478 635 Candidus
500 565 643 654 imperti3
667 568 693 632 si
716 587 795 644 non,
820 565 869 633 his
893 577 984 634 utere
1006 587 1144 633 mecum.

338 747 378 798 68.
397 746 455 810 ooo]
473 746 509 796 nit
525 745 587 796 bcd.

271 908 403 960 personae
413 895 604 945 inservientem
612 897 714 945 servat:
730 896 795 956 aliis,
833 895 933 945 rectius.
954 896 993 945 De
1005 895 1151 945 imitatione
1162 897 1253 946 autem
1265 896 1362 946 utrius-

272 985 341 1035 quae
355 973 382 1020 tu
394 983 465 1020 nunc
477 970 565 1055 ipsum
582 968 674 1032 legis.»
695 983 798 1020 -coo-
834 971 875 1020 vis
898 971 941 1020 liic
964 971 1079 1032 cogitare
1098 983 1163 1020 eane
1181 969 1252 1020 stulti
1278 969 1359 1029 toret,

272 1044 351 1107 didas]
371 1043 498 1108 «simplici
517 1044 795 1098 ecsinceroeoimom
835 1057 924 1108 neque
950 1042 1084 1093 attulerim
1111 1043 1186 1106 quesi
1213 1045 1360 1094 sententiae

272 1123 302 1170 nt
318 1121 400 1184 Epist.
415 1121 443 1182 l,
462 1118 490 1181 l,
510 1121 533 1169 l.
552 1120 685 1170 lsocretes
703 1119 737 1169 ad
750 1120 797 1170 Ni·
834 1120 994 1169 Horatianae
1011 1117 1147 1182 exemplar
1165 1131 1227 1168 cum
1245 1117 1361 1169 Obbario

272 1193 338 1245 cocl.
350 1194 374 1257 5.
387 1194 434 1245 38:
453 1187 798 1265 Χρῶτοϊςείρημένοιςῆ
835 1193 889 1244 Cic.
903 1194 980 1244 Tusc.
994 1194 1023 1255 o,
1042 1193 1088 1254 28,
1108 1193 1155 1244 82:
1185 1192 1279 1252 Nate,
1298 1205 1362 1254 quoe

271 1266 348 1334 ζήτει
364 1267 468 1328 βελτίω
482 1264 601 1319 τούτων.
620 1268 702 1320 Plaut.
719 1268 794 1332 Epid.
833 1267 967 1330 fortissime
984 1268 1013 1316 de
1030 1266 1103 1316 teoto
1118 1267 1173 1316 vito
1193 1267 1242 1316 dici
1260 1271 1360 1328 putem

224 1363 229 1370 ·
271 1345 300 1402 2.
319 1345 347 1404 ἓ,
367 1344 412 1394 80:
435 1345 526 1404 Immo,
544 1344 565 1392 si
578 1343 700 1406 placebit,
718 1344 798 1393 utitor
834 1347 871 1403 et,
895 1343 1016 1404 qooniodo
1038 1355 1105 1390 nunc
1121 1345 1169 1402 est,
1192 1341 1241 1390 nist
1258 1341 1318 1402 quid
1335 1346 1362 1390 tu

272 1419 420 1478 Consilium·
437 1419 519 1468 sinon
527 1417 795 1480 placebit,reperitote
833 1417 922 1466 metius
938 1415 1065 1476 attuleris,
1084 1417 1159 1465 etiem
1175 1415 1307 1463 uerissime.
1377 1449 1382 1462 .

749 1593 888 1605 ..α-ου·

623 1768 1002 1828 EXCUBSUS.

338 1929 416 1982 illesa
434 1934 476 1982 est
492 1929 607 1996 Epistola
625 1929 659 1980 ed
676 1929 827 1980 Numicium
845 1928 995 1992 quendam,
1015 1927 1152 1980 hominem
1164 1943 1275 1994 prorsus
1287 1931 1363 1994 igno-

273 2018 342 2075 tum,
362 2013 396 2064 de
413 2014 489 2066 ouius
512 2012 600 2066 indole
623 2026 654 2064 ec
677 2011 798 2063 moribus
818 2013 863 2062 vix
886 2011 1033 2076 quidquam
1054 2027 1086 2063 ex
1108 2014 1164 2076 ipse
1188 2013 1291 2074 elicias,
1314 2015 1363 2065 etei

274 2099 329 2147 tem
345 2096 428 2148 mulla
446 2099 472 2147 in
490 2111 522 2147 ea
539 2095 623 2148 oculis
640 2095 699 2161 plus
716 2109 800 2159 quam
815 2093 919 2159 lynceis
941 2096 1007 2146 vidit
1030 2095 1198 2158 wielandum
1226 2101 1256 2148 ut
1278 2098 1363 2149 tacete

273 2181 368 2231 dixerit
391 2181 501 2241 Iacobo,
527 2181 639 2232 Numluli
661 2179 778 2243 effigiem
799 2178 834 2230 eb
859 2179 910 2230 hoc
932 2191 1088 2242 expressam
1115 2179 1274 2232 simillimam
1301 2195 1363 2234 esse

272 2265 350 2315 Demi
374 2265 577 2315 Atheniensium
594 2277 609 2312 e
627 2263 767 2314 Parrhasio
785 2265 861 2327 picti,
881 2264 907 2314 in
929 2275 983 2328 quo
1000 2267 1109 2314 auctore
1126 2263 1208 2315 Plinio
1226 2266 1258 2315 H.
1272 2268 1303 2316 N.
1317 2265 1362 2324 35,

274 2349 314 2409 40,
329 2347 380 2411 36.)
399 2348 492 2398 artilex
508 2346 616 2398 volebat
633 2348 718 2396 oronte
732 2347 832 2410 pariter
849 2349 982 2398 ostendere.
1008 2347 1108 2397 Verum
1126 2351 1154 2398 el
1170 2347 1326 2399 lVielandus
1338 2351 1365 2399 et

274 2432 319 2495 qui
336 2443 400 2481 eum
417 2431 503 2482 secuti
524 2433 586 2482 sunt
607 2443 640 2481 eo
663 2431 779 2480 maxime
798 2430 904 2495 decepti
922 2431 1138 2493 emendentur,
1161 2431 1233 2496 quod
1250 2434 1365 2484 interro·

274 2513 438 2578 gatiuncnlas
464 2512 520 2564 illes
542 2515 659 2566 minutas
685 2517 711 2564 et
736 2515 908 2579 imperativos
930 2515 1079 2565 Stoicorum
1095 2516 1167 2565 vium
1184 2531 1216 2567 ac
1234 2517 1364 2566 rationem

273 2598 420 2649 relerentes
438 2597 473 2648 ad
494 2597 582 2662 ipsum
603 2599 755 2650 Numicium
772 2599 883 2663 eiusque
902 2611 992 2650 mores
1010 2601 1113 2650 temere
1131 2599 1299 2650 rettulerunt.
1335 2599 1365 2650 ld

274 2695 358 2733 unum
374 2683 487 2734 tortasse
506 2681 661 2746 perspicere
679 2680 753 2744 licet,
780 2683 914 2746 Numisio,
941 2683 1027 2733 iuveni
1046 2681 1116 2733 bona
1138 2682 1226 2734 indole
1244 2683 1364 2748 praedito

275 2764 399 2831 (alioquin
416 2767 488 2817 enim
506 2767 630 2817 Horatius
648 2779 711 2816 eum
728 2767 755 2816 in
772 2765 903 2817 sodalium
920 2779 1032 2818 suorum
1052 2779 1195 2817 numerum
1215 2780 1269 2818 non
1286 2781 1365 2820 rece-

273 2851 363 2916 pisset)
382 2849 521 2902 consillum
533 2850 606 2911 dari,
624 2851 654 2900 ut
665 2853 768 2901 certum
782 2849 919 2914 quoddam
931 2863 1068 2902 summum
1080 2851 1131 2902 sibi
1142 2850 1245 2902 bonum
1257 2855 1363 2914 statuet,

275 2934 348 2997 quod
366 2935 462 2986 deinde
481 2935 635 2984 constanter
652 2936 743 2985 teneat
759 2947 847 2998 neque
864 2937 891 2984 in
903 2935 1010 2986 vivendi
1021 2947 1120 2997 genere
1135 2937 1267 2999 perpetuo
1279 2937 1363 2994 nutet,

275 3017 504 3081 quemadmodum
526 3017 625 3068 iaciunt
642 3016 763 3082 plerique
786 3017 923 3070 mortales.
960 3020 1067 3082 inperii
1089 3017 1178 3069 locum
1202 3019 1236 3070 de
1259 3031 1365 3070 summo

274 3101 355 3152 bono.
390 3104 420 3153 ln
437 3115 491 3166 quo
508 3101 646 3153 tractando
663 3105 754 3166 perles
772 3103 825 3166 agit
842 3101 923 3153 modo
941 3101 1103 3167 philosophi,
1123 3104 1168 3166 qui
1180 3115 1288 3153 omnem
1299 3103 1366 3152 hee-

275 3185 415 3238 titudinem
438 3188 465 3238 in
490 3180 679 3254 ἀθαυμαστίᾳ
704 3187 783 3238 sitam
809 3185 901 3244 docet,
929 3186 1010 3236 modo
1036 3186 1150 3237 hominis
1173 3187 1295 3248 Romani,
1321 3187 1365 3250 qui

275 3283 413 3322 summum
430 3269 532 3320 bonum
548 3271 619 3320 vitae
641 3269 790 3320 commodis
812 3270 839 3319 et
861 3270 1001 3334 praesidiis
1024 3271 1141 3321 metitur.
1179 3272 1234 3331 Qua
1257 3270 1365 3334 quidem

275 3355 303 3404 in
319 3367 364 3415 re,
383 3354 410 3404 id
428 3355 483 3414 est,
503 3353 529 3402 in
546 3353 723 3418 permixtione
741 3355 821 3418 etque
840 3355 1025 3404 coniunctione
1048 3368 1117 3418 quae
1134 3354 1241 3405 videtur
1259 3367 1363 3412 rerum.

275 3437 394 3488 cernitur
410 3438 505 3501 poetae
523 3449 567 3486 ars
583 3439 664 3500 atque
682 3437 766 3488 virtus
783 3436 928 3488 scribendi.
964 3439 1036 3488 llaec
1058 3439 1093 3488 ita
1117 3437 1181 3501 lugit
1197 3440 1365 3502 interpretes,

274 3524 306 3573 ut
330 3533 383 3571 non
409 3519 522 3570 midtum
548 3519 671 3581 abesset,
699 3521 728 3570 ut
753 3520 863 3584 quidam
888 3524 1038 3572 monstrum
1062 3521 1208 3573 dicerent.»
1234 3525 1365 3574 Oamnms.

276 3605 351 3656 idem
368 3601 498 3669 Epistolae
517 3608 705 3667 argumentum
721 3605 775 3654 hoc
792 3606 929 3669 proponit:
951 3607 1012 3656 «Est
1022 3619 1159 3659 summum
1172 3606 1275 3658 bonum
1286 3607 1366 3672 idque

275 3690 393 3754 positum
418 3689 443 3738 ln
470 3701 501 3738 ea
527 3688 633 3739 vivendi
659 3689 778 3750 ratione,
805 3690 835 3738 ut
855 3689 1087 3753 perturbationum
1107 3703 1203 3754 expers
1226 3692 1275 3752 sle,
1303 3691 1367 3742 nihil

276 3785 364 3838 neque
391 3773 501 3838 cupiens
525 3785 576 3822 nec
598 3773 704 3824 timens.
741 3772 840 3833 Quodsi
864 3773 932 3824 haee
955 3774 1077 3824 condicio
1098 3779 1124 3825 te
1142 3774 1231 3825 reddit
1247 3775 1366 3840 perlecte

276 3857 400 3920 beatum,
419 3858 489 3908 hene
505 3871 584 3907 unam
601 3858 698 3908 ceteris
716 3856 810 3907 studiis
828 3857 933 3909 omissis
951 3871 1065 3921 sequere
1078 3859 1212 3908 virtutem.
1231 3859 1261 3908 V,
1275 3859 1365 3910 t-lt.

277 3941 349 4001 Quae
375 3942 397 3992 si
423 3940 457 3990 ed
483 3941 553 3991 bene
577 3941 721 3991 vivendum
745 3954 798 3992 non
816 3943 880 3993 setis
897 3955 977 4007 posse
995 3942 1141 4004 videbitur,
1169 3941 1203 3992 ad
1221 3943 1367 3994 dictionarii

277 4037 414 4076 summum
431 4025 533 4076 bonum
551 4027 576 4076 te
594 4025 686 4076 confer
703 4027 730 4076 et
746 4025 772 4076 in
795 4039 828 4076 eo
852 4027 1042 4091 consequendo
1066 4029 1142 4092 quasi
1164 4027 1366 4079 tebemeculum

276 4109 346 4157 vitae
359 4106 468 4160 colloca.
487 4110 518 4161 V.
533 4110 638 4160 tlt-il.
666 4108 741 4160 idem
753 4109 919 4172 laciendum,
938 4125 1000 4162 cum
1012 4112 1059 4163 libi
1070 4113 1243 4178 proposueris
1260 4113 1365 4162 tertium

278 4191 414 4258 quoddam
432 4193 530 4244 summi
547 4193 610 4244 boni
628 4207 726 4258 genum¹
746 4194 819 4258 quod
837 4195 953 4246 cemitur
970 4197 997 4246 in
1013 4198 1135 4248 loom
1152 4195 1324 4261 amplitudine
1336 4207 1368 4246 ac

278 4274 421 4340 splendore
440 4277 478 4340 (V.
491 4275 620 4339 ts-oc.i‚
638 4277 681 4329 vel
699 4279 837 4341 quartum,
857 4279 929 4342 quod
946 4279 1026 4330 eitum
1039 4280 1081 4330 est
1092 4281 1119 4330 in
1134 4281 1190 4331 cito
1200 4281 1273 4330 teuta
1289 4293 1368 4332 men-
