3178 4972
671 432 732 482 nili.
750 431 770 480 l.
806 431 903 480 EPlS'l'.
922 429 952 479 Χ.

633 1096 898 1160 mmm
921 1100 975 1160 Σ.

306 1267 400 1334 Urbis
422 1277 597 1333 amatorem
619 1269 759 1333 Fuscum
781 1267 907 1335 salvere
929 1269 1078 1335 iubemus

306 1389 401 1455 liuris
423 1397 599 1465 amatores,
624 1386 686 1455 hac
711 1389 744 1454 in
766 1410 801 1456 re
824 1389 947 1457 scilicet
967 1411 1032 1456 una

305 1509 438 1576 llultnm
460 1508 650 1588 dissimiles,
675 1521 707 1576 at
728 1523 837 1579 cetera
859 1531 963 1599 paene
985 1511 1112 1599 gemelli

306 1633 467 1699 Fraternis
490 1633 604 1699 animis
626 1631 787 1720 quidquid
809 1641 905 1720 negat
925 1631 1007 1700 alter
1028 1644 1061 1700 et
1082 1633 1162 1700 alter

330 1871 379 1920 ΕΡ.
397 1869 427 1919 X.
447 1869 471 1918 3.
490 1868 530 1932 ot]
549 1866 678 1929 odbscd,
698 1868 813 1919 Pottierii
825 1879 921 1919 omnes
933 1869 959 1918 et
975 1869 1034 1918 Ltl'.
1054 1869 1167 1930 (lituos,
1186 1869 1240 1932 Ε,ζ,
1255 1868 1316 1932 olii.)

295 2075 327 2124 X.
346 2075 414 2124 cnm
430 2073 518 2138 lepida
535 2073 620 2124 ironia
630 2074 726 2124 Aristio
738 2074 789 2123 Fu·
826 2075 892 2124 Aen.
906 2072 930 2133 3,
943 2071 1001 2122 ssi:
1025 2073 1169 2124 Cousertmu
1179 2077 1352 2138 tepunemp'e

265 2162 324 2210 sco,
356 2149 449 2199 intimo
477 2161 526 2200 suo
549 2149 636 2199 amico
662 2148 710 2212 (de
735 2161 788 2212 quo
825 2149 876 2210 uis,
898 2152 926 2197 ot
946 2153 1029 2197 cetero
1045 2149 1152 2210 644444,
1175 2147 1221 2199 ubi
1238 2152 1269 2201 ut
1284 2151 1311 2201 h.
1331 2150 1348 2201 l.

263 2238 289 2273 v.
308 2222 356 2273 0d.
378 2224 406 2284 4,
430 2223 471 2273 44,
499 2224 552 2272 Sat.
574 2225 601 2284 4,
625 2223 653 2285 9,
676 2223 717 2274 tt.
740 2223 786 2283 40,
826 2225 887 2288 apte
906 2221 959 2273 duo
977 2221 1101 2273 membra
1113 2223 1352 2290 megisstbioppo-

263 2297 324 2360 aa),
342 2299 400 2362 qui,
426 2299 457 2348 ut
480 2297 640 2362 philologus,
667 2299 694 2348 in
718 2296 788 2350 Urbe
826 2300 925 2348 nnntur
941 2309 1022 2362 44444
1039 2298 1065 2348 in
1083 2296 1166 2349 ultera
1183 2298 1296 2350 lectione
1318 2302 1353 2352 od

264 2385 373 2423 manere
385 2371 514 2434 malebat,
527 2373 705 2424 rusticationis
716 2385 789 2423 oom-
825 2377 920 2433 cetero,
939 2383 1008 2435 quae
1025 2385 1075 2436 per
1091 2385 1121 2423 se
1133 2375 1252 2438 spectata
1264 2387 1351 2438 aeque

263 2447 343 2498 moda
360 2449 388 2497 et
410 2448 505 2510 gaudia
523 2450 643 2508 enarrat,
671 2460 787 2510 eumque
825 2449 899 2496 recta
921 2449 971 2497 est.
1002 2447 1056 2496 Liv.
1078 2447 1125 2508 37,
1152 2449 1181 2498 7:
1212 2449 1297 2500 virum
1318 2451 1353 2501 od

263 2523 357 2573 Stoicis
385 2523 522 2573 sententiis
556 2523 725 2585 exhortatur,
759 2524 789 2572 ut
824 2526 908 2571 cetero
930 2521 1067 2586 cerepium.
1103 2521 1178 2572 ldem
1193 2521 1224 2584 4,
1245 2524 1291 2573 464
1308 2525 1353 2574 -od

264 2599 335 2648 sorte
353 2610 401 2647 sua
419 2598 559 2648 contentus
575 2597 659 2656 uiuat,
683 2608 786 2661 neque,
825 2595 880 2644 olio
901 2595 1033 2646 discordas.
1069 2597 1162 2660 Pomp.
1183 2595 1250 2646 liele
1268 2597 1299 2658 4,
1323 2599 1350 2647 t:

263 2670 372 2722 torsiten
397 2685 460 2722 cum
488 2671 588 2722 maiore
616 2669 788 2721 incommodo
826 2669 930 2733 (uuae)
955 2670 1049 2719 steriles
1074 2671 1108 2719 ud
1133 2676 1224 2722 cetero.
1260 2671 1350 2733 Adde,

264 2759 346 2809 quam
374 2744 461 2808 lucro,
488 2747 652 2810 potentiores
678 2743 786 2794 ambiat.
826 2743 899 2806 quod
921 2743 1044 2794 Horatius
1065 2742 1107 2792 his
1129 2747 1268 2807 praeterea
1286 2759 1353 2796 con·
1450 2739 1452 2744 ’

264 2820 375 2879 Quando
405 2820 472 2870 haec
501 2818 613 2885 epistola
640 2819 788 2882 compositu
826 2819 972 2868 structione
990 2831 1005 2867 a
1023 2817 1101 2868 nobis
1121 2817 1240 2882 praelate
1260 2821 1351 2881 utitur,

265 2895 312 2956 sit,
330 2907 383 2946 non
396 2896 513 2956 constat,
533 2895 607 2945 certe
619 2907 644 2944 a.
657 2906 683 2943 u.
694 2906 718 2943 c.
729 2891 786 2944 734.
827 2891 904 2942 huius
922 2893 1004 2956 Epist.
1017 2907 1042 2943 v.
1056 2893 1097 2942 oo.
1118 2893 1145 2943 et
1156 2893 1204 2944 Od.
1217 2893 1247 2956 4,
1266 2895 1291 2956 4,
1311 2895 1350 2946 60.

826 2965 961 3029 Singulara
984 2969 1027 3018 est
1047 2965 1111 3018 illud
1133 2967 1230 3031 Virgilii
1253 2971 1299 3020 Ge.
1320 2969 1352 3029 4,

296 3044 352 3095 4·3.
377 3045 474 3094 sutum
493 3043 613 3109 44444444]
637 3041 717 3094 Solito
733 3042 789 3094 lor·
827 3038 889 3091 ⁴34:
907 3041 1203 3104 Flosodpiimoteuuc.
1223 3043 1262 3094 Cl.
1276 3041 1354 3094 Haud

264 3119 344 3171 mula.
378 3119 416 3170 Cf.
439 3120 505 3184 Epp.
527 3121 556 3180 4,
578 3120 608 3180 7,
632 3119 674 3169 46.
704 3117 787 3169 Plani.
826 3113 900 3164 Ture.
924 3116 955 3166 ll.
978 3129 1004 3180 p.
1027 3115 1059 3167 44
1081 3129 1122 3180 sq.
1152 3118 1181 3166 ln
1202 3129 1280 3182 seqq.
1298 3121 1353 3169 tam

264 3195 335 3245 Asin.
348 3195 378 3256 4,
396 3195 425 3254 4,
444 3194 489 3246 3οε
507 3194 581 3244 luteo
592 3199 615 3243 te
625 3193 721 3244 eotuom
730 3207 790 3243 uoce
826 3189 884 3238 arte
896 3189 1043 3240 cohaerent
1054 3191 1217 3252 sententiae,
1233 3192 1284 3242 hac
1296 3195 1353 3257 ipsa

264 3282 375 3331 mmm,
394 3270 479 3331 qimau
492 3270 559 3319 vires
574 3269 666 3318 444444,
696 3267 789 3320 Plura.
826 3264 991 3314 connexione
1003 3277 1057 3315 non
1069 3265 1125 3315 sina
1138 3267 1195 3316 arta
1206 3266 1353 3318 fraternum

263 3341 295 3392 lis
313 3357 345 3393 ex
367 3342 455 3394 indole
477 3342 581 3407 linguae
605 3344 712 3393 Latinee
729 3356 790 3394 mo·
827 3349 948 3388 amoram
974 3339 1168 3403 exprimentes,
1199 3343 1229 3390 ut
1253 3342 1354 3392 steine-

265 3417 366 3468 destiae
380 3419 468 3482 potius
480 3421 522 3468 est
538 3430 620 3482 quam
637 3418 787 3468 iactantiae.
826 3417 899 3467 kiuru
916 3418 1024 3466 secutus
1042 3415 1141 3467 nullam
1158 3417 1353 3468 distinctionem

264 3493 371 3542 Servius
388 3491 423 3542 ad
438 3492 546 3554 Aeni,
565 3493 611 3543 89:
640 3497 663 3543 et
678 3506 724 3543 uos
739 3493 789 3542 oti-
827 3491 972 3555 posuerim.
1002 3490 1063 3542 Alii:
1083 3497 1111 3540 ot
1126 3496 1210 3543 cetero
1222 3503 1355 3556 4444444-

264 3567 331 3626 quod
350 3579 488 3629 nomenque
508 3568 629 3629 decusque
651 3568 789 3618 Gessium:
826 3565 893 3616 metti
908 3565 1039 3616 Flotuuis
1056 3567 1160 3629 animis,
1179 3567 1300 3630 quidquid
1309 3579 1354 3617 ue-

266 3639 389 3705 ·plurelis
401 3640 435 3691 ad
452 3641 602 3692 evitandam
620 3643 788 3693 iactantiam»
826 3646 870 3706 pot
887 3641 953 3692 atur
969 3647 993 3691 et
1008 3642 1086 3703 atter,
1111 3643 1250 3692 Auuuieuus
1260 3667 1274 3678 ·
1286 3655 1354 3692 -co-

265 3716 316 3765 444,
337 3743 365 3754 -
382 3716 458 3766 ituris
473 3716 607 3780 amotores]
628 3718 671 3767 Sic
691 3718 790 3782 Epicn-
827 3716 911 3766 turult.
940 3716 1002 3767 Alii:
1022 3723 1050 3768 ut
1066 3722 1149 3768 cetero
1162 3729 1244 3778 poene
1258 3716 1355 3780 puuedi

265 3802 324 3850 rus,
348 3791 424 3840 cuius
441 3793 543 3840 sectam
565 3792 591 3840 in
613 3791 665 3841 hoc
682 3792 790 3855 proprie
827 3791 1072 3842 44444444444444444.Ι
1093 3791 1215 3853 quidquid
1230 3791 1354 3855 nepotat-

265 3866 358 3914 neturo
378 3864 475 3915 ductus
496 3863 670 3915 libentissime
691 3877 791 3928 seque-
827 3871 874 3928 ter,
892 3871 916 3916 at
932 3867 1010 3916 atter:
1027 3864 1293 3928 incompertum
1310 3879 1355 3916 oe-

264 3937 355 3998 batnr,
376 3939 503 3990 docuerat
520 3935 571 3989 τὸν
587 3935 685 4001 σοφὸν
702 3939 790 4002 φιλα-
827 3941 874 3991 tuit
889 3942 991 4003 uotique
1006 3941 1121 3992 cotmuti.
1154 3941 1189 3990 Tu
1206 3943 1257 3990 cet.
1272 3968 1299 3978 -
1313 3954 1355 4005 pe-

264 4009 390 4084 γρήσειν.
419 4015 494 4078 Diog.
515 4017 600 4065 Laert.
620 4017 647 4074 4,
667 4016 712 4076 to,
732 4017 788 4066 440.
826 4014 902 4080 metti]
920 4013 960 4065 Cl.
974 4017 1026 4065 Sat.
1039 4015 1069 4075 4,
1088 4015 1116 4075 3,
1135 4012 1193 4065 att.

267 4115 293 4124 -
312 4090 420 4140 Multum
443 4091 579 4156 dissimiles]
601 4090 659 4142 Vid.
678 4091 712 4141 ad
735 4092 788 4142 Sat.
861 4087 917 4140 4-9.
947 4094 970 4139 et
986 4089 1059 4155 otter]
1078 4087 1352 4155 «etiamalternegat,

265 4162 294 4222 t,
314 4163 343 4225 3,
362 4165 402 4214 ot.
431 4166 469 4216 Ci.
489 4167 585 4224 4444,
604 4165 631 4226 3,
650 4165 711 4217 343;
731 4173 790 4217 444-
827 4168 980 4233 periterque
998 4166 1094 4218 eadem
1111 4167 1283 4232 probamus·
1310 4169 1355 4218 Sa-

264 4241 318 4286 tum
327 4240 478 4290 dissimilem.
490 4270 515 4278 -
527 4247 554 4291 ot
565 4242 656 4316 cetego]
668 4243 711 4292 Sic
723 4239 788 4292 Cod.
827 4240 889 4291 lust.
903 4239 979 4291 Catil.
992 4241 1037 4290 4οε
1056 4241 1124 4292 Idem
1132 4241 1194 4293 cette
1204 4247 1279 4305 utque
1289 4242 1354 4292 idem

264 4310 357 4362 Bland.
376 4316 514 4379 antiquiss.
534 4319 561 4366 44
581 4313 637 4376 olii,
664 4320 693 4366 ut
718 4316 788 4380 virg.
828 4315 905 4376 uotle,
924 4328 956 4366 eo
972 4317 1162 4380 demuuflrum
1177 4318 1291 4369 amicitie
1310 4322 1352 4372 est.
