3192 4974
600 451 661 501 ΗΒ.
680 451 699 501 l.
735 451 833 503 EPlS'l'.
853 453 894 502 iti.

241 606 281 672 Di
304 605 362 673 tibi
386 605 513 673 divitias
536 606 697 674 dederunt
718 617 886 697 artemque
908 607 1043 676 fruendi.

244 728 331 809 Quid
354 738 471 796 voveat
491 727 578 796 dulci
601 728 758 797 nutricula
779 731 884 798 maius
906 730 1047 810 alumno,

263 966 288 1015 4.
307 965 427 1016 dederam
443 964 478 1016 Sd
497 967 524 1014 et
541 977 610 1015 corr.
624 963 669 1025 bc,
687 965 751 1016 item
768 964 920 1034 Lambinus.
940 966 1052 1030 (lituos,
1071 968 1131 1020 liet
1146 983 1187 1034 pr.
1200 971 1254 1033 bo.)

198 1189 291 1251 batur,
309 1185 402 1238 tribuit
414 1189 495 1238 etiarn
507 1189 609 1250 amico,
623 1191 650 1239 et
660 1201 726 1239 vere
764 1192 816 1252 set,
836 1190 951 1256 ideoque
970 1193 1066 1244 merito
1083 1193 1150 1245 dices
1161 1193 1290 1260 appellari

199 1263 317 1330 quidem,
337 1264 368 1313 ut
384 1275 454 1312 reor.
762 1269 862 1330 posset.
892 1265 959 1317 Vide
971 1268 1085 1318 Dissenii
1096 1269 1184 1320 Vitam
1196 1269 1289 1322 Tibulli

231 1339 255 1389 6.
272 1339 297 1388 4.
315 1339 373 1388 Non
390 1341 417 1386 to
429 1335 492 1403 cet]
512 1338 559 1388 «lli
570 1350 665 1389 versus
676 1351 726 1389 an·
762 1352 789 1404 p.
803 1339 857 1392 XV.
871 1343 899 1391 44
915 1339 1034 1392 Paldami
1050 1341 1139 1394 Erotiic
1155 1346 1238 1408 pili.
1260 1372 1287 1382 -

199 1412 384 1465 tecedentibus
407 1413 482 1463 bunc
500 1414 646 1464 annectunt
662 1427 726 1465 sen·
763 1415 890 1478 4444444444]
908 1417 964 1466 llac
981 1417 1165 1482 perlectorum
1182 1420 1290 1483 quanti-

197 1491 341 1541 tentierum
359 1487 494 1540 ordinem:
515 1491 727 1554 «1444444444ιί-
763 1491 817 1540 4444
839 1503 920 1554 saepe
941 1492 984 1542 nsi
1006 1494 1068 1542 sunt
1091 1495 1196 1556 poetae.
1230 1493 1286 1544 Vid.

198 1565 274 1624 dem;
295 1563 341 1614 tibi
359 1564 431 1614 eninr
449 1565 490 1614 444
512 1565 649 1627 ingenium
665 1563 725 1631 pul-
763 1565 815 1614 Sat.
830 1566 860 1627 4,
880 1566 925 1626 40,
945 1564 993 1617 lo:
1027 1565 1130 1631 Virpiiio
1147 1573 1291 1619 4444444444

198 1641 363 1691 cherrimum
380 1637 485 1702 diisque
506 1640 618 1703 accepta
640 1639 725 1690 refers
761 1639 897 1706 pandantes
907 1653 969 1689 rure
981 1640 1112 1690 0444444444.
1139 1642 1209 1704 Virg.
1222 1643 1287 1692 Aen.

198 1714 268 1765 bone
291 1713 327 1763 ad
349 1713 419 1764 hene
442 1713 588 1765 vivendum
611 1713 722 1778 idonea,
762 1713 792 1774 4,
810 1711 873 1764 4444
892 1713 1012 1776 Obstupui
1028 1719 1291 1778 stctcmotprtrcomoe

198 1789 296 1854 quibus
323 1787 386 1839 nibil
410 1790 500 1852 potest
523 1789 584 1840 addi
610 1789 724 1840 maius.»
761 1792 785 1838 at
800 1801 852 1837 vox
867 1788 983 1851 4444440444
999 1789 1084 1840 laesit.
1111 1789 1215 1854 Ubique
1233 1790 1289 1842 4444

198 1865 288 1915 ornan.
305 1863 444 1926 -corproJ
456 1863 593 1914 dumtaxat
603 1862 723 1926 brutum,
762 1862 907 1925 scriptores
951 1861 1050 1914 librarii
1096 1862 1291 1916 substituerunt

198 1937 516 2002 cinelinus-eros]
535 1951 672 2002 «semper,
692 1951 724 1988 ex
762 1935 1126 2002 plusqpi.,uthicnonnnlli.
1158 1939 1289 1992 clowe-

198 2026 252 2076 qno
268 2013 338 2063 inter
354 2025 403 2064 noa
420 2013 522 2063 versari
540 2013 650 2076 coepisti
663 2025 725 2075 ego-
761 2025 828 2076 gner
844 2012 961 2077 advirg.
975 2015 1021 2063 Ge.
1035 2013 1063 2075 l,
1083 2013 1139 2064 39³.
1156 2043 1183 2051 -
1197 2020 1289 2065 artern-

198 2101 251 2152 444
277 2091 303 2138 te
329 2089 468 2151 cognovi.»
487 2113 517 2124 -
536 2088 589 2138 44444
610 2087 723 2152 pectore]
762 2101 809 2150 pne
829 2087 938 2152 [44444444]
963 2088 1045 2151 «quie
1067 2087 1186 2152 prudens
1209 2102 1239 2140 es
1262 2089 1289 2140 44

198 2175 266 2212 «non
290 2175 351 2212 4444
374 2173 481 2220 44444444
509 2161 591 2212 immo
617 2163 723 2212 animus
762 2175 809 2223 44,
837 2161 908 2226 qnod
927 2163 1062 2224 44444444,
1090 2165 1231 2215 444444444
1248 2165 1290 2213 44-

197 2239 258 2288 tuns
282 2237 310 2286 et
327 2239 406 2287 tener
428 2237 485 2287 eret
509 2237 536 2287 in
559 2238 674 2288 amicitia
697 2239 725 2288 et
761 2237 828 2286 ris.»
842 2236 933 2286 Talem
945 2237 1084 2288 hominem
1092 2236 1202 2288 beatum
1213 2251 1290 2303 prae·

197 2311 254 2361 veri
271 2310 384 2375 cupidus
402 2314 429 2362 44
444 2309 548 2376 pulchri
566 2324 648 2363 sensu
667 2313 724 2362 exi·
761 2311 833 2362 dicat
849 2311 929 2362 etiam
942 2312 1088 2363 Menander
1098 2325 1124 2377 p.
1139 2311 1179 2364 46.
1194 2313 1287 2364 Licin:

198 2386 251 2436 mle
285 2386 449 2450 praeditus.»
484 2385 568 2450 (oliae
596 2387 724 2454 Gesitlt.)
761 2383 924 2458 Μακάριος,
944 2378 1025 2450 ὅστις
1042 2382 1289 2438 οὖσίανκαὶνοῦν

198 2461 273 2511 ovid.
288 2461 350 2512 ller.
365 2462 411 2522 46,
425 2461 486 2512 40444
505 2461 617 2512 Hancine
634 2467 724 2524 iuspe-
760 2453 830 2523 ἔχει·
849 2459 964 2534 Χρῆται
981 2457 1037 2534 γὰρ
1049 2451 1137 2526 οὗτος
1155 2463 1196 2526 εἰς
1213 2455 1291 2513 clidat

197 2548 237 2586 ras
253 2535 377 2586 4444444444
393 2537 446 2586 aine
459 2541 560 2598 pectore
571 2538 639 2587 dotas
653 2539 725 2588 444444
761 2535 852 2610 ταύτῃ
869 2535 973 2601 καλῶς.

196 2611 259 2660 sotir
273 2610 385 2673 somine,
412 2611 536 2673 4444444444,
560 2625 630 2662 nossa
646 2611 725 2662 tuoe?
793 2613 818 2664 8.
845 2615 981 2676 4444444444]
1002 2610 1058 2664 4144
1077 2613 1209 2664 nutricum
1226 2618 1288 2664 vota

200 2683 304 2745 Quintil.
320 2686 366 2750 40,
380 2687 410 2748 4,
430 2687 475 2738 ta:
494 2687 580 2738 Pectus
590 2693 639 2749 cst,
659 2687 725 2749 4444
761 2688 813 2739 vid.
828 2688 898 2754 apud
917 2691 990 2739 Pers.
1009 2689 1040 2750 4,
1061 2688 1102 2738 34.
1131 2690 1223 2739 iuven.
1243 2691 1287 2752 40,

198 2761 394 2823 4444444444,
413 2761 489 2810 ateis
504 2761 601 2811 44444444.
631 2759 726 2811 Simili·
760 2762 818 2813 289.
839 2789 868 2798 -
891 2763 984 2812 Totam
1003 2760 1150 2813 clausulam
1166 2765 1205 2812 sic
1223 2777 1289 2813 con-

199 2835 242 2884 ter
253 2835 360 2896 Graeci,
379 2832 461 2884 veluti
472 2835 642 2886 Democritus
654 2835 725 2900 apud
762 2837 857 2888 struxit
884 2835 1042 2886 Lambinus:
1071 2834 1215 2900 «alumno,
1241 2837 1287 2900 qui

200 2908 377 2972 stendit,
397 2910 441 2959 rt:
460 2906 574 2959 liliola
591 2910 725 2976 αἰσθητι-
761 2925 857 2977 sapere
876 2913 903 2962 et
920 2911 967 2962 ieri
990 2911 1162 2976 possitquae
1180 2912 1286 2974 sentiat,

199 2979 237 3034 4444
264 2984 314 3035 καὶ
339 2981 442 3052 κόσμῳ
470 2982 627 3055 διαπρεπέα
653 2981 725 3059 πρὸς
762 2989 789 3037 44
806 2988 848 3036 444
866 2985 964 3050 matie,
983 2985 1068 3046 lamo,
1087 2983 1212 3035 valetudo
1224 3000 1288 3037 cou-

197 3059 336 3130 θεωρὶην,
354 3052 428 3109 ἀλλὰ
444 3058 564 3132 καρδίης
579 3056 672 3111 κενεά.
693 3087 722 3098 -
760 3062 844 3124 tingat
872 3060 980 3112 abunde
1006 3062 1034 3110 44
1059 3060 1176 3111 mundns
1201 3061 1287 3114 victus

197 3134 317 3198 4444444444]
334 3135 393 3184 Vite
411 3135 519 3198 antiqua
537 3134 644 3186 Tibulli:
668 3135 724 3186 uin-
761 3138 824 3196 cet.,
844 3135 908 3200 quid
925 3133 1054 3185 nutricula
1071 3135 1145 3199 optet
1162 3136 1287 3186 maiust»

195 3209 274 3274 aiprria
293 3208 343 3272 4444
366 3208 452 3271 smnio
472 3210 589 3272 4444444444
610 3211 725 3272 corporis
762 3213 874 3276 (ratque
899 3211 968 3260 baec
994 3210 1099 3271 omnia,
1130 3208 1228 3273 quibus
1253 3223 1288 3261 444

196 3283 380 3334 4444440444.»
391 3311 419 3320 -
433 3283 541 3351 dindina]
555 3282 648 3348 quales
661 3297 723 3335 mox
760 3284 1012 3338 benevolentissima
1030 3283 1139 3350 quidem
1155 3284 1287 3336 nutricula

195 3357 346 3409 accuratius
358 3357 480 3421 designat
495 3373 522 3408 4.
536 3360 577 3409 44.
597 3361 625 3409 44
635 3358 723 3410 Tibul·
761 3361 861 3412 maiora
880 3359 988 3410 alumno
1013 3362 1105 3425 optare
1130 3359 1231 3425 possit,
1259 3361 1287 3410 tu

194 3431 237 3484 lus
253 3433 311 3498 ipse
329 3431 363 3483 de
381 3445 411 3482 se
429 3433 458 3494 4,
478 3435 506 3496 4,
526 3433 571 3483 444
591 3447 636 3498 epo
653 3447 722 3485 coan-
759 3448 855 3500 reopse
873 3433 971 3486 hebes:
999 3447 1063 3498 ergo
1084 3436 1141 3486 4444
1159 3436 1203 3486 tua
1222 3447 1287 3489 con-

192 3508 273 3570 poritu
290 3519 391 3557 44444444
402 3519 492 3558 ccmo
508 3509 651 3571 Despiciam
662 3510 723 3558 444444
759 3510 863 3560 dicione
873 3512 1014 3560 contentus
1024 3509 1089 3573 44.»)
1116 3511 1213 3562 Contra
1226 3523 1283 3560 mo·

195 3583 378 3645 cupidumque
393 3582 495 3645 444444.
526 3583 579 3634 Etsi
598 3585 654 3635 eins
671 3597 722 3648 pa·
759 3586 816 3636 nuit
832 3584 998 3646 Schmidius,
1017 3585 1052 3634 ita
1070 3585 1224 3636 necessario
1239 3597 1285 3634 re-

196 3657 350 3708 trimonium
361 3657 481 3708 ancisum
493 3659 552 3708 erat
561 3671 612 3722 per
625 3659 721 3709 trium·
758 3659 827 3724 quiri
844 3661 986 3724 corruperit,
1008 3659 1134 3710 vitiosum
1152 3673 1212 3710 esse
1224 3673 1286 3709 coo-

194 3733 315 3783 virorum
324 3733 456 3796 agrariam
464 3730 640 3796 largitionem,
651 3747 720 3798 quae
758 3736 847 3798 4444944.
882 3735 983 3784 Verum
1007 3733 1099 3797 quidni
1126 3733 1284 3798 cogitatione

195 3820 219 3856 e.
234 3819 260 3856 n.
275 3807 370 3857 4443.
389 3805 491 3856 ltaliam
508 3809 723 3872 miserepertnr-
758 3808 821 3859 addi
843 3807 933 3858 liceat:
960 3809 1088 3872 contiueat
1106 3809 1148 3857 444
1170 3820 1241 3857 nunc
1258 3810 1286 3858 44

195 3880 281 3942 bavit,
300 3879 356 3942 vel,
376 3883 406 3931 ut
422 3879 465 3930 alii
476 3880 580 3944 volunt,
598 3893 649 3946 per
660 3894 723 3932 ean·
758 3897 878 3948 semper,
898 3897 947 3947 per
965 3885 1047 3934 totam
1064 3883 1178 3933 44444444
1203 3883 1286 3947 Equi-

194 3954 258 4006 dem
270 3953 449 4007 calamitatem
460 3953 593 4008 bellorum
606 3955 722 4007 civilium
759 3959 822 4010 dern
839 3959 865 4009 in
885 3957 1005 4008 Lambini
1016 3957 1117 4007 ratione
1130 3957 1282 4021 nequissem

194 4031 363 4082 devastatum
380 4029 532 4092 dumtaxat,
551 4029 722 4082 nibilominus
759 4032 837 4083 video
861 4033 932 4083 enim
955 4031 1016 4082 lect.
1037 4033 1102 4092 0444
1124 4033 1217 4095 aperte
1237 4031 1287 4084 lal-

193 4107 218 4156 ei
230 4105 369 4155 restabant
384 4107 474 4156 4444444
487 4105 639 4167 4444444444,
659 4118 723 4170 pau·
759 4120 818 4159 sem
831 4119 901 4168 esse,
913 4105 961 4157 sed
973 4107 1079 4156 nostrae
1092 4106 1193 4167 lavere,
1203 4108 1285 4169 0444444

193 4179 268 4242 latim
286 4179 398 4232 44444444
415 4181 540 4246 prudenti
559 4182 722 4246 parcimonia
761 4186 788 4234 et
805 4183 886 4246 Quom
902 4186 930 4230 at
947 4181 977 4230 iis
989 4179 1095 4239 deberi,
1116 4181 1160 4243 qui
1178 4193 1286 4246 compa·

193 4253 359 4319 aliquantum
377 4258 484 4318 auctae,
509 4257 539 4306 nt
555 4257 590 4306 ad
607 4255 723 4307 liberali·
760 4257 893 4306 rationem
904 4254 1098 4314 desiderarent,
1113 4268 1193 4319 quarn
1205 4259 1284 4320 poeta

193 4335 236 4384 ter
252 4332 398 4384 vivendum
415 4331 491 4383 444444
513 4334 655 4384 contentus
679 4347 724 4384 es·
760 4331 853 4382 44444444
880 4331 999 4381 iunctura
1027 4329 1175 4394 significare
1204 4344 1285 4396 quam
