3130 4966
627 405 687 455 ute.
707 405 726 453 l.
761 403 828 454 sii't.
847 405 877 454 ll.

206 561 363 654 luppiter!
387 559 563 636 exclamat,
589 561 682 627 simul
706 572 803 650 atque
826 558 971 628 audivit?
992 565 1031 626 At
1052 561 1083 625 in
1106 581 1143 628 se

205 688 267 752 Pro
289 693 428 772 quaestu
451 693 615 772 sumptum
638 682 712 750 lacit
734 681 794 750 hic.
839 683 896 748 Vix
918 681 1055 750 credere
1077 683 1195 771 possis,

204 807 307 886 Quam
330 805 392 872 sibi
415 824 478 871 non
502 805 543 871 sit
565 804 703 882 amicus
729 804 771 871 ita
793 814 828 870 ut
848 813 942 892 pater
965 803 1032 880 ille,
1058 806 1184 872 Terenti
1252 805 1294 870 20

204 926 325 996 Fabula
348 947 447 1015 quem
469 927 625 995 miserum
647 937 742 1014 mato
765 926 884 993 vixisse
907 927 1014 1014 iugata

204 1049 344 1124 inducit,
369 1068 433 1114 non
457 1069 493 1116 se
516 1048 609 1136 peius
632 1048 825 1115 cruciaverit
847 1057 944 1136 atque
966 1046 1026 1114 hic.

204 1173 237 1240 Si
259 1172 333 1260 quis
356 1191 442 1237 nuno
464 1179 600 1258 quaerat
622 1171 694 1250 Ouo
717 1190 771 1236 res
792 1168 874 1238 baec
895 1170 1073 1257 pertinetl:
1098 1169 1189 1238 illuc:

204 1295 287 1360 Dum
309 1293 409 1360 vitant
431 1293 517 1360 stulti
539 1292 628 1370 vitia,
655 1291 687 1357 in
709 1291 868 1359 contraria
892 1301 1032 1358 currunt.

204 1414 351 1482 llaltinus
374 1415 491 1482 miricis
514 1414 666 1482 demissis
688 1413 844 1494 ambulat;
867 1416 994 1502 estqui
1250 1417 1292 1480 25

270 1559 309 1610 te.
327 1559 451 1610 coruum
468 1558 507 1608 SC
521 1558 582 1620 (uon
600 1557 711 1622 Bbcdp).
734 1585 760 1592 -
778 1557 810 1606 At
826 1556 878 1619 ipse
895 1556 951 1622 bdp
963 1561 990 1607 et
1001 1569 1071 1608 corr.
1085 1571 1108 1608 c.
1124 1585 1152 1596 ·-
1166 1559 1206 1610 ta.
1218 1560 1259 1622 su-

235 1635 268 1683 cit
283 1633 328 1686 bec
345 1645 481 1698 supemcr.
500 1633 509 1681 i
525 1632 559 1692 b,
576 1633 638 1695 fucit
654 1631 711 1682 tic?
726 1631 815 1694 emt,
833 1633 909 1696 socii,
927 1633 982 1695 tto,
999 1634 1046 1684 uin
1062 1634 1097 1693 C,
1115 1633 1188 1697 fucit,
1206 1635 1260 1686 tete

234 1709 280 1758 etc
295 1714 314 1759 t.
328 1733 354 1746 -·
370 1709 411 1758 at.
424 1714 485 1758 acto
496 1707 522 1757 d.
538 1733 567 1744 -
580 1708 621 1758 st.
634 1707 756 1758 Maltinus
771 1707 851 1773 Bp,y:
870 1709 1008 1759 Mutilum
1023 1705 1161 1770 sitietis
1170 1747 1175 1770 ,
1194 1710 1260 1760 llat-

234 1783 321 1834 emim
336 1782 419 1844 bcdpt
438 1796 516 1834 «oum
533 1781 654 1847 pluribus
671 1779 754 1844 alliso,
776 1784 793 1834 l'
811 1785 839 1834 et
855 1781 997 1834 Bentleius.

201 1917 271 1967 pen,
289 1903 448 1968 obltpotima.
470 1932 497 1940 -
514 1903 635 1967 metetur]
656 1907 730 1955 ustu—
767 1906 838 1955 tasse
855 1901 987 1955 subtiliter
1004 1901 1119 1967 explieat
1135 1903 1290 1955 «cruciasse

202 1979 275 2031 diose
287 1983 411 2042 venatur,
428 1980 533 2044 quaerit
543 1977 728 2032 adolescentes
766 1978 911 2030 videatur.»

203 2057 310 2106 circiter
324 2056 389 2106 xvi.
403 2067 550 2115 annorum,
569 2054 667 2119 quibus
679 2069 728 2121 pa·
798 2054 887 2104 23-26.
916 2056 970 2117 Quo
986 2068 1009 2104 r.
1026 2055 1050 2104 t.
1067 2053 1203 2118 perducti]
1229 2055 1291 2106 uilis

203 2135 257 2182 tres
273 2132 348 2196 parci
371 2131 398 2180 et
417 2131 506 2181 severi
529 2143 581 2180 non
598 2131 662 2182 satis
679 2141 729 2196 pe·
765 2130 889 2180 omnibus
906 2129 932 2180 iu
955 2129 1074 2181 medium
1097 2128 1206 2195 prolatis
1227 2129 1291 2195 quid

201 2206 295 2256 cuniae
313 2205 347 2254 ad
365 2207 488 2269 sumptus
506 2203 641 2257 iaciendos
651 2219 729 2271 prae-
765 2205 874 2256 tandem
893 2205 939 2254 tibi
955 2205 1032 2256 visi»
1053 2231 1080 2241 -
1098 2205 1227 2270 Muttines]
1248 2205 1290 2256 Sic

201 2277 280 2339 bont,
307 2279 401 2343 bisque
426 2277 514 2329 illicito
533 2277 659 2331 modoet
678 2293 728 2332 suo
765 2292 827 2330 cum
845 2279 929 2330 Codd.
948 2279 1122 2330 scribendum
1139 2280 1289 2342 videbatur,

202 2368 264 2406 cum
281 2353 401 2419 periculo
417 2355 560 2419 pecuniam
581 2355 665 2406 tenori
682 2355 729 2405 dat
764 2357 794 2404 ut
809 2355 931 2405 biotticus
948 2359 989 2405 est
1011 2353 1097 2406 Manlii
1115 2369 1170 2406 cos.
1190 2369 1291 2420 cogno-

201 2428 243 2479 vel
260 2430 286 2479 iu
298 2431 414 2479 mortem
432 2431 573 2493 parentum
585 2428 629 2482 vel
641 2431 728 2482 donec
765 2443 827 2480 men
853 2429 925 2495 apud
949 2430 1080 2480 lustinum
1096 2430 1141 2492 38,
1161 2429 1184 2480 3.
1213 2433 1240 2482 et
1264 2431 1290 2480 in

201 2502 258 2568 lege
277 2505 412 2564 Laetoria,
432 2517 501 2567 quae
518 2503 627 2555 vetabat
644 2507 729 2556 mino-
764 2506 840 2568 Trogi
865 2504 976 2569 Prologo
993 2505 1044 2564 38,
1063 2519 1078 2554 a
1095 2505 1190 2566 mutto,
1217 2503 1289 2569 quod

201 2593 258 2630 rem
284 2580 360 2630 annis
384 2579 460 2630 XXV.
488 2578 622 2644 stipulari,
648 2581 727 2632 soluti
765 2593 823 2630 voc.
843 2593 892 2644 per
914 2581 1003 2630 iocum
1022 2583 1073 2644 pro
1094 2579 1201 2630 bomine
1218 2577 1290 2630 molli

201 2659 317 2706 essenti
352 2653 466 2705 Tabulas
478 2654 611 2706 conticere
625 2659 652 2706 et
665 2670 728 2720 syu-
764 2659 845 2720 atque
864 2653 1016 2705 attaminata
1033 2654 1206 2719 usurpabant.
1237 2655 1290 2704 Lu-

201 2730 401 2802 graphaslcum
421 2743 558 2794 quoquam
581 2731 669 2783 iacere
688 2734 725 2796 is,
764 2729 805 2780 cil.
824 2731 869 2792 at,
888 2731 932 2780 22:
957 2731 1078 2780 lasanum
1094 2733 1196 2791 vocam,
1216 2741 1289 2790 quem

200 2806 289 2869 quiin
314 2805 397 2870 patris
422 2807 555 2870 potestate
573 2809 645 2868 erat,
673 2821 726 2859 uou
763 2807 869 2856 mettum
902 2819 933 2855 ac
963 2805 1084 2868 [aninam
1117 2803 1167 2854 dici
1196 2804 1289 2854 videat.

200 2882 313 2945 poterat.
350 2880 405 2930 Cic.
423 2892 473 2945 pro
492 2879 562 2931 Cael.
582 2882 609 2942 7,
635 2881 674 2931 tr.
696 2910 723 2918 -
763 2881 870 2941 Postea,
890 2883 919 2929 ut
937 2880 962 2928 in
980 2877 1109 2930 similibus
1125 2879 1291 2942 cognomini-

200 2955 322 3021 tirocum]
349 2957 420 3020 'loga
444 2967 512 3020 pura
538 2955 617 3019 (vate
642 2955 725 3020 atriti)
762 2954 922 3006 busavitiis
934 2957 961 3005 et
972 2955 1051 3005 animi
1069 2957 1097 3004 et
1107 2954 1227 3019 corporis
1238 2955 1290 3017 pri-

201 3033 305 3096 sumpta
323 3031 400 3094 pueri
417 3043 432 3079 a
449 3033 525 3094 patre
543 3031 569 3080 iu
582 3029 668 3081 iorum
681 3030 727 3082 de-
764 3043 838 3080 mum
856 3030 958 3090 inditis,
978 3042 1057 3081 nemo
1074 3030 1128 3079 iam
1145 3029 1172 3080 in
1190 3042 1222 3078 eo
1235 3029 1290 3079 ori-

201 3104 370 3156 ducebaotur
387 3105 496 3158 tirones.
531 3105 603 3155 Suet.
620 3107 681 3156 Ner.
695 3107 724 3156 7:
764 3107 852 3170 ginem
869 3103 1045 3169 respiciebat,
1069 3117 1119 3154 nec
1137 3103 1209 3168 quod
1230 3105 1290 3167 quis

202 3181 286 3243 (Nero)
305 3181 460 3231 deductiutu
470 3181 555 3244 sorum
569 3182 619 3232 tiro
631 3183 727 3244 populo
763 3181 884 3232 Muttines
909 3177 1101 3243 appellaretur,
1132 3181 1287 3243 propterea,

200 3255 617 3319 coaptamum,mttttidooaticmn
629 3270 727 3320 propo-
764 3269 825 3308 cunr
852 3253 979 3305 audiebat
1004 3254 1055 3305 hoc
1081 3267 1194 3314 nomen,
1226 3268 1289 3305 eum

199 3331 256 3380 suit.
291 3329 367 3380 idem
384 3329 471 3381 Tiber.
490 3329 537 3382 bl:
564 3333 689 3382 Neronem
704 3336 728 3382 et
764 3329 890 3381 mollitiae
911 3327 1055 3380 insimulari
1073 3329 1215 3392 quisquam
1233 3329 1289 3377 eri-

199 3405 728 3468 Druswrtpotriburconscrtptiscommcn-
764 3405 897 3458 stimabat.
933 3405 975 3455 Sic
995 3405 1047 3454 boc
1068 3401 1126 3454 loco
1145 3417 1176 3452 ex
1196 3401 1288 3454 babitu

200 3481 270 3530 eane
281 3481 393 3542 diemque
403 3483 535 3544 utriusque
546 3483 656 3532 tirocinii
666 3497 727 3532 συη-
764 3481 913 3540 dumtaxat,
938 3481 983 3544 qui
1001 3482 1028 3530 in
1046 3493 1078 3530 eo
1096 3481 1213 3540 notatur,
1240 3493 1289 3544 ap·

199 3555 283 3620 pierio
295 3555 363 3618 plebi
377 3557 589 3607 dotocctebrocit.
625 3557 678 3608 Cir.
693 3558 727 3608 ad
763 3559 840 3621 paret
851 3557 989 3606 hominem
1002 3556 1082 3606 luisse
1094 3554 1211 3618 aliquem
1224 3552 1290 3604 mol-

200 3629 248 3680 0d.
263 3632 290 3692 l,
310 3630 355 3690 36,
377 3631 401 3680 9.
423 3658 451 3666 -
469 3633 518 3682 Pro
535 3633 648 3695 quaestu]
667 3647 727 3683 ara·
763 3630 816 3681 lem
844 3635 925 3695 atque
955 3629 1152 3682 effeminatum
1182 3627 1288 3680 aliunde

200 3704 270 3753 tioue
292 3707 420 3768 quaestus
442 3705 568 3768 babilam
587 3709 651 3758 dem
667 3709 727 3759 lt'r-
763 3709 841 3756 notus
864 3719 917 3756 nou
939 3709 988 3756 est.
1024 3705 1090 3755 Nam
1109 3703 1180 3766 quod
1203 3703 1289 3754 Scho-

198 3777 441 3844 werbepemttss.
458 3781 727 3833 -stbinonsitomt
765 3779 854 3832 liustae
873 3782 1000 3832 atterunt:
1028 3778 1094 3830 «sub
1121 3777 1217 3830 bleltini
1241 3793 1290 3829 no·

198 3855 250 3921 mu]
262 3857 308 3906 «ut
320 3856 364 3919 qui
383 3855 725 3920 perpetuogeniumsuum
764 3859 835 3908 mine
859 3857 968 3921 quidam
993 3857 1175 3908 Maecenatem
1201 3855 1289 3919 suspi-

191 3929 365 3991 demandet»
395 3959 421 3967 -
446 3933 600 3995 poteritis,
632 3933 726 3984 i'erentt
763 3935 857 3982 cantur
873 3931 1040 3995 significari»,
1060 3930 1101 3980 cui
1119 3929 1236 3995 opinioni
1254 3929 1290 3980 la·

200 4005 262 4070 oet]
279 4005 454 4058 Menedemus
473 4009 498 4057 in
518 4007 632 4058 Terentii
646 4001 727 4060 ‘Euc-
763 4009 828 4058 rent
844 4008 924 4057 etiem
942 4007 1104 4071 Interpretes
1119 4002 1236 4056 nonnulli
1249 4020 1289 4056 re·

199 4074 249 4129 τὸν
261 4081 476 4152 τιμωρουμένῳ,
491 4083 567 4132 cuius
579 4081 614 4132 ob
627 4085 727 4134 severi-
764 4083 909 4142 contiones,
934 4095 1020 4146 nuper
1043 4083 1123 4134 etiam
1145 4083 1245 4134 Franke
1262 4084 1290 4133 et

199 4156 282 4206 talem
294 4153 377 4206 Clinia
395 4154 464 4206 tilius
482 4155 508 4206 ln
526 4158 615 4207 Asiam
633 4156 727 4208 milita-
763 4157 864 4208 Weber
889 4171 916 4220 p.
941 4156 1010 4219 tte,
1037 4159 1142 4222 egregie
1166 4157 1290 4208 relutavit

200 4231 256 4279 tum
279 4231 416 4296 proiectus
434 4233 500 4281 erat.
523 4259 549 4267 —
564 4232 725 4296 cruciaverit]
764 4231 868 4296 iladvig
889 4234 1002 4297 Opusoc.
1022 4235 1040 4284 l.
1064 4247 1124 4300 pag.
1144 4232 1176 4284 et
1200 4247 1286 4296 seqq,:

200 4303 276 4355 ilaud
299 4306 375 4356 Turs.
395 4307 436 4356 iii.
456 4320 482 4370 p.
503 4305 559 4357 iti.
579 4308 656 4358 ulmis
675 4307 727 4357 lor·
765 4309 848 4359 «Sane
866 4307 983 4360 scurrilis
1001 4312 1027 4360 ot
1045 4309 1078 4360 ab
1098 4310 1196 4359 Horatii
1216 4309 1288 4360 llae-
