<?xml version="1.0" encoding="UTF-8"?>
<!DOCTYPE html PUBLIC "-//W3C//DTD XHTML 1.0 Transitional//EN"
    "http://www.w3.org/TR/xhtml1/DTD/xhtml1-transitional.dtd">
<html xmlns="http://www.w3.org/1999/xhtml" xml:lang="en" lang="en">
 <head>
  <title>
</title>
<meta http-equiv="Content-Type" content="text/html;charset=utf-8" />
  <meta name='ocr-system' content='tesseract 3.04.00' />
  <meta name='ocr-capabilities' content='ocr_page ocr_carea ocr_par ocr_line ocrx_word'/>
</head>
<body>
  <div class='ocr_page' id='page_1' title='image "./qhoratiusflaccu01baitgoog_0104.png"; bbox 0 0 3082 4968; ppageno 0'>
   <div class='ocr_carea' id='block_1_1' title="bbox 616 421 868 474">
    <p class='ocr_par' dir='ltr' id='par_1_1' title="bbox 616 421 868 474">
     <span class='ocr_line' id='line_1_1' title="bbox 616 421 868 474; baseline -0.008 0"><span class='ocrx_word' id='word_1_1' title='bbox 616 422 677 474; x_wconf 79' lang='lat' dir='ltr'><strong>Lm.</strong></span> <span class='ocrx_word' id='word_1_2' title='bbox 696 423 715 472; x_wconf 88' lang='lat'><strong>1.</strong></span> <span class='ocrx_word' id='word_1_3' title='bbox 751 421 819 474; x_wconf 74' lang='lat' dir='ltr'><strong>SAT.</strong></span> <span class='ocrx_word' id='word_1_4' title='bbox 838 423 868 472; x_wconf 90' lang='lat' dir='ltr'><strong>V.</strong></span> 
     </span>
    </p>
   </div>
   <div class='ocr_carea' id='block_1_2' title="bbox 245 575 1289 1394">
    <p class='ocr_par' dir='ltr' id='par_1_2' title="bbox 247 575 1157 666">
     <span class='ocr_line' id='line_1_2' title="bbox 247 575 1157 666; baseline 0.001 -23"><span class='ocrx_word' id='word_1_5' title='bbox 247 579 344 644; x_wconf 87' lang='lat' dir='ltr'><strong>Fuste</strong></span> <span class='ocrx_word' id='word_1_6' title='bbox 367 575 468 643; x_wconf 86' lang='lat' dir='ltr'><strong>dolat:</strong></span> <span class='ocrx_word' id='word_1_7' title='bbox 491 585 606 664; x_wconf 82' lang='lat' dir='ltr'><strong>quarta</strong></span> <span class='ocrx_word' id='word_1_8' title='bbox 627 579 681 645; x_wconf 80' lang='lat' dir='ltr'><strong>vix</strong></span> <span class='ocrx_word' id='word_1_9' title='bbox 702 579 834 645; x_wconf 89' lang='lat' dir='ltr'><strong>demum</strong></span> <span class='ocrx_word' id='word_1_10' title='bbox 856 578 1047 666; x_wconf 73' lang='lat' dir='ltr'>exponimur</span> <span class='ocrx_word' id='word_1_11' title='bbox 1068 578 1157 645; x_wconf 91' lang='lat' dir='ltr'><strong>hora.</strong></span> 
     </span>
    </p>

    <p class='ocr_par' dir='ltr' id='par_1_3' title="bbox 246 698 1110 791">
     <span class='ocr_line' id='line_1_3' title="bbox 246 698 1110 791; baseline -0.001 -25"><span class='ocrx_word' id='word_1_12' title='bbox 246 700 312 766; x_wconf 87' lang='lat' dir='ltr'><strong>Ora</strong></span> <span class='ocrx_word' id='word_1_13' title='bbox 335 719 517 787; x_wconf 89' lang='lat' dir='ltr'><strong>manusque</strong></span> <span class='ocrx_word' id='word_1_14' title='bbox 539 709 595 766; x_wconf 88' lang='lat' dir='ltr'><strong>tua</strong></span> <span class='ocrx_word' id='word_1_15' title='bbox 617 698 768 785; x_wconf 77' lang='lat' dir='ltr'><strong>lavimus,</strong></span> <span class='ocrx_word' id='word_1_16' title='bbox 792 700 944 776; x_wconf 82' lang='lat' dir='ltr'><strong>Feronia,</strong></span> <span class='ocrx_word' id='word_1_17' title='bbox 968 699 1110 791; x_wconf 77' lang='lat' dir='ltr'>lympha.</span> 
     </span>
    </p>

    <p class='ocr_par' dir='ltr' id='par_1_4' title="bbox 245 819 1289 1030">
     <span class='ocr_line' id='line_1_4' title="bbox 245 819 1289 910; baseline 0.002 -24"><span class='ocrx_word' id='word_1_18' title='bbox 245 819 330 886; x_wconf 82' lang='lat' dir='ltr'><strong>Milia</strong></span> <span class='ocrx_word' id='word_1_19' title='bbox 351 829 421 886; x_wconf 88' lang='lat' dir='ltr'><strong>tum</strong></span> <span class='ocrx_word' id='word_1_20' title='bbox 441 820 550 908; x_wconf 93' lang='lat' dir='ltr'><strong>pransi</strong></span> <span class='ocrx_word' id='word_1_21' title='bbox 575 821 634 897; x_wconf 82' lang='lat' dir='ltr'><strong>tria</strong></span> <span class='ocrx_word' id='word_1_22' title='bbox 656 821 801 909; x_wconf 81' lang='lat' dir='ltr'>repimus</span> <span class='ocrx_word' id='word_1_23' title='bbox 823 832 920 910; x_wconf 87' lang='lat' dir='ltr'><strong>atquc</strong></span> <span class='ocrx_word' id='word_1_24' title='bbox 943 821 1089 888; x_wconf 85' lang='lat' dir='ltr'>subimus</span> <span class='ocrx_word' id='word_1_25' title='bbox 1249 823 1289 890; x_wconf 77' lang='lat'><strong>25</strong></span> 
     </span>
     <span class='ocr_line' id='line_1_5' title="bbox 245 941 1004 1030; baseline 0.003 -24"><span class='ocrx_word' id='word_1_26' title='bbox 245 941 434 1030; x_wconf 82' lang='lat' dir='ltr'><strong>Impositum</strong></span> <span class='ocrx_word' id='word_1_27' title='bbox 456 941 542 1008; x_wconf 85' lang='lat' dir='ltr'><strong>saxis</strong></span> <span class='ocrx_word' id='word_1_28' title='bbox 564 941 627 1009; x_wconf 85' lang='lat' dir='ltr'><strong>iate</strong></span> <span class='ocrx_word' id='word_1_29' title='bbox 653 942 866 1010; x_wconf 89' lang='lat' dir='ltr'><strong>candentibus</strong></span> <span class='ocrx_word' id='word_1_30' title='bbox 887 946 1004 1010; x_wconf 80' lang='lat' dir='ltr'><strong>Anxur.</strong></span> 
     </span>
    </p>

    <p class='ocr_par' dir='ltr' id='par_1_5' title="bbox 245 1063 1077 1153">
     <span class='ocr_line' id='line_1_6' title="bbox 245 1063 1077 1153; baseline 0.002 -23"><span class='ocrx_word' id='word_1_31' title='bbox 245 1064 315 1130; x_wconf 85' lang='lat' dir='ltr'><strong>Huc</strong></span> <span class='ocrx_word' id='word_1_32' title='bbox 336 1072 493 1130; x_wconf 89' lang='lat' dir='ltr'><strong>venturus</strong></span> <span class='ocrx_word' id='word_1_33' title='bbox 515 1073 584 1130; x_wconf 87' lang='lat' dir='ltr'><strong>erat</strong></span> <span class='ocrx_word' id='word_1_34' title='bbox 606 1063 791 1141; x_wconf 77' lang='lat' dir='ltr'>Maecenas,</span> <span class='ocrx_word' id='word_1_35' title='bbox 817 1064 957 1153; x_wconf 88' lang='lat' dir='ltr'><strong>optimus</strong></span> <span class='ocrx_word' id='word_1_36' title='bbox 980 1075 1077 1153; x_wconf 88' lang='lat' dir='ltr'><strong>atque</strong></span> 
     </span>
    </p>

    <p class='ocr_par' dir='ltr' id='par_1_6' title="bbox 250 1183 1030 1274">
     <span class='ocr_line' id='line_1_7' title="bbox 250 1183 1030 1274; baseline 0.003 -23"><span class='ocrx_word' id='word_1_37' title='bbox 250 1183 422 1262; x_wconf 78' lang='lat' dir='ltr'><strong>Cocceius,</strong></span> <span class='ocrx_word' id='word_1_38' title='bbox 448 1185 538 1251; x_wconf 92' lang='lat' dir='ltr'><strong>missi</strong></span> <span class='ocrx_word' id='word_1_39' title='bbox 560 1185 684 1272; x_wconf 83' lang='lat' dir='ltr'><strong>mugnis</strong></span> <span class='ocrx_word' id='word_1_40' title='bbox 706 1185 748 1254; x_wconf 91' lang='lat' dir='ltr'><strong>de</strong></span> <span class='ocrx_word' id='word_1_41' title='bbox 771 1185 870 1254; x_wconf 91' lang='lat' dir='ltr'><strong>rebus</strong></span> <span class='ocrx_word' id='word_1_42' title='bbox 893 1197 1030 1274; x_wconf 86' lang='lat' dir='ltr'><strong>uterque</strong></span> 
     </span>
    </p>

    <p class='ocr_par' dir='ltr' id='par_1_7' title="bbox 246 1305 1012 1394">
     <span class='ocr_line' id='line_1_8' title="bbox 246 1305 1012 1394; baseline -0.003 -22"><span class='ocrx_word' id='word_1_43' title='bbox 246 1306 372 1393; x_wconf 81' lang='lat' dir='ltr'><strong>Legati,</strong></span> <span class='ocrx_word' id='word_1_44' title='bbox 397 1325 530 1372; x_wconf 88' lang='lat' dir='ltr'><strong>aversos</strong></span> <span class='ocrx_word' id='word_1_45' title='bbox 554 1305 637 1372; x_wconf 87' lang='lat' dir='ltr'><strong>soliti</strong></span> <span class='ocrx_word' id='word_1_46' title='bbox 661 1327 857 1394; x_wconf 89' lang='lat' dir='ltr'><strong>componere</strong></span> <span class='ocrx_word' id='word_1_47' title='bbox 880 1307 1012 1374; x_wconf 90' lang='lat' dir='ltr'><strong>amicos.</strong></span> 
     </span>
    </p>
   </div>
   <div class='ocr_carea' id='block_1_3' title="bbox 234 1511 1259 1802">
    <p class='ocr_par' dir='ltr' id='par_1_8' title="bbox 234 1511 1259 1802">
     <span class='ocr_line' id='line_1_9' title="bbox 267 1511 1259 1579; baseline 0.002 -15"><span class='ocrx_word' id='word_1_48' title='bbox 267 1511 308 1564; x_wconf 79' lang='lat' dir='ltr'><strong>st.</strong></span> <span class='ocrx_word' id='word_1_49' title='bbox 328 1513 439 1562; x_wconf 70' lang='lat' dir='ltr'><strong>lavim</strong></span> <span class='ocrx_word' id='word_1_50' title='bbox 454 1513 485 1562; x_wconf 82' lang='lat' dir='ltr'><strong>N.</strong></span> <span class='ocrx_word' id='word_1_51' title='bbox 504 1512 611 1563; x_wconf 76' lang='lat' dir='ltr'><strong>Heinsio</strong></span> <span class='ocrx_word' id='word_1_52' title='bbox 628 1515 738 1564; x_wconf 85' lang='lat' dir='ltr'><strong>auctore</strong></span> <span class='ocrx_word' id='word_1_53' title='bbox 755 1513 897 1564; x_wconf 87' lang='lat' dir='ltr'><strong>Benticius.</strong></span> <span class='ocrx_word' id='word_1_54' title='bbox 919 1538 945 1549; x_wconf 94' lang='lat'>-</span> <span class='ocrx_word' id='word_1_55' title='bbox 966 1513 1006 1562; x_wconf 76' lang='lat' dir='ltr'><strong>tr.</strong></span> <span class='ocrx_word' id='word_1_56' title='bbox 1025 1515 1171 1576; x_wconf 76' lang='lat' dir='ltr'><strong>Maecenas,</strong></span> <span class='ocrx_word' id='word_1_57' title='bbox 1196 1517 1259 1579; x_wconf 81' lang='lat' dir='ltr'><strong>opti·</strong></span> 
     </span>
     <span class='ocr_line' id='line_1_10' title="bbox 234 1586 1259 1654; baseline 0.004 -17"><span class='ocrx_word' id='word_1_58' title='bbox 234 1600 290 1637; x_wconf 80' lang='lat' dir='ltr'><strong>mur</strong></span> <span class='ocrx_word' id='word_1_59' title='bbox 307 1587 528 1651; x_wconf 60' lang='lat' dir='ltr'><strong>accederetis]</strong></span> <span class='ocrx_word' id='word_1_60' title='bbox 554 1588 596 1638; x_wconf 90' lang='lat' dir='ltr'><strong>Sic</strong></span> <span class='ocrx_word' id='word_1_61' title='bbox 614 1587 780 1638; x_wconf 75' lang='lat' dir='ltr'><strong>distinximus</strong></span> <span class='ocrx_word' id='word_1_62' title='bbox 801 1599 863 1638; x_wconf 90' lang='lat' dir='ltr'><strong>cum</strong></span> <span class='ocrx_word' id='word_1_63' title='bbox 885 1586 1017 1645; x_wconf 82' lang='lat' dir='ltr'><strong>Bentleio;</strong></span> <span class='ocrx_word' id='word_1_64' title='bbox 1045 1589 1127 1639; x_wconf 90' lang='lat' dir='ltr'><strong>ceteri</strong></span> <span class='ocrx_word' id='word_1_65' title='bbox 1148 1589 1259 1654; x_wconf 80' lang='lat' dir='ltr'><strong>iungunt</strong></span> 
     </span>
     <span class='ocr_line' id='line_1_11' title="bbox 234 1661 1258 1727; baseline 0 -13"><span class='ocrx_word' id='word_1_66' title='bbox 234 1665 368 1714; x_wconf 64' lang='lat' dir='ltr'><strong>amenas</strong></span> <span class='ocrx_word' id='word_1_67' title='bbox 384 1664 500 1724; x_wconf 82' lang='lat' dir='ltr'><strong>optimas.</strong></span> <span class='ocrx_word' id='word_1_68' title='bbox 519 1663 594 1714; x_wconf 90' lang='lat' dir='ltr'><strong>Coni.</strong></span> <span class='ocrx_word' id='word_1_69' title='bbox 614 1663 667 1714; x_wconf 84' lang='lat' dir='ltr'><strong>Sat.</strong></span> <span class='ocrx_word' id='word_1_70' title='bbox 681 1664 705 1724; x_wconf 96' lang='grc'><strong>4,</strong></span> <span class='ocrx_word' id='word_1_71' title='bbox 718 1663 744 1721; x_wconf 91' lang='grc'><strong>6,</strong></span> <span class='ocrx_word' id='word_1_72' title='bbox 757 1661 797 1712; x_wconf 78' lang='lat' dir='ltr'><strong>di.</strong></span> <span class='ocrx_word' id='word_1_73' title='bbox 818 1663 841 1724; x_wconf 91' lang='grc'><strong>4,</strong></span> <span class='ocrx_word' id='word_1_74' title='bbox 857 1663 895 1722; x_wconf 87' lang='grc'><strong>40,</strong></span> <span class='ocrx_word' id='word_1_75' title='bbox 909 1662 950 1713; x_wconf 78' lang='grc'>84.</span> <span class='ocrx_word' id='word_1_76' title='bbox 972 1687 998 1698; x_wconf 88' lang='grc'><strong>-</strong></span> <span class='ocrx_word' id='word_1_77' title='bbox 1019 1663 1060 1713; x_wconf 78' lang='grc'>48.</span> <span class='ocrx_word' id='word_1_78' title='bbox 1078 1666 1179 1727; x_wconf 73' lang='lat' dir='ltr'><strong>mappis</strong></span> <span class='ocrx_word' id='word_1_79' title='bbox 1189 1665 1258 1714; x_wconf 81' lang='lat' dir='ltr'><strong>missi</strong></span> 
     </span>
     <span class='ocr_line' id='line_1_12' title="bbox 238 1735 550 1802; baseline -0.006 -14"><span class='ocrx_word' id='word_1_80' title='bbox 238 1751 265 1802; x_wconf 88' lang='lat' dir='ltr'><strong>p.</strong></span> <span class='ocrx_word' id='word_1_81' title='bbox 287 1765 315 1774; x_wconf 90' lang='lat'>—</span> <span class='ocrx_word' id='word_1_82' title='bbox 334 1737 375 1788; x_wconf 73' lang='grc'><strong>49.</strong></span> <span class='ocrx_word' id='word_1_83' title='bbox 391 1739 507 1788; x_wconf 77' lang='lat' dir='ltr'><strong>cdircrscs</strong></span> <span class='ocrx_word' id='word_1_84' title='bbox 523 1735 550 1786; x_wconf 92' lang='lat' dir='ltr'><strong>d.</strong></span> 
     </span>
    </p>
   </div>
   <div class='ocr_carea' id='block_1_4' title="bbox 198 1901 1295 4354">
    <p class='ocr_par' dir='ltr' id='par_1_9' title="bbox 198 1901 1295 4354">
     <span class='ocr_line' id='line_1_13' title="bbox 199 1901 1289 1971; baseline -0.002 -13"><span class='ocrx_word' id='word_1_85' title='bbox 199 1908 294 1971; x_wconf 88' lang='lat' dir='ltr'><strong>postea</strong></span> <span class='ocrx_word' id='word_1_86' title='bbox 303 1907 481 1957; x_wconf 85' lang='lat' dir='ltr'><strong>coniunctast</strong></span> <span class='ocrx_word' id='word_1_87' title='bbox 492 1905 602 1958; x_wconf 81' lang='lat' dir='ltr'><strong>contusa</strong></span> <span class='ocrx_word' id='word_1_88' title='bbox 613 1917 675 1958; x_wconf 90' lang='lat' dir='ltr'><strong>cum</strong></span> <span class='ocrx_word' id='word_1_89' title='bbox 686 1906 728 1956; x_wconf 89' lang='lat' dir='ltr'><strong>iu·</strong></span> <span class='ocrx_word' id='word_1_90' title='bbox 764 1918 791 1955; x_wconf 92' lang='lat' dir='ltr'><strong>u.</strong></span> <span class='ocrx_word' id='word_1_91' title='bbox 805 1917 829 1956; x_wconf 92' lang='lat' dir='ltr'><strong>c.</strong></span> <span class='ocrx_word' id='word_1_92' title='bbox 843 1904 900 1955; x_wconf 76' lang='grc'>745.</span> <span class='ocrx_word' id='word_1_93' title='bbox 920 1901 1039 1954; x_wconf 88' lang='lat' dir='ltr'><strong>nondum</strong></span> <span class='ocrx_word' id='word_1_94' title='bbox 1056 1903 1166 1968; x_wconf 88' lang='lat' dir='ltr'><strong>quidem</strong></span> <span class='ocrx_word' id='word_1_95' title='bbox 1183 1918 1289 1956; x_wconf 88' lang='lat' dir='ltr'><strong>momo-</strong></span> 
     </span>
     <span class='ocr_line' id='line_1_14' title="bbox 201 1977 1288 2045; baseline 0 -15"><span class='ocrx_word' id='word_1_96' title='bbox 201 1980 727 2045; x_wconf 79' lang='lat' dir='ltr'><strong>noue,uudeiu1uscripttvocaturirro</strong></span> <span class='ocrx_word' id='word_1_97' title='bbox 764 1981 822 2030; x_wconf 88' lang='lat' dir='ltr'><strong>rato</strong></span> <span class='ocrx_word' id='word_1_98' title='bbox 838 1979 866 2028; x_wconf 93' lang='lat' dir='ltr'><strong>iu</strong></span> <span class='ocrx_word' id='word_1_99' title='bbox 882 1977 966 2029; x_wconf 84' lang='lat' dir='ltr'><strong>Fastis</strong></span> <span class='ocrx_word' id='word_1_100' title='bbox 979 1977 1169 2030; x_wconf 81' lang='lat' dir='ltr'><strong>consularibus</strong></span> <span class='ocrx_word' id='word_1_101' title='bbox 1183 1981 1288 2043; x_wconf 87' lang='lat' dir='ltr'><strong>Boitsri,</strong></span> 
     </span>
     <span class='ocr_line' id='line_1_15' title="bbox 200 2050 1289 2118; baseline -0.001 -13"><span class='ocrx_word' id='word_1_102' title='bbox 200 2055 322 2105; x_wconf 71' lang='lat' dir='ltr'><strong>morra.</strong></span> <span class='ocrx_word' id='word_1_103' title='bbox 352 2055 422 2117; x_wconf 80' lang='lat' dir='ltr'><strong>virg.</strong></span> <span class='ocrx_word' id='word_1_104' title='bbox 437 2057 503 2104; x_wconf 74' lang='lat' dir='ltr'><strong>Aen.</strong></span> <span class='ocrx_word' id='word_1_105' title='bbox 519 2056 549 2116; x_wconf 80' lang='grc' dir='ltr'><strong>Ἰ,</strong></span> <span class='ocrx_word' id='word_1_106' title='bbox 568 2055 628 2106; x_wconf 79' lang='lat'><strong>800:</strong></span> <span class='ocrx_word' id='word_1_107' title='bbox 650 2055 727 2104; x_wconf 71' lang='lat' dir='ltr'><strong>viridi</strong></span> <span class='ocrx_word' id='word_1_108' title='bbox 764 2052 814 2106; x_wconf 88' lang='lat' dir='ltr'><strong>sed</strong></span> <span class='ocrx_word' id='word_1_109' title='bbox 831 2053 857 2102; x_wconf 93' lang='lat' dir='ltr'><strong>in</strong></span> <span class='ocrx_word' id='word_1_110' title='bbox 874 2050 1001 2102; x_wconf 85' lang='lat' dir='ltr'><strong>iutercuio</strong></span> <span class='ocrx_word' id='word_1_111' title='bbox 1017 2066 1032 2102; x_wconf 89' lang='lat' dir='ltr'><strong>a</strong></span> <span class='ocrx_word' id='word_1_112' title='bbox 1049 2053 1160 2104; x_wconf 88' lang='lat' dir='ltr'><strong>Biondie</strong></span> <span class='ocrx_word' id='word_1_113' title='bbox 1171 2056 1289 2118; x_wconf 88' lang='lat' dir='ltr'><strong>reperto,</strong></span> 
     </span>
     <span class='ocr_line' id='line_1_16' title="bbox 198 2126 1288 2194; baseline 0 -16"><span class='ocrx_word' id='word_1_114' title='bbox 198 2129 312 2194; x_wconf 62' lang='lat' dir='ltr'><strong>ptumus</strong></span> <span class='ocrx_word' id='word_1_115' title='bbox 322 2129 430 2179; x_wconf 78' lang='lat' dir='ltr'><strong>Feronia</strong></span> <span class='ocrx_word' id='word_1_116' title='bbox 441 2129 505 2179; x_wconf 80' lang='lat' dir='ltr'><strong>tuce.</strong></span> <span class='ocrx_word' id='word_1_117' title='bbox 528 2128 602 2180; x_wconf 87' lang='lat' dir='ltr'><strong>Coni.</strong></span> <span class='ocrx_word' id='word_1_118' title='bbox 616 2129 725 2192; x_wconf 79' lang='lat' dir='ltr'><strong>Dionys.</strong></span> <span class='ocrx_word' id='word_1_119' title='bbox 764 2143 790 2179; x_wconf 92' lang='lat' dir='ltr'><strong>v.</strong></span> <span class='ocrx_word' id='word_1_120' title='bbox 813 2129 853 2180; x_wconf 77' lang='grc'>48.</span> <span class='ocrx_word' id='word_1_121' title='bbox 877 2139 937 2179; x_wconf 84' lang='lat' dir='ltr'><strong>esse</strong></span> <span class='ocrx_word' id='word_1_122' title='bbox 959 2126 1158 2192; x_wconf 80' lang='lat' dir='ltr'><strong>intelligendum</strong></span> <span class='ocrx_word' id='word_1_123' title='bbox 1182 2127 1288 2188; x_wconf 89' lang='lat' dir='ltr'><strong>docuit,</strong></span> 
     </span>
     <span class='ocr_line' id='line_1_17' title="bbox 201 2201 1291 2267; baseline -0.001 -13"><span class='ocrx_word' id='word_1_124' title='bbox 201 2201 283 2254; x_wconf 78' lang='lat' dir='ltr'><strong>italic.</strong></span> <span class='ocrx_word' id='word_1_125' title='bbox 302 2203 334 2253; x_wconf 89' lang='lat'><strong>11.</strong></span> <span class='ocrx_word' id='word_1_126' title='bbox 353 2215 380 2266; x_wconf 88' lang='lat' dir='ltr'><strong>p.</strong></span> <span class='ocrx_word' id='word_1_127' title='bbox 394 2202 450 2252; x_wconf 90' lang='grc'>443.</span> <span class='ocrx_word' id='word_1_128' title='bbox 469 2204 511 2253; x_wconf 88' lang='lat' dir='ltr'><strong>lli.</strong></span> <span class='ocrx_word' id='word_1_129' title='bbox 531 2215 557 2267; x_wconf 91' lang='lat' dir='ltr'><strong>p.</strong></span> <span class='ocrx_word' id='word_1_130' title='bbox 576 2202 632 2253; x_wconf 80' lang='grc'>443.</span> <span class='ocrx_word' id='word_1_131' title='bbox 650 2204 727 2254; x_wconf 81' lang='lat' dir='ltr'><strong>Tem-</strong></span> <span class='ocrx_word' id='word_1_132' title='bbox 764 2202 920 2266; x_wconf 88' lang='lat' dir='ltr'><strong>neutiquam</strong></span> <span class='ocrx_word' id='word_1_133' title='bbox 942 2201 976 2252; x_wconf 88' lang='lat' dir='ltr'><strong>de</strong></span> <span class='ocrx_word' id='word_1_134' title='bbox 994 2203 1051 2254; x_wconf 91' lang='lat' dir='ltr'><strong>eius</strong></span> <span class='ocrx_word' id='word_1_135' title='bbox 1068 2201 1149 2254; x_wconf 83' lang='lat' dir='ltr'><strong>fratre</strong></span> <span class='ocrx_word' id='word_1_136' title='bbox 1168 2203 1202 2256; x_wconf 82' lang='grc' dir='ltr'><strong>Μ.</strong></span> <span class='ocrx_word' id='word_1_137' title='bbox 1222 2205 1291 2254; x_wconf 89' lang='lat' dir='ltr'><strong>Coc-</strong></span> 
     </span>
     <span class='ocr_line' id='line_1_18' title="bbox 199 2275 1287 2343; baseline -0.001 -15"><span class='ocrx_word' id='word_1_138' title='bbox 199 2275 274 2342; x_wconf 88' lang='lat' dir='ltr'><strong>pium</strong></span> <span class='ocrx_word' id='word_1_139' title='bbox 283 2275 393 2327; x_wconf 88' lang='lat' dir='ltr'><strong>celebre</strong></span> <span class='ocrx_word' id='word_1_140' title='bbox 405 2275 525 2342; x_wconf 79' lang='lat' dir='ltr'><strong>habebat</strong></span> <span class='ocrx_word' id='word_1_141' title='bbox 536 2277 577 2328; x_wconf 88' lang='lat'><strong>111.</strong></span> <span class='ocrx_word' id='word_1_142' title='bbox 588 2276 643 2327; x_wconf 88' lang='lat' dir='ltr'><strong>mil.</strong></span> <span class='ocrx_word' id='word_1_143' title='bbox 652 2290 725 2343; x_wconf 88' lang='lat' dir='ltr'><strong>pass.</strong></span> <span class='ocrx_word' id='word_1_144' title='bbox 758 2277 823 2327; x_wconf 87' lang='lat' dir='ltr'><strong>ceio</strong></span> <span class='ocrx_word' id='word_1_145' title='bbox 857 2278 891 2328; x_wconf 84' lang='grc'><strong>44.</strong></span> <span class='ocrx_word' id='word_1_146' title='bbox 922 2277 949 2327; x_wconf 89' lang='lat' dir='ltr'><strong>F.</strong></span> <span class='ocrx_word' id='word_1_147' title='bbox 980 2279 1084 2338; x_wconf 83' lang='lat' dir='ltr'><strong>Nerva,</strong></span> <span class='ocrx_word' id='word_1_148' title='bbox 1120 2290 1175 2329; x_wconf 90' lang='lat' dir='ltr'><strong>cos.</strong></span> <span class='ocrx_word' id='word_1_149' title='bbox 1206 2291 1230 2328; x_wconf 87' lang='lat' dir='ltr'><strong>a.</strong></span> <span class='ocrx_word' id='word_1_150' title='bbox 1261 2291 1287 2328; x_wconf 91' lang='lat' dir='ltr'><strong>n.</strong></span> 
     </span>
     <span class='ocr_line' id='line_1_19' title="bbox 200 2349 1288 2415; baseline 0.003 -15"><span class='ocrx_word' id='word_1_151' title='bbox 200 2365 216 2400; x_wconf 86' lang='lat' dir='ltr'><strong>a</strong></span> <span class='ocrx_word' id='word_1_152' title='bbox 236 2351 394 2413; x_wconf 78' lang='lat' dir='ltr'><strong>Tarracina,</strong></span> <span class='ocrx_word' id='word_1_153' title='bbox 420 2349 466 2401; x_wconf 90' lang='lat' dir='ltr'><strong>ubi</strong></span> <span class='ocrx_word' id='word_1_154' title='bbox 489 2363 560 2401; x_wconf 91' lang='lat' dir='ltr'><strong>nuuc</strong></span> <span class='ocrx_word' id='word_1_155' title='bbox 582 2354 624 2402; x_wconf 89' lang='lat' dir='ltr'><strong>cst</strong></span> <span class='ocrx_word' id='word_1_156' title='bbox 647 2351 727 2402; x_wconf 87' lang='lat' dir='ltr'><strong>turris</strong></span> <span class='ocrx_word' id='word_1_157' title='bbox 764 2365 789 2402; x_wconf 87' lang='lat' dir='ltr'><strong>c.</strong></span> <span class='ocrx_word' id='word_1_158' title='bbox 803 2349 871 2412; x_wconf 74' lang='lat'><strong>7⁴8..</strong></span> <span class='ocrx_word' id='word_1_159' title='bbox 889 2349 1033 2414; x_wconf 82' lang='lat' dir='ltr'><strong>adquem,</strong></span> <span class='ocrx_word' id='word_1_160' title='bbox 1053 2353 1143 2415; x_wconf 88' lang='lat' dir='ltr'><strong>utpote</strong></span> <span class='ocrx_word' id='word_1_161' title='bbox 1156 2353 1288 2404; x_wconf 83' lang='lat' dir='ltr'><strong>notiorem</strong></span> 
     </span>
     <span class='ocr_line' id='line_1_20' title="bbox 199 2425 1292 2490; baseline 0.001 -15"><span class='ocrx_word' id='word_1_162' title='bbox 199 2426 317 2489; x_wconf 67' lang='lat' dir='ltr'><strong>euticem</strong></span> <span class='ocrx_word' id='word_1_163' title='bbox 330 2426 466 2476; x_wconf 87' lang='lat' dir='ltr'><strong>nominata</strong></span> <span class='ocrx_word' id='word_1_164' title='bbox 480 2425 555 2476; x_wconf 73' lang='lat' dir='ltr'><strong>rure</strong></span> <span class='ocrx_word' id='word_1_165' title='bbox 567 2425 725 2489; x_wconf 72' lang='lat' dir='ltr'><strong>Ottofwctc.</strong></span> <span class='ocrx_word' id='word_1_166' title='bbox 764 2427 875 2490; x_wconf 88' lang='lat' dir='ltr'><strong>propter</strong></span> <span class='ocrx_word' id='word_1_167' title='bbox 901 2425 1016 2476; x_wconf 80' lang='lat' dir='ltr'><strong>Nervam</strong></span> <span class='ocrx_word' id='word_1_168' title='bbox 1040 2429 1219 2490; x_wconf 90' lang='lat' dir='ltr'><strong>pronepotem</strong></span> <span class='ocrx_word' id='word_1_169' title='bbox 1242 2427 1292 2476; x_wconf 84' lang='lat' dir='ltr'><strong>cd-</strong></span> 
     </span>
     <span class='ocr_line' id='line_1_21' title="bbox 201 2497 1289 2566; baseline 0.002 -16"><span class='ocrx_word' id='word_1_170' title='bbox 201 2497 321 2563; x_wconf 82' lang='lat' dir='ltr'><strong>(Waick.)</strong></span> <span class='ocrx_word' id='word_1_171' title='bbox 339 2497 410 2550; x_wconf 88' lang='lat' dir='ltr'><strong>lilius</strong></span> <span class='ocrx_word' id='word_1_172' title='bbox 427 2499 505 2550; x_wconf 79' lang='lat' dir='ltr'><strong>tontis</strong></span> <span class='ocrx_word' id='word_1_173' title='bbox 522 2513 592 2564; x_wconf 90' lang='lat' dir='ltr'><strong>aqua</strong></span> <span class='ocrx_word' id='word_1_174' title='bbox 610 2502 653 2550; x_wconf 88' lang='lat' dir='ltr'><strong>est</strong></span> <span class='ocrx_word' id='word_1_175' title='bbox 666 2497 727 2550; x_wconf 89' lang='lat' dir='ltr'><strong>dul-</strong></span> <span class='ocrx_word' id='word_1_176' title='bbox 764 2500 817 2549; x_wconf 89' lang='lat' dir='ltr'><strong>huc</strong></span> <span class='ocrx_word' id='word_1_177' title='bbox 834 2498 994 2551; x_wconf 85' lang='lat' dir='ltr'><strong>rettulerunt</strong></span> <span class='ocrx_word' id='word_1_178' title='bbox 1010 2513 1105 2552; x_wconf 90' lang='lat' dir='ltr'><strong>omnes</strong></span> <span class='ocrx_word' id='word_1_179' title='bbox 1120 2501 1289 2566; x_wconf 89' lang='lat' dir='ltr'><strong>interpretes,</strong></span> 
     </span>
     <span class='ocr_line' id='line_1_22' title="bbox 201 2571 1292 2639; baseline 0.002 -15"><span class='ocrx_word' id='word_1_180' title='bbox 201 2574 248 2634; x_wconf 87' lang='lat' dir='ltr'><strong>cis,</strong></span> <span class='ocrx_word' id='word_1_181' title='bbox 267 2571 376 2637; x_wconf 81' lang='lat' dir='ltr'><strong>limpida</strong></span> <span class='ocrx_word' id='word_1_182' title='bbox 388 2586 420 2624; x_wconf 88' lang='lat' dir='ltr'><strong>ac</strong></span> <span class='ocrx_word' id='word_1_183' title='bbox 431 2571 554 2624; x_wconf 75' lang='lat' dir='ltr'><strong>sdnbris.</strong></span> <span class='ocrx_word' id='word_1_184' title='bbox 570 2574 726 2638; x_wconf 74' lang='lat' dir='ltr'><strong>-reptnaeJ</strong></span> <span class='ocrx_word' id='word_1_185' title='bbox 765 2574 846 2624; x_wconf 80' lang='lat' dir='ltr'><strong>etiam</strong></span> <span class='ocrx_word' id='word_1_186' title='bbox 864 2575 967 2625; x_wconf 84' lang='lat' dir='ltr'><strong>comm.</strong></span> <span class='ocrx_word' id='word_1_187' title='bbox 983 2575 1076 2639; x_wconf 66' lang='lat' dir='ltr'><strong>cruc„</strong></span> <span class='ocrx_word' id='word_1_188' title='bbox 1095 2576 1152 2639; x_wconf 81' lang='lat' dir='ltr'><strong>qui,</strong></span> <span class='ocrx_word' id='word_1_189' title='bbox 1172 2575 1226 2627; x_wconf 72' lang='lat' dir='ltr'><strong>«Ab</strong></span> <span class='ocrx_word' id='word_1_190' title='bbox 1239 2579 1292 2626; x_wconf 77' lang='lat' dir='ltr'><strong>Au-</strong></span> 
     </span>
     <span class='ocr_line' id='line_1_23' title="bbox 202 2646 1293 2713; baseline 0.006 -20"><span class='ocrx_word' id='word_1_191' title='bbox 202 2649 283 2708; x_wconf 62' lang='lat' dir='ltr'><strong>souin</strong></span> <span class='ocrx_word' id='word_1_192' title='bbox 301 2646 351 2698; x_wconf 91' lang='lat' dir='ltr'><strong>illis</strong></span> <span class='ocrx_word' id='word_1_193' title='bbox 369 2647 536 2713; x_wconf 80' lang='lat' dir='ltr'><strong>temporibus</strong></span> <span class='ocrx_word' id='word_1_194' title='bbox 554 2647 642 2699; x_wconf 88' lang='lat' dir='ltr'><strong>adhuc</strong></span> <span class='ocrx_word' id='word_1_195' title='bbox 661 2648 727 2698; x_wconf 83' lang='lat' dir='ltr'><strong>Tur·</strong></span> <span class='ocrx_word' id='word_1_196' title='bbox 763 2649 862 2709; x_wconf 68' lang='lat' dir='ltr'><strong>ionio»</strong></span> <span class='ocrx_word' id='word_1_197' title='bbox 881 2649 978 2712; x_wconf 89' lang='lat' dir='ltr'><strong>inquit,</strong></span> <span class='ocrx_word' id='word_1_198' title='bbox 999 2650 1111 2702; x_wconf 79' lang='lat' dir='ltr'><strong>«missus</strong></span> <span class='ocrx_word' id='word_1_199' title='bbox 1129 2651 1215 2701; x_wconf 84' lang='lat' dir='ltr'><strong>iuerat</strong></span> <span class='ocrx_word' id='word_1_200' title='bbox 1227 2651 1293 2701; x_wconf 84' lang='lat' dir='ltr'><strong>Fon-</strong></span> 
     </span>
     <span class='ocr_line' id='line_1_24' title="bbox 199 2721 1292 2789; baseline 0.004 -17"><span class='ocrx_word' id='word_1_201' title='bbox 199 2723 347 2773; x_wconf 87' lang='lat' dir='ltr'><strong>raciuensis</strong></span> <span class='ocrx_word' id='word_1_202' title='bbox 364 2722 430 2774; x_wconf 91' lang='lat' dir='ltr'><strong>urbs</strong></span> <span class='ocrx_word' id='word_1_203' title='bbox 447 2723 474 2772; x_wconf 93' lang='lat' dir='ltr'><strong>iu</strong></span> <span class='ocrx_word' id='word_1_204' title='bbox 491 2721 617 2774; x_wconf 86' lang='lat' dir='ltr'><strong>altissimo</strong></span> <span class='ocrx_word' id='word_1_205' title='bbox 634 2724 726 2775; x_wconf 89' lang='lat' dir='ltr'><strong>moute</strong></span> <span class='ocrx_word' id='word_1_206' title='bbox 764 2724 833 2773; x_wconf 85' lang='lat' dir='ltr'><strong>tetus</strong></span> <span class='ocrx_word' id='word_1_207' title='bbox 857 2723 950 2787; x_wconf 84' lang='lat' dir='ltr'><strong>Cupito</strong></span> <span class='ocrx_word' id='word_1_208' title='bbox 972 2722 1088 2787; x_wconf 80' lang='lat' dir='ltr'><strong>legatus,</strong></span> <span class='ocrx_word' id='word_1_209' title='bbox 1116 2723 1149 2774; x_wconf 86' lang='lat' dir='ltr'><strong>ab</strong></span> <span class='ocrx_word' id='word_1_210' title='bbox 1173 2727 1292 2789; x_wconf 79' lang='lat' dir='ltr'><strong>Angusto</strong></span> 
     </span>
     <span class='ocr_line' id='line_1_25' title="bbox 200 2795 1290 2862; baseline 0.002 -15"><span class='ocrx_word' id='word_1_211' title='bbox 200 2799 271 2856; x_wconf 80' lang='lat' dir='ltr'><strong>erat,</strong></span> <span class='ocrx_word' id='word_1_212' title='bbox 290 2797 353 2848; x_wconf 88' lang='lat' dir='ltr'><strong>inde</strong></span> <span class='ocrx_word' id='word_1_213' title='bbox 370 2799 465 2861; x_wconf 88' lang='lat' dir='ltr'><strong>postea</strong></span> <span class='ocrx_word' id='word_1_214' title='bbox 483 2798 509 2846; x_wconf 88' lang='lat' dir='ltr'><strong>in</strong></span> <span class='ocrx_word' id='word_1_215' title='bbox 522 2799 678 2862; x_wconf 85' lang='lat' dir='ltr'><strong>aequiorem</strong></span> <span class='ocrx_word' id='word_1_216' title='bbox 690 2795 729 2847; x_wconf 91' lang='lat' dir='ltr'><strong>io·</strong></span> <span class='ocrx_word' id='word_1_217' title='bbox 765 2798 922 2858; x_wconf 78' lang='lat' dir='ltr'><strong>Maecenas,</strong></span> <span class='ocrx_word' id='word_1_218' title='bbox 958 2797 1141 2850; x_wconf 84' lang='lat' dir='ltr'><strong>intercedente</strong></span> <span class='ocrx_word' id='word_1_219' title='bbox 1177 2799 1290 2850; x_wconf 87' lang='lat' dir='ltr'><strong>Cocceio</strong></span> 
     </span>
     <span class='ocr_line' id='line_1_26' title="bbox 200 2869 1289 2937; baseline 0.004 -16"><span class='ocrx_word' id='word_1_220' title='bbox 200 2884 262 2921; x_wconf 91' lang='lat' dir='ltr'><strong>cum</strong></span> <span class='ocrx_word' id='word_1_221' title='bbox 286 2871 407 2935; x_wconf 88' lang='lat' dir='ltr'><strong>deposita</strong></span> <span class='ocrx_word' id='word_1_222' title='bbox 431 2872 485 2932; x_wconf 90' lang='lat' dir='ltr'><strong>est,</strong></span> <span class='ocrx_word' id='word_1_223' title='bbox 513 2874 542 2922; x_wconf 92' lang='lat' dir='ltr'><strong>ut</strong></span> <span class='ocrx_word' id='word_1_224' title='bbox 564 2885 618 2923; x_wconf 91' lang='lat' dir='ltr'><strong>non</strong></span> <span class='ocrx_word' id='word_1_225' title='bbox 640 2869 727 2922; x_wconf 90' lang='lat' dir='ltr'><strong>scium</strong></span> <span class='ocrx_word' id='word_1_226' title='bbox 765 2872 865 2932; x_wconf 81' lang='lat' dir='ltr'><strong>Nerva,</strong></span> <span class='ocrx_word' id='word_1_227' title='bbox 883 2885 984 2936; x_wconf 91' lang='lat' dir='ltr'><strong>proavo</strong></span> <span class='ocrx_word' id='word_1_228' title='bbox 997 2874 1289 2937; x_wconf 82' lang='lat' dir='ltr'><strong>Nervueimperotoris,</strong></span> 
     </span>
     <span class='ocr_line' id='line_1_27' title="bbox 200 2944 1292 3011; baseline 0.003 -16"><span class='ocrx_word' id='word_1_229' title='bbox 200 2945 254 2996; x_wconf 86' lang='lat' dir='ltr'><strong>siut</strong></span> <span class='ocrx_word' id='word_1_230' title='bbox 270 2944 359 2995; x_wconf 87' lang='lat' dir='ltr'><strong>adhuc</strong></span> <span class='ocrx_word' id='word_1_231' title='bbox 378 2946 486 3009; x_wconf 73' lang='lat' dir='ltr'><strong>vestigia</strong></span> <span class='ocrx_word' id='word_1_232' title='bbox 503 2945 686 2997; x_wconf 87' lang='lat' dir='ltr'><strong>uediflciorum</strong></span> <span class='ocrx_word' id='word_1_233' title='bbox 700 2946 727 2995; x_wconf 91' lang='lat' dir='ltr'><strong>in</strong></span> <span class='ocrx_word' id='word_1_234' title='bbox 766 2946 812 3008; x_wconf 88' lang='lat' dir='ltr'><strong>qui</strong></span> <span class='ocrx_word' id='word_1_235' title='bbox 835 2947 863 2995; x_wconf 88' lang='lat' dir='ltr'><strong>et</strong></span> <span class='ocrx_word' id='word_1_236' title='bbox 882 2948 1001 3010; x_wconf 76' lang='lat' dir='ltr'><strong>Augusto</strong></span> <span class='ocrx_word' id='word_1_237' title='bbox 1020 2948 1048 2996; x_wconf 89' lang='lat' dir='ltr'><strong>ct</strong></span> <span class='ocrx_word' id='word_1_238' title='bbox 1066 2948 1180 2998; x_wconf 78' lang='lat' dir='ltr'><strong>Antonio</strong></span> <span class='ocrx_word' id='word_1_239' title='bbox 1202 2951 1292 3011; x_wconf 80' lang='lat' dir='ltr'><strong>gratus</strong></span> 
     </span>
     <span class='ocr_line' id='line_1_28' title="bbox 199 3018 1293 3090; baseline 0.003 -20"><span class='ocrx_word' id='word_1_240' title='bbox 199 3021 291 3070; x_wconf 90' lang='lat' dir='ltr'><strong>monte</strong></span> <span class='ocrx_word' id='word_1_241' title='bbox 303 3018 354 3070; x_wconf 89' lang='lat' dir='ltr'><strong>sed</strong></span> <span class='ocrx_word' id='word_1_242' title='bbox 365 3021 393 3070; x_wconf 89' lang='lat' dir='ltr'><strong>et</strong></span> <span class='ocrx_word' id='word_1_243' title='bbox 404 3032 570 3090; x_wconf 72' lang='lat' dir='ltr'><strong>mpetum.»</strong></span> <span class='ocrx_word' id='word_1_244' title='bbox 588 3022 681 3070; x_wconf 78' lang='lat' dir='ltr'><strong>Poura.</strong></span> <span class='ocrx_word' id='word_1_245' title='bbox 697 3045 724 3056; x_wconf 90' lang='lat'><em>-</em></span> <span class='ocrx_word' id='word_1_246' title='bbox 766 3021 838 3080; x_wconf 88' lang='lat' dir='ltr'><strong>erat,</strong></span> <span class='ocrx_word' id='word_1_247' title='bbox 858 3032 920 3070; x_wconf 89' lang='lat' dir='ltr'><strong>curn</strong></span> <span class='ocrx_word' id='word_1_248' title='bbox 936 3020 1068 3084; x_wconf 55' lang='lat' dir='ltr'><strong>Agrippag</strong></span> <span class='ocrx_word' id='word_1_249' title='bbox 1085 3035 1116 3071; x_wconf 89' lang='lat' dir='ltr'><strong>eu</strong></span> <span class='ocrx_word' id='word_1_250' title='bbox 1128 3023 1219 3073; x_wconf 87' lang='lat' dir='ltr'><strong>autem</strong></span> <span class='ocrx_word' id='word_1_251' title='bbox 1231 3036 1293 3074; x_wconf 91' lang='lat' dir='ltr'><strong>con·</strong></span> 
     </span>
     <span class='ocr_line' id='line_1_29' title="bbox 198 3093 1292 3159; baseline 0.003 -15"><span class='ocrx_word' id='word_1_252' title='bbox 198 3093 299 3159; x_wconf 69' lang='lat' dir='ltr'><strong>Arrun]</strong></span> <span class='ocrx_word' id='word_1_253' title='bbox 317 3107 415 3145; x_wconf 90' lang='lat' dir='ltr'><strong>nomeu</strong></span> <span class='ocrx_word' id='word_1_254' title='bbox 433 3093 559 3148; x_wconf 81' lang='lat' dir='ltr'><strong>Volscum</strong></span> <span class='ocrx_word' id='word_1_255' title='bbox 570 3095 727 3146; x_wconf 80' lang='lat' dir='ltr'><strong>Tarracinae</strong></span> <span class='ocrx_word' id='word_1_256' title='bbox 765 3093 870 3144; x_wconf 89' lang='lat' dir='ltr'><strong>dicione</strong></span> <span class='ocrx_word' id='word_1_257' title='bbox 888 3097 1069 3144; x_wconf 87' lang='lat' dir='ltr'><strong>couvenerant</strong></span> <span class='ocrx_word' id='word_1_258' title='bbox 1091 3093 1181 3158; x_wconf 79' lang='lat' dir='ltr'><strong>iegati,</strong></span> <span class='ocrx_word' id='word_1_259' title='bbox 1209 3096 1292 3147; x_wconf 78' lang='lat' dir='ltr'><strong>utde</strong></span> 
     </span>
     <span class='ocr_line' id='line_1_30' title="bbox 201 3168 1293 3232; baseline -0.001 -12"><span class='ocrx_word' id='word_1_260' title='bbox 201 3169 289 3229; x_wconf 82' lang='lat' dir='ltr'><strong>(hodie</strong></span> <span class='ocrx_word' id='word_1_261' title='bbox 311 3168 458 3232; x_wconf 71' lang='lat' dir='ltr'><strong>Ter-ruciaco)</strong></span> <span class='ocrx_word' id='word_1_262' title='bbox 479 3169 514 3219; x_wconf 90' lang='lat' dir='ltr'><strong>ad</strong></span> <span class='ocrx_word' id='word_1_263' title='bbox 531 3170 628 3220; x_wconf 89' lang='lat' dir='ltr'><strong>ostium</strong></span> <span class='ocrx_word' id='word_1_264' title='bbox 649 3169 728 3222; x_wconf 86' lang='lat' dir='ltr'><strong>Uien·</strong></span> <span class='ocrx_word' id='word_1_265' title='bbox 765 3179 871 3218; x_wconf 89' lang='lat' dir='ltr'><strong>summu</strong></span> <span class='ocrx_word' id='word_1_266' title='bbox 889 3179 982 3217; x_wconf 90' lang='lat' dir='ltr'><strong>rerum</strong></span> <span class='ocrx_word' id='word_1_267' title='bbox 999 3169 1144 3218; x_wconf 88' lang='lat' dir='ltr'><strong>tractarent</strong></span> <span class='ocrx_word' id='word_1_268' title='bbox 1161 3172 1293 3219; x_wconf 81' lang='lat' dir='ltr'><strong>exortem·</strong></span> 
     </span>
     <span class='ocr_line' id='line_1_31' title="bbox 199 3239 1292 3306; baseline 0 -12"><span class='ocrx_word' id='word_1_269' title='bbox 199 3245 242 3294; x_wconf 83' lang='lat' dir='ltr'><strong>tis.</strong></span> <span class='ocrx_word' id='word_1_270' title='bbox 273 3244 370 3294; x_wconf 83' lang='lat' dir='ltr'><strong>Statius</strong></span> <span class='ocrx_word' id='word_1_271' title='bbox 387 3243 449 3294; x_wconf 86' lang='lat' dir='ltr'><strong>Siiv.</strong></span> <span class='ocrx_word' id='word_1_272' title='bbox 468 3245 497 3306; x_wconf 93' lang='grc'><strong>4,</strong></span> <span class='ocrx_word' id='word_1_273' title='bbox 520 3243 549 3306; x_wconf 84' lang='grc'><strong>3,</strong></span> <span class='ocrx_word' id='word_1_274' title='bbox 571 3245 616 3295; x_wconf 81' lang='lat'><strong>86:</strong></span> <span class='ocrx_word' id='word_1_275' title='bbox 642 3258 728 3295; x_wconf 82' lang='lat' dir='ltr'><strong>orces·</strong></span> <span class='ocrx_word' id='word_1_276' title='bbox 766 3255 818 3305; x_wconf 90' lang='lat' dir='ltr'><strong>que</strong></span> <span class='ocrx_word' id='word_1_277' title='bbox 841 3239 1036 3292; x_wconf 85' lang='lat' dir='ltr'><strong>dissensionem</strong></span> <span class='ocrx_word' id='word_1_278' title='bbox 1060 3243 1130 3292; x_wconf 90' lang='lat' dir='ltr'><strong>iuter</strong></span> <span class='ocrx_word' id='word_1_279' title='bbox 1151 3243 1220 3294; x_wconf 88' lang='lat' dir='ltr'><strong>duos</strong></span> <span class='ocrx_word' id='word_1_280' title='bbox 1243 3244 1292 3295; x_wconf 87' lang='lat' dir='ltr'><strong>hos</strong></span> 
     </span>
     <span class='ocr_line' id='line_1_32' title="bbox 199 3317 1294 3382; baseline 0 -13"><span class='ocrx_word' id='word_1_281' title='bbox 199 3333 248 3382; x_wconf 81' lang='lat' dir='ltr'><strong>que</strong></span> <span class='ocrx_word' id='word_1_282' title='bbox 263 3319 386 3382; x_wconf 70' lang='lat' dir='ltr'><strong>saperem</strong></span> <span class='ocrx_word' id='word_1_283' title='bbox 402 3319 523 3370; x_wconf 53' lang='lat' dir='ltr'><strong>Aucus.</strong></span> <span class='ocrx_word' id='word_1_284' title='bbox 560 3318 726 3382; x_wconf 80' lang='lat' dir='ltr'><strong>Martialisd,</strong></span> <span class='ocrx_word' id='word_1_285' title='bbox 766 3317 940 3382; x_wconf 87' lang='lat' dir='ltr'><strong>imperatores</strong></span> <span class='ocrx_word' id='word_1_286' title='bbox 954 3321 1161 3380; x_wconf 87' lang='lat' dir='ltr'><strong>componerent,</strong></span> <span class='ocrx_word' id='word_1_287' title='bbox 1180 3317 1253 3381; x_wconf 89' lang='lat' dir='ltr'><strong>quod</strong></span> <span class='ocrx_word' id='word_1_288' title='bbox 1267 3321 1294 3369; x_wconf 92' lang='lat' dir='ltr'><strong>et</strong></span> 
     </span>
     <span class='ocr_line' id='line_1_33' title="bbox 200 3390 1293 3456; baseline -0.001 -12"><span class='ocrx_word' id='word_1_289' title='bbox 200 3391 246 3456; x_wconf 74' lang='grc'><strong>42,</strong></span> <span class='ocrx_word' id='word_1_290' title='bbox 267 3393 296 3444; x_wconf 87' lang='lat'><strong>6:</strong></span> <span class='ocrx_word' id='word_1_291' title='bbox 315 3394 434 3456; x_wconf 75' lang='lat' dir='ltr'><strong>mpcrbrtt</strong></span> <span class='ocrx_word' id='word_1_292' title='bbox 444 3395 543 3444; x_wconf 73' lang='lat' dir='ltr'><strong>damur.</strong></span> <span class='ocrx_word' id='word_1_293' title='bbox 573 3395 616 3444; x_wconf 90' lang='lat' dir='ltr'><strong>Sic</strong></span> <span class='ocrx_word' id='word_1_294' title='bbox 627 3395 728 3445; x_wconf 73' lang='lat' dir='ltr'><strong>Felsina</strong></span> <span class='ocrx_word' id='word_1_295' title='bbox 766 3390 888 3442; x_wconf 86' lang='lat' dir='ltr'><strong>iecerunt</strong></span> <span class='ocrx_word' id='word_1_296' title='bbox 917 3391 944 3440; x_wconf 91' lang='lat' dir='ltr'><strong>et</strong></span> <span class='ocrx_word' id='word_1_297' title='bbox 970 3391 1115 3456; x_wconf 86' lang='lat' dir='ltr'><strong>utrumque</strong></span> <span class='ocrx_word' id='word_1_298' title='bbox 1144 3393 1293 3445; x_wconf 82' lang='lat' dir='ltr'><strong>exercitum</strong></span> 
     </span>
     <span class='ocr_line' id='line_1_34' title="bbox 200 3465 1293 3520; baseline -0.001 -2"><span class='ocrx_word' id='word_1_299' title='bbox 200 3469 345 3518; x_wconf 85' lang='lat' dir='ltr'><strong>Etruscum</strong></span> <span class='ocrx_word' id='word_1_300' title='bbox 372 3469 506 3518; x_wconf 88' lang='lat' dir='ltr'><strong>Bononiae</strong></span> <span class='ocrx_word' id='word_1_301' title='bbox 533 3482 633 3520; x_wconf 90' lang='lat' dir='ltr'><strong>nomen</strong></span> <span class='ocrx_word' id='word_1_302' title='bbox 661 3471 726 3520; x_wconf 87' lang='lat' dir='ltr'><strong>erat.</strong></span> <span class='ocrx_word' id='word_1_303' title='bbox 766 3465 838 3517; x_wconf 79' lang='lat' dir='ltr'><strong>iuxta</strong></span> <span class='ocrx_word' id='word_1_304' title='bbox 866 3465 1038 3517; x_wconf 82' lang='lat' dir='ltr'><strong>Brundisium</strong></span> <span class='ocrx_word' id='word_1_305' title='bbox 1066 3467 1093 3517; x_wconf 93' lang='lat' dir='ltr'><strong>iu</strong></span> <span class='ocrx_word' id='word_1_306' title='bbox 1120 3479 1173 3517; x_wconf 87' lang='lat' dir='ltr'><strong>uua</strong></span> <span class='ocrx_word' id='word_1_307' title='bbox 1206 3469 1293 3518; x_wconf 88' lang='lat' dir='ltr'><strong>cestra</strong></span> 
     </span>
     <span class='ocr_line' id='line_1_35' title="bbox 200 3541 1295 3607; baseline -0.001 -14"><span class='ocrx_word' id='word_1_308' title='bbox 200 3545 221 3593; x_wconf 84' lang='grc' dir='ltr'><strong>Α</strong></span> <span class='ocrx_word' id='word_1_309' title='bbox 246 3543 313 3592; x_wconf 76' lang='lat' dir='ltr'><strong>Foro</strong></span> <span class='ocrx_word' id='word_1_310' title='bbox 338 3542 414 3607; x_wconf 76' lang='lat' dir='ltr'><strong>Appii</strong></span> <span class='ocrx_word' id='word_1_311' title='bbox 443 3544 584 3594; x_wconf 84' lang='lat' dir='ltr'><strong>Tarracina</strong></span> <span class='ocrx_word' id='word_1_312' title='bbox 612 3543 729 3595; x_wconf 85' lang='lat' dir='ltr'><strong>distabat</strong></span> <span class='ocrx_word' id='word_1_313' title='bbox 767 3554 829 3592; x_wconf 90' lang='lat' dir='ltr'><strong>cum</strong></span> <span class='ocrx_word' id='word_1_314' title='bbox 846 3555 942 3606; x_wconf 81' lang='lat' dir='ltr'><strong>magua</strong></span> <span class='ocrx_word' id='word_1_315' title='bbox 964 3541 1062 3592; x_wconf 87' lang='lat' dir='ltr'><strong>laetitia</strong></span> <span class='ocrx_word' id='word_1_316' title='bbox 1079 3545 1237 3606; x_wconf 76' lang='lat' dir='ltr'><strong>coegerunt,</strong></span> <span class='ocrx_word' id='word_1_317' title='bbox 1264 3544 1295 3593; x_wconf 92' lang='lat' dir='ltr'><strong>ut</strong></span> 
     </span>
     <span class='ocr_line' id='line_1_36' title="bbox 199 3615 1293 3682; baseline 0.001 -16"><span class='ocrx_word' id='word_1_318' title='bbox 199 3616 253 3666; x_wconf 79' lang='lat' dir='ltr'><strong>XX.</strong></span> <span class='ocrx_word' id='word_1_319' title='bbox 274 3615 345 3667; x_wconf 84' lang='lat' dir='ltr'><strong>mitia</strong></span> <span class='ocrx_word' id='word_1_320' title='bbox 363 3631 501 3682; x_wconf 83' lang='lat' dir='ltr'><strong>passuum.</strong></span> <span class='ocrx_word' id='word_1_321' title='bbox 522 3643 549 3655; x_wconf 91' lang='lat'><em>-</em></span> <span class='ocrx_word' id='word_1_322' title='bbox 567 3619 729 3669; x_wconf 79' lang='lat' dir='ltr'><strong>rucis-ccc·</strong></span> <span class='ocrx_word' id='word_1_323' title='bbox 766 3616 848 3667; x_wconf 87' lang='lat' dir='ltr'><strong>reiert</strong></span> <span class='ocrx_word' id='word_1_324' title='bbox 859 3616 948 3667; x_wconf 88' lang='lat' dir='ltr'><strong>Livius</strong></span> <span class='ocrx_word' id='word_1_325' title='bbox 957 3615 1014 3666; x_wconf 87' lang='lat' dir='ltr'><strong>Lib.</strong></span> <span class='ocrx_word' id='word_1_326' title='bbox 1026 3617 1100 3667; x_wconf 77' lang='lat' dir='ltr'><strong>iti.»</strong></span> <span class='ocrx_word' id='word_1_327' title='bbox 1113 3617 1214 3666; x_wconf 91' lang='lat' dir='ltr'><strong>Verum</strong></span> <span class='ocrx_word' id='word_1_328' title='bbox 1225 3617 1293 3667; x_wconf 85' lang='lat' dir='ltr'><strong>haec</strong></span> 
     </span>
     <span class='ocr_line' id='line_1_37' title="bbox 200 3689 1292 3758; baseline 0.001 -17"><span class='ocrx_word' id='word_1_329' title='bbox 200 3691 320 3757; x_wconf 65' lang='lat' dir='ltr'><strong>desumo]</strong></span> <span class='ocrx_word' id='word_1_330' title='bbox 337 3692 414 3743; x_wconf 76' lang='lat' dir='ltr'><strong>Mons</strong></span> <span class='ocrx_word' id='word_1_331' title='bbox 431 3689 488 3755; x_wconf 88' lang='lat' dir='ltr'><strong>ilie,</strong></span> <span class='ocrx_word' id='word_1_332' title='bbox 512 3693 539 3744; x_wconf 92' lang='lat' dir='ltr'><strong>in</strong></span> <span class='ocrx_word' id='word_1_333' title='bbox 556 3705 610 3758; x_wconf 90' lang='lat' dir='ltr'><strong>quo</strong></span> <span class='ocrx_word' id='word_1_334' title='bbox 632 3693 729 3743; x_wconf 84' lang='lat' dir='ltr'><strong>Tarra-</strong></span> <span class='ocrx_word' id='word_1_335' title='bbox 766 3690 919 3741; x_wconf 87' lang='lat' dir='ltr'><strong>reieruntur</strong></span> <span class='ocrx_word' id='word_1_336' title='bbox 936 3689 970 3741; x_wconf 91' lang='lat' dir='ltr'><strong>ad</strong></span> <span class='ocrx_word' id='word_1_337' title='bbox 993 3690 1087 3741; x_wconf 86' lang='lat' dir='ltr'><strong>ioedus</strong></span> <span class='ocrx_word' id='word_1_338' title='bbox 1104 3690 1292 3742; x_wconf 89' lang='lat' dir='ltr'><strong>Brundisinum</strong></span> 
     </span>
     <span class='ocr_line' id='line_1_38' title="bbox 200 3763 1295 3829; baseline 0 -14"><span class='ocrx_word' id='word_1_339' title='bbox 200 3767 259 3817; x_wconf 88' lang='lat' dir='ltr'><strong>cina</strong></span> <span class='ocrx_word' id='word_1_340' title='bbox 277 3767 421 3817; x_wconf 88' lang='lat' dir='ltr'><strong>constituta</strong></span> <span class='ocrx_word' id='word_1_341' title='bbox 438 3771 510 3829; x_wconf 88' lang='lat' dir='ltr'><strong>eret,</strong></span> <span class='ocrx_word' id='word_1_342' title='bbox 536 3780 589 3819; x_wconf 88' lang='lat' dir='ltr'><strong>non</strong></span> <span class='ocrx_word' id='word_1_343' title='bbox 613 3767 727 3818; x_wconf 83' lang='lat' dir='ltr'><strong>candidu</strong></span> <span class='ocrx_word' id='word_1_344' title='bbox 766 3779 789 3814; x_wconf 81' lang='lat' dir='ltr'><strong>a.</strong></span> <span class='ocrx_word' id='word_1_345' title='bbox 814 3779 840 3815; x_wconf 89' lang='lat' dir='ltr'><strong>u.</strong></span> <span class='ocrx_word' id='word_1_346' title='bbox 863 3778 886 3816; x_wconf 89' lang='lat' dir='ltr'><strong>c.</strong></span> <span class='ocrx_word' id='word_1_347' title='bbox 910 3763 979 3827; x_wconf 73' lang='lat' dir='ltr'><strong>rit,</strong></span> <span class='ocrx_word' id='word_1_348' title='bbox 1004 3778 1057 3828; x_wconf 90' lang='lat' dir='ltr'><strong>quo</strong></span> <span class='ocrx_word' id='word_1_349' title='bbox 1079 3765 1173 3814; x_wconf 73' lang='lat' dir='ltr'><strong>mnicos</strong></span> <span class='ocrx_word' id='word_1_350' title='bbox 1194 3778 1295 3815; x_wconf 69' lang='lat' dir='ltr'><strong>avoros</strong></span> 
     </span>
     <span class='ocr_line' id='line_1_39' title="bbox 200 3837 1294 3906; baseline -0.001 -16"><span class='ocrx_word' id='word_1_351' title='bbox 200 3853 263 3890; x_wconf 83' lang='lat' dir='ltr'><strong>saro</strong></span> <span class='ocrx_word' id='word_1_352' title='bbox 285 3839 380 3903; x_wconf 85' lang='lat' dir='ltr'><strong>habet,</strong></span> <span class='ocrx_word' id='word_1_353' title='bbox 408 3841 458 3893; x_wconf 88' lang='lat' dir='ltr'><strong>sed</strong></span> <span class='ocrx_word' id='word_1_354' title='bbox 481 3841 547 3893; x_wconf 89' lang='lat' dir='ltr'><strong>calci</strong></span> <span class='ocrx_word' id='word_1_355' title='bbox 571 3841 727 3906; x_wconf 85' lang='lat' dir='ltr'><strong>coquendae</strong></span> <span class='ocrx_word' id='word_1_356' title='bbox 767 3839 888 3903; x_wconf 79' lang='lat' dir='ltr'><strong>(aiterum</strong></span> <span class='ocrx_word' id='word_1_357' title='bbox 905 3837 940 3889; x_wconf 87' lang='lat' dir='ltr'><strong>ab</strong></span> <span class='ocrx_word' id='word_1_358' title='bbox 958 3837 1042 3889; x_wconf 87' lang='lat' dir='ltr'><strong>attero</strong></span> <span class='ocrx_word' id='word_1_359' title='bbox 1064 3837 1216 3901; x_wconf 83' lang='lat' dir='ltr'><strong>alienatum)</strong></span> <span class='ocrx_word' id='word_1_360' title='bbox 1237 3841 1294 3904; x_wconf 87' lang='lat' dir='ltr'><strong>pri-</strong></span> 
     </span>
     <span class='ocr_line' id='line_1_40' title="bbox 199 3915 1295 3980; baseline -0.001 -15"><span class='ocrx_word' id='word_1_361' title='bbox 199 3915 351 3978; x_wconf 58' lang='lat' dir='ltr'><strong>aptissima</strong></span> <span class='ocrx_word' id='word_1_362' title='bbox 385 3929 450 3980; x_wconf 78' lang='lat' dir='ltr'><strong>erge</strong></span> <span class='ocrx_word' id='word_1_363' title='bbox 478 3929 494 3966; x_wconf 90' lang='lat' dir='ltr'><strong>a</strong></span> <span class='ocrx_word' id='word_1_364' title='bbox 522 3915 595 3968; x_wconf 90' lang='lat' dir='ltr'><strong>caicc</strong></span> <span class='ocrx_word' id='word_1_365' title='bbox 622 3916 729 3967; x_wconf 89' lang='lat' dir='ltr'><strong>videtur</strong></span> <span class='ocrx_word' id='word_1_366' title='bbox 766 3927 841 3965; x_wconf 89' lang='lat' dir='ltr'><strong>mum</strong></span> <span class='ocrx_word' id='word_1_367' title='bbox 858 3916 1077 3978; x_wconf 86' lang='lat' dir='ltr'><strong>composuerant,</strong></span> <span class='ocrx_word' id='word_1_368' title='bbox 1096 3916 1218 3964; x_wconf 85' lang='lat' dir='ltr'><strong>mutuam</strong></span> <span class='ocrx_word' id='word_1_369' title='bbox 1236 3927 1295 3978; x_wconf 85' lang='lat' dir='ltr'><strong>gra-</strong></span> 
     </span>
     <span class='ocr_line' id='line_1_41' title="bbox 199 3985 1295 4054; baseline 0.001 -15"><span class='ocrx_word' id='word_1_370' title='bbox 199 3989 314 4041; x_wconf 85' lang='lat' dir='ltr'><strong>cendida</strong></span> <span class='ocrx_word' id='word_1_371' title='bbox 331 3990 456 4042; x_wconf 74' lang='lat' dir='ltr'><strong>dixisse.»</strong></span> <span class='ocrx_word' id='word_1_372' title='bbox 479 3992 508 4054; x_wconf 83' lang='grc'><strong>(4)</strong></span> <span class='ocrx_word' id='word_1_373' title='bbox 530 3994 622 4042; x_wconf 80' lang='lat' dir='ltr'><strong>Poura.</strong></span> <span class='ocrx_word' id='word_1_374' title='bbox 642 3991 727 4041; x_wconf 88' lang='lat' dir='ltr'><strong>Etiam</strong></span> <span class='ocrx_word' id='word_1_375' title='bbox 766 3989 830 4039; x_wconf 88' lang='lat' dir='ltr'><strong>tiam</strong></span> <span class='ocrx_word' id='word_1_376' title='bbox 848 3989 917 4039; x_wconf 90' lang='lat' dir='ltr'><strong>inter</strong></span> <span class='ocrx_word' id='word_1_377' title='bbox 934 4001 981 4040; x_wconf 88' lang='lat' dir='ltr'><strong>eos</strong></span> <span class='ocrx_word' id='word_1_378' title='bbox 1002 3985 1214 4039; x_wconf 79' lang='lat' dir='ltr'><strong>reconciliarent.</strong></span> <span class='ocrx_word' id='word_1_379' title='bbox 1245 3990 1295 4040; x_wconf 88' lang='lat' dir='ltr'><strong>Ce-</strong></span> 
     </span>
     <span class='ocr_line' id='line_1_42' title="bbox 199 4062 1293 4127; baseline -0.001 -13"><span class='ocrx_word' id='word_1_380' title='bbox 199 4063 309 4116; x_wconf 79' lang='lat' dir='ltr'><strong>Mnrtiul.</strong></span> <span class='ocrx_word' id='word_1_381' title='bbox 329 4067 359 4126; x_wconf 79' lang='lat' dir='ltr'><strong>d,</strong></span> <span class='ocrx_word' id='word_1_382' title='bbox 384 4067 412 4114; x_wconf 83' lang='lat' dir='ltr'><strong>t:</strong></span> <span class='ocrx_word' id='word_1_383' title='bbox 439 4067 561 4118; x_wconf 72' lang='lat' dir='ltr'><strong>condidus</strong></span> <span class='ocrx_word' id='word_1_384' title='bbox 576 4066 675 4116; x_wconf 72' lang='lat' dir='ltr'><strong>amr.</strong></span> <span class='ocrx_word' id='word_1_385' title='bbox 697 4091 725 4102; x_wconf 88' lang='lat'>-</span> <span class='ocrx_word' id='word_1_386' title='bbox 766 4065 854 4113; x_wconf 87' lang='lat' dir='ltr'><strong>terum</strong></span> <span class='ocrx_word' id='word_1_387' title='bbox 880 4064 960 4113; x_wconf 83' lang='lat' dir='ltr'><strong>etiam</strong></span> <span class='ocrx_word' id='word_1_388' title='bbox 988 4065 1050 4127; x_wconf 91' lang='lat' dir='ltr'><strong>post</strong></span> <span class='ocrx_word' id='word_1_389' title='bbox 1075 4062 1216 4113; x_wconf 90' lang='lat' dir='ltr'><strong>Bicndium</strong></span> <span class='ocrx_word' id='word_1_390' title='bbox 1245 4077 1293 4126; x_wconf 92' lang='lat' dir='ltr'><strong>pro</strong></span> 
     </span>
     <span class='ocr_line' id='line_1_43' title="bbox 200 4137 1293 4204; baseline -0.002 -15"><span class='ocrx_word' id='word_1_391' title='bbox 200 4137 726 4204; x_wconf 69' lang='lat' dir='ltr'><strong>CoccettsJBiondiiflirsertas.deit&#39;riced.</strong></span> <span class='ocrx_word' id='word_1_392' title='bbox 766 4138 865 4188; x_wconf 85' lang='lat' dir='ltr'><strong>Horatii</strong></span> <span class='ocrx_word' id='word_1_393' title='bbox 881 4139 995 4189; x_wconf 89' lang='lat' dir='ltr'><strong>Cocceio</strong></span> <span class='ocrx_word' id='word_1_394' title='bbox 1012 4137 1095 4189; x_wconf 87' lang='lat' dir='ltr'><strong>habet</strong></span> <span class='ocrx_word' id='word_1_395' title='bbox 1106 4139 1225 4190; x_wconf 80' lang='lat' dir='ltr'><strong>Marcum</strong></span> <span class='ocrx_word' id='word_1_396' title='bbox 1237 4138 1293 4188; x_wconf 81' lang='lat' dir='ltr'><strong>iiic-</strong></span> 
     </span>
     <span class='ocr_line' id='line_1_44' title="bbox 199 4213 1291 4280; baseline -0.002 -17"><span class='ocrx_word' id='word_1_397' title='bbox 199 4214 268 4264; x_wconf 80' lang='lat' dir='ltr'><strong>rom.</strong></span> <span class='ocrx_word' id='word_1_398' title='bbox 287 4213 428 4265; x_wconf 78' lang='lat' dir='ltr'><strong>d&#39;Arcteot.</strong></span> <span class='ocrx_word' id='word_1_399' title='bbox 446 4214 475 4264; x_wconf 85' lang='grc'><strong>’4,</strong></span> <span class='ocrx_word' id='word_1_400' title='bbox 494 4215 536 4265; x_wconf 86' lang='lat' dir='ltr'><strong>Vi.</strong></span> <span class='ocrx_word' id='word_1_401' title='bbox 555 4229 581 4280; x_wconf 94' lang='lat' dir='ltr'><strong>p.</strong></span> <span class='ocrx_word' id='word_1_402' title='bbox 601 4215 669 4277; x_wconf 78' lang='lat'><strong>286.)</strong></span> <span class='ocrx_word' id='word_1_403' title='bbox 693 4214 726 4266; x_wconf 88' lang='lat' dir='ltr'><strong>de</strong></span> <span class='ocrx_word' id='word_1_404' title='bbox 766 4215 808 4263; x_wconf 89' lang='lat' dir='ltr'><strong>cio</strong></span> <span class='ocrx_word' id='word_1_405' title='bbox 824 4215 860 4263; x_wconf 83' lang='grc' dir='ltr'><strong>Μ.</strong></span> <span class='ocrx_word' id='word_1_406' title='bbox 872 4213 901 4262; x_wconf 80' lang='lat' dir='ltr'><strong>F.</strong></span> <span class='ocrx_word' id='word_1_407' title='bbox 915 4215 943 4263; x_wconf 87' lang='lat' dir='ltr'><strong>o.</strong></span> <span class='ocrx_word' id='word_1_408' title='bbox 962 4226 989 4277; x_wconf 90' lang='lat' dir='ltr'><strong>p.</strong></span> <span class='ocrx_word' id='word_1_409' title='bbox 1008 4214 1049 4263; x_wconf 80' lang='lat' dir='ltr'><strong>et.</strong></span> <span class='ocrx_word' id='word_1_410' title='bbox 1069 4215 1094 4262; x_wconf 91' lang='lat' dir='ltr'><strong>in</strong></span> <span class='ocrx_word' id='word_1_411' title='bbox 1113 4226 1235 4264; x_wconf 87' lang='lat' dir='ltr'><strong>nummo:</strong></span> <span class='ocrx_word' id='word_1_412' title='bbox 1255 4215 1291 4262; x_wconf 81' lang='lat' dir='ltr'><strong>u.</strong></span> 
     </span>
     <span class='ocr_line' id='line_1_45' title="bbox 199 4287 1289 4354; baseline -0.004 -14"><span class='ocrx_word' id='word_1_413' title='bbox 199 4290 227 4340; x_wconf 88' lang='lat' dir='ltr'><strong>L.</strong></span> <span class='ocrx_word' id='word_1_414' title='bbox 246 4290 361 4342; x_wconf 88' lang='lat' dir='ltr'><strong>Cocceio</strong></span> <span class='ocrx_word' id='word_1_415' title='bbox 379 4291 482 4354; x_wconf 84' lang='lat' dir='ltr'><strong>Nerva,</strong></span> <span class='ocrx_word' id='word_1_416' title='bbox 501 4303 556 4341; x_wconf 87' lang='lat' dir='ltr'><strong>cos.</strong></span> <span class='ocrx_word' id='word_1_417' title='bbox 576 4289 689 4342; x_wconf 75' lang='lat' dir='ltr'><strong>suffecto</strong></span> <span class='ocrx_word' id='word_1_418' title='bbox 701 4303 725 4340; x_wconf 85' lang='lat' dir='ltr'><strong>a.</strong></span> <span class='ocrx_word' id='word_1_419' title='bbox 764 4289 836 4340; x_wconf 80' lang='lat' dir='ltr'><strong>ANT.</strong></span> <span class='ocrx_word' id='word_1_420' title='bbox 855 4289 921 4340; x_wconf 79' lang='lat' dir='ltr'><strong>tttP.</strong></span> <span class='ocrx_word' id='word_1_421' title='bbox 938 4288 1012 4339; x_wconf 79' lang='lat' dir='ltr'><strong>AVG.</strong></span> <span class='ocrx_word' id='word_1_422' title='bbox 1031 4289 1073 4338; x_wconf 82' lang='lat'><strong>111.</strong></span> <span class='ocrx_word' id='word_1_423' title='bbox 1096 4287 1154 4340; x_wconf 76' lang='lat' dir='ltr'><strong>tre.</strong></span> <span class='ocrx_word' id='word_1_424' title='bbox 1177 4289 1205 4338; x_wconf 84' lang='grc'><strong>44.</strong></span> <span class='ocrx_word' id='word_1_425' title='bbox 1220 4287 1247 4338; x_wconf 85' lang='grc' dir='ltr'><strong>Ρ.</strong></span> <span class='ocrx_word' id='word_1_426' title='bbox 1262 4287 1289 4336; x_wconf 85' lang='lat' dir='ltr'><strong>C.</strong></span> 
     </span>
    </p>
   </div>
   <div class='ocr_carea' id='block_1_5' title="bbox 0 0 1546 4968">
    <p class='ocr_par' dir='ltr' id='par_1_10' title="bbox 0 0 1546 4968">
     <span class='ocr_line' id='line_1_46' title="bbox 0 0 1546 4968; baseline 0 0"><span class='ocrx_word' id='word_1_427' title='bbox 0 0 1546 4968; x_wconf 95' lang='lat' dir='ltr'><strong> </strong></span> 
     </span>
    </p>
   </div>
  </div>
 </body>
</html>
