3178 4972
628 453 686 502 mo.
706 453 726 501 r.
762 451 860 502 sersr.
879 451 921 502 rr.
1257 447 1313 512 llll

274 609 412 676 Strenua
434 627 494 673 nos
515 600 647 674 exercet
668 607 798 687 inertia;
821 607 957 674 navibus
978 616 1075 696 atque

274 728 447 816 Quadrigis
470 730 609 816 petimus
631 729 716 797 bene
738 730 857 796 vivere.
895 729 992 810 Quod
1005 730 1103 817 petis,
1126 728 1178 797 hle
1193 741 1257 808 eet,

273 851 328 917 list
350 849 494 928 Ulubris,
518 851 643 918 animus
666 852 694 918 si
714 861 747 919 te
770 871 834 918 uon
857 849 966 919 delicit
988 871 1124 940 aequus.
1277 853 1318 918 30

232 1106 290 1156 ratii
307 1107 535 1158 tamenamioum.
566 1107 693 1158 Celemm
708 1107 755 1157 eir.
792 1108 872 1158 siluro
888 1107 963 1158 eolus
999 1105 1067 1157 llud.
1084 1107 1114 1168 ἰ,
1132 1105 1162 1168 ³,
1179 1107 1224 1156 lt:
1250 1107 1319 1171 Erpo

232 1180 315 1231 Plaut.
334 1179 536 1242 lul.2‚2‚tlt:
555 1183 757 1246 Pot,eterloni·
793 1183 893 1233 uelim
914 1195 1010 1245 uepooa
1037 1183 1157 1244 optem
1181 1186 1217 1234 ert
1240 1194 1319 1233 eenr-

232 1269 288 1306 mor
308 1269 415 1318 omum,
444 1258 506 1308 rutis
524 1257 612 1318 tobes,
639 1256 756 1320 pulbere
791 1258 1073 1309 mnoeoooriimootreu.

593 1471 967 1547 excussus

283 1585 417 1647 Quantum
441 1585 515 1650 potui
539 1583 636 1636 leuiter
658 1585 693 1636 (le
717 1583 820 1636 Bullatii
840 1583 929 1635 indole
951 1583 1121 1636 semoribus
1138 1585 1266 1648 iudicavi,
1291 1587 1322 1636 ut

232 1671 345 1720 silerem
369 1669 464 1720 villum
488 1667 552 1720 illud
575 1667 721 1721 multorum
742 1669 923 1733 Interpretum
944 1669 1104 1732 praesertim
1126 1669 1319 1730 recentiorum,

233 1768 288 1818 quo
309 1755 409 1804 caecati
433 1766 518 1818 prope
536 1766 630 1804 omues
647 1753 746 1804 lloratil
764 1753 878 1814 amicos,
905 1751 1002 1818 quibus
1019 1749 1144 1816 epistolas
1161 1753 1245 1812 misit,
1271 1767 1322 1803 uo-

233 1839 275 1891 bis
301 1837 458 1889 describunt
482 1840 512 1888 ut
535 1837 658 1888 homiues
684 1837 824 1901 corruptos
848 1848 882 1886 ao
906 1835 1040 1900 perditos,
1066 1837 1230 1900 quasivero
1253 1837 1322 1886 inter

234 1921 336 1974 Romuli
360 1921 464 1972 lseoem
488 1921 591 1971 versari
612 1919 654 1972 ille
672 1917 765 1972 solitus
782 1919 883 1972 luisset.
919 1921 1100 1983 Quamquam,
1127 1919 1190 1983 quid
1209 1921 1261 1970 dlxi
1277 1933 1321 1970 re-

232 2007 392 2057 centiorum?
426 2009 494 2057 Nam
518 2007 644 2069 pervetus
672 2004 739 2054 haee
762 2005 804 2054 set
820 2001 1027 2054 scholiastes-um
1044 2007 1216 2067 perversitas.
1252 2005 1321 2056 Eoos

234 2092 306 2142 enlm
331 2092 464 2153 interpres
489 2089 698 2152 Rheuauglensis
723 2086 839 2138 ineditus
864 2085 950 2138 Seouli
971 2088 1044 2139 xil:
1072 2089 1164 2140 «Hauc
1182 2086 1322 2154 epistolam

233 2173 327 2226 scribit
342 2172 377 2222 ad
395 2171 530 2237 quendam
547 2171 716 2235 girovagum,
735 2172 843 2221 nomine
860 2168 1015 2232 Bullatium,
1034 2173 1080 2234 qui
1098 2171 1163 2222 dum
1181 2173 1254 2222 esset
1270 2172 1322 2221 lio-

233 2271 294 2308 mao
312 2258 339 2306 et
355 2254 451 2306 malem
468 2256 551 2306 vitam
568 2255 693 2318 duceret,
719 2254 779 2306 loco
795 2255 823 2306 id
840 2255 980 2320 imputavit
996 2257 1024 2306 et
1040 2255 1145 2307 diversa
1163 2255 1220 2306 loco
1238 2255 1321 2322 pellit,

234 2341 257 2392 si
282 2353 363 2404 quem
388 2340 520 2390 inveniret
544 2343 636 2404 aptum
660 2339 756 2391 beatae
782 2341 810 2390 et
834 2339 963 2390 honestae
987 2340 1075 2398 vitae;
1102 2339 1150 2390 sed
1168 2337 1321 2402 ubicunque

233 2424 353 2475 locurum
371 2423 431 2484 luit,
449 2436 503 2474 nou
520 2421 615 2474 melius
631 2423 721 2474 vixit.»
754 2421 831 2473 idem
847 2422 881 2472 ad
898 2421 1042 2487 Epistulam
1059 2423 1120 2474 lV.:
1155 2425 1244 2474 «Hunc
1261 2423 1323 2488 Epi-

233 2507 329 2560 stulam
353 2507 416 2558 lacit
440 2505 531 2568 sisto,
558 2508 646 2558 emico
667 2521 732 2570 suo,
759 2509 785 2558 ln
811 2521 864 2572 qua
880 2509 987 2559 instruit
1004 2520 1066 2558 eum
1084 2507 1118 2558 ad
1136 2508 1279 2559 honestum
1296 2512 1324 2559 et

234 2590 315 2649 utile;
341 2589 515 2655 reprehendit
539 2591 566 2641 iu
591 2602 625 2641 eo
648 2591 781 2654 quaedem
806 2593 886 2652 vitio,
912 2590 1014 2642 seilicet
1037 2589 1173 2642 levitatem
1198 2593 1278 2643 auimi
1296 2592 1324 2642 et

234 2675 371 2726 avaritiam
389 2677 417 2724 et
433 2675 542 2725 nimiam
559 2675 726 2739 parcitetem.
745 2703 760 2714 ·
775 2701 791 2712 -
812 2673 950 2726 Simulavit
966 2677 1038 2724 euim
1054 2675 1104 2725 iste
1121 2689 1151 2724 so
1168 2687 1249 2724 eausa
1266 2677 1324 2726 stu·

235 2758 271 2810 dil
296 2759 424 2821 exivisse,
451 2771 513 2809 cum
537 2760 627 2823 potius
652 2761 734 2810 llome
760 2759 901 2820 exivisset,
931 2761 961 2808 ut
984 2757 1067 2808 rebus
1092 2759 1147 2808 suis
1172 2761 1323 2821 parceret.»

234 2843 282 2906 Ep.
295 2841 369 2891 vll:
389 2842 540 2893 «Numicius
558 2842 605 2892 luit
621 2841 732 2904 quidem
748 2838 844 2892 nobilis
861 2842 1010 2900 liomaous,
1028 2838 1106 2891 velde
1118 2839 1225 2891 deditus
1242 2840 1324 2891 rebus

235 2922 401 2975 secularibus
427 2927 454 2975 et
479 2925 594 2975 marimo
620 2923 747 2990 cupidus,
774 2923 876 2975 scilicet
893 2937 1003 2988 semper
1020 2925 1116 2976 timeus
1133 2936 1181 2974 sua
1199 2925 1323 2989 perdere,

235 3009 367 3074 appetitor
383 3009 485 3070 lamae,
502 3007 653 3060 luxuriosus
671 3011 699 3059 et
714 3006 803 3058 multis
822 3007 878 3058 aliis
895 3009 964 3058 vitiis
981 3007 1145 3060 conlectus.»
1180 3009 1226 3073 Ep.
1240 3009 1322 3059 vill:

237 3093 331 3143 «Hunc
353 3090 499 3158 Epistulam
523 3093 584 3142 lacit
601 3091 636 3142 ad
653 3090 789 3156 quendem
807 3089 924 3142 Celsum.
961 3091 1009 3142 llic
1025 3104 1089 3141 oum
1106 3095 1179 3143 esset
1195 3092 1283 3143 scribe
1300 3107 1323 3144 s.

236 3175 410 3228 cancellarius
426 3175 528 3226 Claudii
545 3176 658 3227 Neronis
675 3178 702 3226 et
718 3178 872 3227 versaretur
887 3177 957 3226 iuter
973 3176 1120 3240 principes,
1139 3175 1185 3226 ubi
1203 3178 1281 3228 oauts
1298 3179 1326 3228 et

235 3261 349 3312 honeste
375 3259 553 3310 conveniebat
576 3272 607 3311 se
633 3258 746 3320 habore.
772 3257 852 3310 stulte
869 3260 897 3309 et
916 3257 1056 3310 luhoueste
1073 3271 1103 3309 se
1121 3260 1251 3322 gerebat»
1270 3262 1323 3310 oet.

235 3344 284 3408 lep.
302 3343 351 3394 li.:
378 3345 473 3394 ullane
499 3341 638 3407 epistolam
664 3342 726 3393 feeit
749 3341 783 3392 ad
810 3341 946 3406 quendum
971 3342 1088 3393 amioum
1112 3355 1192 3394 suum
1209 3344 1325 3394 luseum

236 3427 362 3478 Aristium
388 3425 553 3478 secularibus
579 3425 682 3477 delictis
705 3425 835 3477 deditum.
882 3427 957 3478 liuue
983 3427 1107 3478 Horatius
1132 3428 1184 3478 iam
1209 3427 1326 3478 rustious

236 3511 322 3562 laetus
339 3511 367 3560 et
382 3509 458 3573 quael
475 3510 623 3561 monachus
641 3511 754 3575 temptat
771 3509 923 3562 absterrere
940 3510 975 3561 ab
993 3509 1225 3575 hisvoluptatibus
1243 3511 1270 3561 et
1283 3523 1327 3560 ru-

237 3595 367 3646 sticanam
392 3593 475 3644 vitem
498 3595 523 3644 ei
548 3594 765 3646 commendare.»
807 3595 880 3645 llaec
905 3596 932 3645 et
957 3593 1018 3646 talia
1036 3597 1125 3645 autem
1142 3608 1193 3660 per
1209 3593 1326 3644 mediam

237 3690 319 3744 quam
345 3676 437 3738 dicunt
462 3679 577 3729 aetatem
602 3691 652 3742 pro
678 3681 752 3730 certo
778 3691 831 3730 uon
857 3679 944 3730 minus
965 3678 1080 3730 libenter
1096 3677 1327 3742 amplectebantur

237 3765 317 3824 atque
343 3759 544 3811 admirabantur
564 3760 680 3812 lectores
701 3775 783 3826 quam
804 3763 887 3814 nostrl
910 3761 1053 3826 populares
1069 3760 1208 3812 Wielsudli
1234 3776 1327 3832 χαρα-

237 3839 429 3916 κτηρισμούς,
448 3845 603 3908 priusquam
621 3844 716 3896 laoobs
733 3843 812 3896 uliam
830 3847 857 3896 et
873 3846 1017 3896 moliorem
1033 3846 1104 3895 viam
1122 3845 1258 3908 ingressus
1275 3849 1324 3899 eet.

237 3929 311 3980 «Der
327 3933 428 3978 maure
444 3929 504 3979 Reiz
520 3929 565 3978 der
582 3928 696 3992 sermo,
714 3929 746 3978 ist
762 3929 872 3978 uirides
888 3929 931 3978 ries
947 3928 1063 3990 Gomon,
1081 3927 1150 3978 tuno
1167 3927 1243 3979 ollem
1259 3931 1327 3980 oiett

236 4013 359 4077 pltlelrttelr
374 4011 504 4062 metm
522 4012 649 4061 Diisrrsrr.
685 4012 824 4062 «incertus
841 4013 905 4062 sunt
916 4013 1035 4062 virorum
1047 4011 1187 4063 doctorum
1200 4013 1234 4064 de
1245 4027 1324 4076 auno,

237 4108 291 4160 quo
309 4095 407 4161 scripta
424 4091 539 4160 Epistola
557 4093 693 4155 videatur.
720 4095 903 4160 suspiciones;
927 4094 984 4156 alii,
1008 4096 1054 4160 qui
1071 4093 1188 4147 motibus
1205 4097 1326 4150 civilibus

237 4179 377 4231 Bullatium
396 4183 425 4230 ut
441 4179 526 4229 exiret
541 4178 702 4242 perductum
719 4181 872 4244 opinantur,
892 4179 926 4228 ad
941 4191 1042 4230 sunum
1053 4179 1109 4231 rae.
1124 4193 1184 4232 eam
1196 4183 1324 4242 releruut,

238 4261 281 4314 alii
298 4277 353 4315 nou
370 4263 470 4316 maiore
488 4261 541 4312 lide
559 4261 594 4312 ad
611 4275 635 4312 a.
655 4263 711 4315 733.
730 4261 923 4315 descendunt.»
944 4263 1063 4313 Drmrm.

674 4361 895 4374 m·—
