<?xml version="1.0" encoding="UTF-8"?>
<!DOCTYPE html PUBLIC "-//W3C//DTD XHTML 1.0 Transitional//EN"
    "http://www.w3.org/TR/xhtml1/DTD/xhtml1-transitional.dtd">
<html xmlns="http://www.w3.org/1999/xhtml" xml:lang="en" lang="en">
 <head>
  <title>
</title>
<meta http-equiv="Content-Type" content="text/html;charset=utf-8" />
  <meta name='ocr-system' content='tesseract 3.04.00' />
  <meta name='ocr-capabilities' content='ocr_page ocr_carea ocr_par ocr_line ocrx_word'/>
</head>
<body>
  <div class='ocr_page' id='page_1' title='image "./qhoratiusflaccu01baitgoog_0182.png"; bbox 0 0 3082 4968; ppageno 0'>
   <div class='ocr_carea' id='block_1_1' title="bbox 581 373 831 426">
    <p class='ocr_par' dir='ltr' id='par_1_1' title="bbox 581 373 831 426">
     <span class='ocr_line' id='line_1_1' title="bbox 581 373 831 426; baseline 0 -2"><span class='ocrx_word' id='word_1_1' title='bbox 581 373 640 424; x_wconf 81' lang='lat' dir='ltr'><strong><em>uu.</em></strong></span> <span class='ocrx_word' id='word_1_2' title='bbox 660 375 679 424; x_wconf 71' lang='lat' dir='ltr'><strong><em>l,</em></strong></span> <span class='ocrx_word' id='word_1_3' title='bbox 714 376 781 426; x_wconf 73' lang='lat' dir='ltr'>SAT.</span> <span class='ocrx_word' id='word_1_4' title='bbox 801 375 831 426; x_wconf 80' lang='lat' dir='ltr'><strong><em>X.</em></strong></span> 
     </span>
    </p>
   </div>
   <div class='ocr_carea' id='block_1_2' title="bbox 201 529 1248 1715">
    <p class='ocr_par' dir='ltr' id='par_1_2' title="bbox 207 529 957 617">
     <span class='ocr_line' id='line_1_2' title="bbox 207 529 957 617; baseline 0.008 -23"><span class='ocrx_word' id='word_1_5' title='bbox 207 530 267 610; x_wconf 71' lang='lat' dir='ltr'><strong><em>(leti</em></strong></span> <span class='ocrx_word' id='word_1_6' title='bbox 287 529 421 596; x_wconf 88' lang='lat' dir='ltr'><strong><em>multam</em></strong></span> <span class='ocrx_word' id='word_1_7' title='bbox 439 551 522 617; x_wconf 86' lang='lat' dir='ltr'><strong><em>puer</em></strong></span> <span class='ocrx_word' id='word_1_8' title='bbox 543 540 572 596; x_wconf 88' lang='lat' dir='ltr'><strong><em>et</em></strong></span> <span class='ocrx_word' id='word_1_9' title='bbox 594 530 669 596; x_wconf 72' lang='lat' dir='ltr'><strong><em>lame</em></strong></span> <span class='ocrx_word' id='word_1_10' title='bbox 690 541 719 598; x_wconf 92' lang='lat' dir='ltr'><strong><em>et</em></strong></span> <span class='ocrx_word' id='word_1_11' title='bbox 739 531 866 617; x_wconf 77' lang='lat' dir='ltr'><strong><em>sambae</em></strong></span> <span class='ocrx_word' id='word_1_12' title='bbox 887 533 957 600; x_wconf 75' lang='lat' dir='ltr'><strong><em>udis</em></strong></span> 
     </span>
    </p>

    <p class='ocr_par' dir='ltr' id='par_1_3' title="bbox 202 651 976 740">
     <span class='ocr_line' id='line_1_3' title="bbox 202 651 976 740; baseline 0.003 -22"><span class='ocrx_word' id='word_1_13' title='bbox 202 651 414 731; x_wconf 70' lang='lat' dir='ltr'><strong><em>coloratae,</em></strong></span> <span class='ocrx_word' id='word_1_14' title='bbox 439 662 474 718; x_wconf 91' lang='lat' dir='ltr'><strong><em>at</em></strong></span> <span class='ocrx_word' id='word_1_15' title='bbox 495 662 572 718; x_wconf 80' lang='lat' dir='ltr'><strong><em>meet</em></strong></span> <span class='ocrx_word' id='word_1_16' title='bbox 593 673 681 740; x_wconf 89' lang='lat' dir='ltr'><strong><em>opem</em></strong></span> <span class='ocrx_word' id='word_1_17' title='bbox 702 653 858 740; x_wconf 77' lang='lat' dir='ltr'><strong><em>quiscere</em></strong></span> <span class='ocrx_word' id='word_1_18' title='bbox 877 655 976 740; x_wconf 79' lang='lat' dir='ltr'><strong><em>poetic</em></strong></span> 
     </span>
    </p>

    <p class='ocr_par' dir='ltr' id='par_1_4' title="bbox 203 775 890 862">
     <span class='ocr_line' id='line_1_4' title="bbox 203 775 890 862; baseline 0.007 -24"><span class='ocrx_word' id='word_1_19' title='bbox 203 775 343 861; x_wconf 70' lang='lat' dir='ltr'><strong><em>elatique&#39;e</em></strong></span> <span class='ocrx_word' id='word_1_20' title='bbox 358 785 465 862; x_wconf 85' lang='lat' dir='ltr'><strong><em>poeeet</em></strong></span> <span class='ocrx_word' id='word_1_21' title='bbox 486 784 596 842; x_wconf 79' lang='lat' dir='ltr'><strong><em>eorrtra</em></strong></span> <span class='ocrx_word' id='word_1_22' title='bbox 616 775 746 861; x_wconf 76' lang='lat' dir='ltr'><strong><em>fastidia</em></strong></span> <span class='ocrx_word' id='word_1_23' title='bbox 766 786 890 858; x_wconf 81' lang='lat' dir='ltr'><strong><em>caetra,</em></strong></span> 
     </span>
    </p>

    <p class='ocr_par' dir='ltr' id='par_1_5' title="bbox 203 895 1193 1106">
     <span class='ocr_line' id='line_1_5' title="bbox 205 895 1193 984; baseline 0.004 -22"><span class='ocrx_word' id='word_1_24' title='bbox 205 895 491 962; x_wconf 78' lang='lat' dir='ltr'><strong><em>Grammaticorum</em></strong></span> <span class='ocrx_word' id='word_1_25' title='bbox 511 899 647 984; x_wconf 80' lang='lat' dir='ltr'><strong><em>equitum</em></strong></span> <span class='ocrx_word' id='word_1_26' title='bbox 667 897 870 966; x_wconf 72' lang='lat' dir='ltr'><strong><em>doctissimae.</em></strong></span> <span class='ocrx_word' id='word_1_27' title='bbox 897 899 936 964; x_wconf 83' lang='lat' dir='ltr'><strong><em>m</em></strong></span> <span class='ocrx_word' id='word_1_28' title='bbox 956 898 1084 966; x_wconf 80' lang='lat' dir='ltr'><strong><em>redeam</em></strong></span> <span class='ocrx_word' id='word_1_29' title='bbox 1104 899 1193 966; x_wconf 83' lang='lat' dir='ltr'><strong><em>illac:</em></strong></span> 
     </span>
     <span class='ocr_line' id='line_1_6' title="bbox 203 1019 1053 1106; baseline 0.002 -22"><span class='ocrx_word' id='word_1_30' title='bbox 203 1019 326 1106; x_wconf 84' lang='lat' dir='ltr'><strong><em>Nempe</em></strong></span> <span class='ocrx_word' id='word_1_31' title='bbox 348 1019 562 1106; x_wconf 89' lang='lat' dir='ltr'><strong><em>lncomposlto</em></strong></span> <span class='ocrx_word' id='word_1_32' title='bbox 585 1019 649 1086; x_wconf 80' lang='lat' dir='ltr'><strong><em>dini</em></strong></span> <span class='ocrx_word' id='word_1_33' title='bbox 674 1019 760 1106; x_wconf 88' lang='lat' dir='ltr'><strong><em>pede</em></strong></span> <span class='ocrx_word' id='word_1_34' title='bbox 782 1040 915 1087; x_wconf 90' lang='lat' dir='ltr'><strong><em>currere</em></strong></span> <span class='ocrx_word' id='word_1_35' title='bbox 938 1041 1053 1088; x_wconf 90' lang='lat' dir='ltr'><strong><em>versus</em></strong></span> 
     </span>
    </p>

    <p class='ocr_par' dir='ltr' id='par_1_6' title="bbox 203 1139 996 1230">
     <span class='ocr_line' id='line_1_7' title="bbox 203 1139 996 1230; baseline 0.004 -25"><span class='ocrx_word' id='word_1_36' title='bbox 203 1139 313 1206; x_wconf 81' lang='lat' dir='ltr'><strong>Lucili.</strong></span> <span class='ocrx_word' id='word_1_37' title='bbox 358 1141 440 1220; x_wconf 82' lang='lat' dir='ltr'><strong>Quis</strong></span> <span class='ocrx_word' id='word_1_38' title='bbox 462 1150 526 1208; x_wconf 81' lang='lat' dir='ltr'><strong><em>tam</em></strong></span> <span class='ocrx_word' id='word_1_39' title='bbox 547 1139 648 1208; x_wconf 85' lang='lat' dir='ltr'><strong>Lucili</strong></span> <span class='ocrx_word' id='word_1_40' title='bbox 671 1141 776 1208; x_wconf 79' lang='lat' dir='ltr'>fautor</span> <span class='ocrx_word' id='word_1_41' title='bbox 797 1141 905 1230; x_wconf 88' lang='lat' dir='ltr'><strong><em>inepte</em></strong></span> <span class='ocrx_word' id='word_1_42' title='bbox 928 1153 996 1218; x_wconf 87' lang='lat' dir='ltr'><strong><em>est,</em></strong></span> 
     </span>
    </p>

    <p class='ocr_par' dir='ltr' id='par_1_7' title="bbox 201 1260 1110 1460">
     <span class='ocr_line' id='line_1_8' title="bbox 202 1260 1110 1350; baseline 0 -20"><span class='ocrx_word' id='word_1_43' title='bbox 202 1261 240 1330; x_wconf 87' lang='lat' dir='ltr'><strong><em>Ut</em></strong></span> <span class='ocrx_word' id='word_1_44' title='bbox 261 1281 326 1327; x_wconf 93' lang='lat' dir='ltr'><strong><em>non</em></strong></span> <span class='ocrx_word' id='word_1_45' title='bbox 347 1260 410 1328; x_wconf 92' lang='lat' dir='ltr'><strong><em>hoc</em></strong></span> <span class='ocrx_word' id='word_1_46' title='bbox 434 1261 596 1329; x_wconf 81' lang='lat' dir='ltr'><strong><em>latentur?</em></strong></span> <span class='ocrx_word' id='word_1_47' title='bbox 617 1265 656 1328; x_wconf 81' lang='lat' dir='ltr'><strong><em>At</em></strong></span> <span class='ocrx_word' id='word_1_48' title='bbox 678 1260 781 1338; x_wconf 88' lang='lat' dir='ltr'><strong><em>idem,</em></strong></span> <span class='ocrx_word' id='word_1_49' title='bbox 805 1262 896 1350; x_wconf 90' lang='lat' dir='ltr'><strong><em>quod</em></strong></span> <span class='ocrx_word' id='word_1_50' title='bbox 919 1261 987 1329; x_wconf 87' lang='lat' dir='ltr'><strong><em>sale</em></strong></span> <span class='ocrx_word' id='word_1_51' title='bbox 1010 1263 1110 1330; x_wconf 85' lang='lat' dir='ltr'><strong><em>multo</em></strong></span> 
     </span>
     <span class='ocr_line' id='line_1_9' title="bbox 201 1381 963 1460; baseline -0.001 -9"><span class='ocrx_word' id='word_1_52' title='bbox 201 1383 322 1452; x_wconf 82' lang='lat' dir='ltr'><strong><em>Urbem</em></strong></span> <span class='ocrx_word' id='word_1_53' title='bbox 344 1383 508 1460; x_wconf 86' lang='lat' dir='ltr'><strong>defricuit,</strong></span> <span class='ocrx_word' id='word_1_54' title='bbox 533 1381 645 1450; x_wconf 78' lang='lat' dir='ltr'><strong><em>charta</em></strong></span> <span class='ocrx_word' id='word_1_55' title='bbox 666 1381 816 1450; x_wconf 82' lang='lat' dir='ltr'><strong><em>laudetur</em></strong></span> <span class='ocrx_word' id='word_1_56' title='bbox 837 1383 963 1452; x_wconf 86' lang='lat' dir='ltr'><strong><em>eadem.</em></strong></span> 
     </span>
    </p>

    <p class='ocr_par' dir='ltr' id='par_1_8' title="bbox 201 1504 1248 1715">
     <span class='ocr_line' id='line_1_10' title="bbox 201 1504 1248 1594; baseline 0.001 -24"><span class='ocrx_word' id='word_1_57' title='bbox 201 1506 267 1572; x_wconf 88' lang='lat' dir='ltr'><strong><em>Neo</em></strong></span> <span class='ocrx_word' id='word_1_58' title='bbox 277 1513 385 1571; x_wconf 83' lang='lat' dir='ltr'><strong><em>temen</em></strong></span> <span class='ocrx_word' id='word_1_59' title='bbox 397 1504 460 1572; x_wconf 89' lang='lat' dir='ltr'><strong><em>hoc</em></strong></span> <span class='ocrx_word' id='word_1_60' title='bbox 471 1504 616 1572; x_wconf 86' lang='lat' dir='ltr'><strong><em>tribuens</em></strong></span> <span class='ocrx_word' id='word_1_61' title='bbox 630 1505 777 1572; x_wconf 85' lang='lat' dir='ltr'><strong><em>dederim</em></strong></span> <span class='ocrx_word' id='word_1_62' title='bbox 789 1525 921 1594; x_wconf 84' lang='lat' dir='ltr'><strong><em>quoque</em></strong></span> <span class='ocrx_word' id='word_1_63' title='bbox 934 1515 1057 1586; x_wconf 83' lang='lat' dir='ltr'><strong><em>cetera3</em></strong></span> <span class='ocrx_word' id='word_1_64' title='bbox 1073 1525 1147 1572; x_wconf 86' lang='lat' dir='ltr'><strong><em>nam</em></strong></span> <span class='ocrx_word' id='word_1_65' title='bbox 1160 1507 1207 1574; x_wconf 91' lang='lat' dir='ltr'><strong><em>sic</em></strong></span> <span class='ocrx_word' id='word_1_66' title='bbox 1228 1508 1248 1571; x_wconf 83' lang='lat'><strong>5</strong></span> 
     </span>
     <span class='ocr_line' id='line_1_11' title="bbox 201 1625 1029 1715; baseline 0.001 -22"><span class='ocrx_word' id='word_1_67' title='bbox 201 1627 238 1693; x_wconf 82' lang='lat' dir='ltr'><strong><em>m</em></strong></span> <span class='ocrx_word' id='word_1_68' title='bbox 259 1625 376 1694; x_wconf 83' lang='lat' dir='ltr'><strong>Laberi</strong></span> <span class='ocrx_word' id='word_1_69' title='bbox 399 1626 515 1694; x_wconf 89' lang='lat' dir='ltr'><strong><em>mimos</em></strong></span> <span class='ocrx_word' id='word_1_70' title='bbox 537 1637 572 1693; x_wconf 90' lang='lat' dir='ltr'><strong><em>ut</em></strong></span> <span class='ocrx_word' id='word_1_71' title='bbox 593 1625 727 1714; x_wconf 87' lang='lat' dir='ltr'><strong><em>pulchro</em></strong></span> <span class='ocrx_word' id='word_1_72' title='bbox 750 1635 901 1715; x_wconf 75' lang='lat' dir='ltr'><strong><em>poemate</em></strong></span> <span class='ocrx_word' id='word_1_73' title='bbox 922 1628 1029 1696; x_wconf 88' lang='lat' dir='ltr'><strong><em>miror.</em></strong></span> 
     </span>
    </p>
   </div>
   <div class='ocr_carea' id='block_1_3' title="bbox 190 1824 1216 2116">
    <p class='ocr_par' dir='ltr' id='par_1_9' title="bbox 190 1824 1216 2116">
     <span class='ocr_line' id='line_1_12' title="bbox 221 1824 1216 1890; baseline 0 -14"><span class='ocrx_word' id='word_1_74' title='bbox 221 1827 247 1876; x_wconf 79' lang='lat'><strong><em>5.</em></strong></span> <span class='ocrx_word' id='word_1_75' title='bbox 262 1837 330 1888; x_wconf 80' lang='lat' dir='ltr'><strong><em>puer</em></strong></span> <span class='ocrx_word' id='word_1_76' title='bbox 346 1829 381 1874; x_wconf 81' lang='lat' dir='ltr'><strong><em>eet</em></strong></span> <span class='ocrx_word' id='word_1_77' title='bbox 397 1825 458 1874; x_wconf 75' lang='lat' dir='ltr'><strong><em>toris</em></strong></span> <span class='ocrx_word' id='word_1_78' title='bbox 474 1824 509 1875; x_wconf 91' lang='lat' dir='ltr'><strong><em>de</em></strong></span> <span class='ocrx_word' id='word_1_79' title='bbox 529 1825 640 1876; x_wconf 84' lang='lat' dir='ltr'><strong><em>Gesneri</em></strong></span> <span class='ocrx_word' id='word_1_80' title='bbox 664 1827 732 1875; x_wconf 89' lang='lat' dir='ltr'><strong><em>coni.</em></strong></span> <span class='ocrx_word' id='word_1_81' title='bbox 757 1824 897 1886; x_wconf 80' lang='lat' dir='ltr'><strong><em>Heindorf,</em></strong></span> <span class='ocrx_word' id='word_1_82' title='bbox 919 1839 1001 1888; x_wconf 83' lang='lat' dir='ltr'><strong><em>nuper</em></strong></span> <span class='ocrx_word' id='word_1_83' title='bbox 1020 1825 1082 1876; x_wconf 73' lang='lat' dir='ltr'><strong><em>toric</em></strong></span> <span class='ocrx_word' id='word_1_84' title='bbox 1103 1825 1216 1890; x_wconf 71' lang='lat' dir='ltr'><strong><em>liutger·</em></strong></span> 
     </span>
     <span class='ocr_line' id='line_1_13' title="bbox 192 1899 1216 1962; baseline -0.001 -13"><span class='ocrx_word' id='word_1_85' title='bbox 192 1901 256 1950; x_wconf 84' lang='lat' dir='ltr'><strong><em>eiue.</em></strong></span> <span class='ocrx_word' id='word_1_86' title='bbox 282 1927 309 1935; x_wconf 91' lang='lat'>-</span> <span class='ocrx_word' id='word_1_87' title='bbox 333 1899 357 1949; x_wconf 87' lang='lat'><strong><em>6.</em></strong></span> <span class='ocrx_word' id='word_1_88' title='bbox 375 1899 516 1949; x_wconf 76' lang='lat' dir='ltr'><strong><em>Emortntue</em></strong></span> <span class='ocrx_word' id='word_1_89' title='bbox 533 1899 588 1962; x_wconf 85' lang='lat' dir='ltr'><strong><em>(sic)</em></strong></span> <span class='ocrx_word' id='word_1_90' title='bbox 607 1899 625 1949; x_wconf 92' lang='lat' dir='ltr'>h</span> <span class='ocrx_word' id='word_1_91' title='bbox 643 1901 670 1949; x_wconf 87' lang='lat' dir='ltr'><strong><em>et</em></strong></span> <span class='ocrx_word' id='word_1_92' title='bbox 687 1911 756 1950; x_wconf 90' lang='lat' dir='ltr'><strong><em>corr.</em></strong></span> <span class='ocrx_word' id='word_1_93' title='bbox 776 1900 797 1960; x_wconf 89' lang='lat' dir='ltr'><strong><em>i,</em></strong></span> <span class='ocrx_word' id='word_1_94' title='bbox 824 1901 954 1949; x_wconf 76' lang='lat' dir='ltr'><strong><em>Ecoratue</em></strong></span> <span class='ocrx_word' id='word_1_95' title='bbox 970 1899 1041 1960; x_wconf 88' lang='lat' dir='ltr'><strong><em>th‚</em></strong></span> <span class='ocrx_word' id='word_1_96' title='bbox 1068 1899 1216 1949; x_wconf 75' lang='lat' dir='ltr'><strong><em>Enomatm</em></strong></span> 
     </span>
     <span class='ocr_line' id='line_1_14' title="bbox 192 1973 1213 2040; baseline 0 -16"><span class='ocrx_word' id='word_1_97' title='bbox 192 1973 348 2036; x_wconf 78' lang='lat' dir='ltr'><strong><em>Glareanus.</em></strong></span> <span class='ocrx_word' id='word_1_98' title='bbox 367 1975 529 2039; x_wconf 76' lang='lat' dir='ltr'><strong><em>Rutgereiue.</em></strong></span> <span class='ocrx_word' id='word_1_99' title='bbox 543 1976 582 2038; x_wconf 86' lang='lat' dir='ltr'><strong><em>(Ut</em></strong></span> <span class='ocrx_word' id='word_1_100' title='bbox 593 1988 655 2036; x_wconf 87' lang='lat' dir='ltr'><strong><em>nos,</em></strong></span> <span class='ocrx_word' id='word_1_101' title='bbox 669 1987 696 2040; x_wconf 87' lang='lat' dir='ltr'><strong><em>p,</em></strong></span> <span class='ocrx_word' id='word_1_102' title='bbox 710 1973 750 2036; x_wconf 76' lang='lat' dir='ltr'><strong><em>C.)</em></strong></span> <span class='ocrx_word' id='word_1_103' title='bbox 762 1975 864 2024; x_wconf 86' lang='lat' dir='ltr'><strong><em>-Post</em></strong></span> <span class='ocrx_word' id='word_1_104' title='bbox 876 1973 943 2024; x_wconf 84' lang='lat' dir='ltr'><strong><em>hoec</em></strong></span> <span class='ocrx_word' id='word_1_105' title='bbox 955 1973 1096 2024; x_wconf 78' lang='lat' dir='ltr'><strong><em>subditicio</em></strong></span> <span class='ocrx_word' id='word_1_106' title='bbox 1107 1973 1134 2024; x_wconf 88' lang='lat' dir='ltr'><strong><em>in</em></strong></span> <span class='ocrx_word' id='word_1_107' title='bbox 1148 1973 1213 2024; x_wconf 90' lang='lat' dir='ltr'><strong><em>Cod.</em></strong></span> 
     </span>
     <span class='ocr_line' id='line_1_15' title="bbox 190 2049 818 2116; baseline -0.002 -18"><span class='ocrx_word' id='word_1_108' title='bbox 190 2049 208 2098; x_wconf 92' lang='lat' dir='ltr'>b</span> <span class='ocrx_word' id='word_1_109' title='bbox 226 2053 268 2102; x_wconf 87' lang='lat' dir='ltr'><strong><em>est</em></strong></span> <span class='ocrx_word' id='word_1_110' title='bbox 284 2051 400 2116; x_wconf 80' lang='lat' dir='ltr'><strong><em>spatium</em></strong></span> <span class='ocrx_word' id='word_1_111' title='bbox 416 2063 531 2101; x_wconf 83' lang='lat' dir='ltr'><strong><em>vacuum</em></strong></span> <span class='ocrx_word' id='word_1_112' title='bbox 549 2051 665 2101; x_wconf 89' lang='lat' dir='ltr'><strong><em>duorum</em></strong></span> <span class='ocrx_word' id='word_1_113' title='bbox 681 2061 818 2100; x_wconf 84' lang='lat' dir='ltr'><strong><em>versuum.</em></strong></span> 
     </span>
    </p>
   </div>
   <div class='ocr_carea' id='block_1_4' title="bbox 190 2129 1214 2273">
    <p class='ocr_par' dir='ltr' id='par_1_10' title="bbox 190 2129 1214 2273">
     <span class='ocr_line' id='line_1_16' title="bbox 223 2129 1214 2197; baseline -0.001 -13"><span class='ocrx_word' id='word_1_114' title='bbox 223 2135 248 2184; x_wconf 77' lang='lat'><strong><em>2.</em></strong></span> <span class='ocrx_word' id='word_1_115' title='bbox 267 2135 345 2196; x_wconf 78' lang='lat' dir='ltr'><strong><em>inepti</em></strong></span> <span class='ocrx_word' id='word_1_116' title='bbox 361 2133 389 2184; x_wconf 91' lang='lat' dir='ltr'><strong><em>h.</em></strong></span> <span class='ocrx_word' id='word_1_117' title='bbox 420 2161 447 2170; x_wconf 90' lang='lat'>-</span> <span class='ocrx_word' id='word_1_118' title='bbox 472 2135 496 2184; x_wconf 79' lang='lat'><strong><em>5.</em></strong></span> <span class='ocrx_word' id='word_1_119' title='bbox 516 2133 540 2184; x_wconf 85' lang='grc'><strong><em>6.</em></strong></span> <span class='ocrx_word' id='word_1_120' title='bbox 557 2147 619 2184; x_wconf 81' lang='lat' dir='ltr'><strong><em>euro</em></strong></span> <span class='ocrx_word' id='word_1_121' title='bbox 634 2136 670 2184; x_wconf 77' lang='lat' dir='ltr'><strong><em>cic</em></strong></span> <span class='ocrx_word' id='word_1_122' title='bbox 689 2161 704 2171; x_wconf 94' lang='lat'><em>-</em></span> <span class='ocrx_word' id='word_1_123' title='bbox 722 2160 737 2170; x_wconf 94' lang='lat'><em>-</em></span> <span class='ocrx_word' id='word_1_124' title='bbox 755 2131 852 2182; x_wconf 79' lang='lat' dir='ltr'><strong><em>orirer?</em></strong></span> <span class='ocrx_word' id='word_1_125' title='bbox 877 2145 911 2196; x_wconf 90' lang='lat' dir='ltr'><strong><em>cp</em></strong></span> <span class='ocrx_word' id='word_1_126' title='bbox 929 2135 957 2183; x_wconf 87' lang='lat' dir='ltr'><strong><em>et</em></strong></span> <span class='ocrx_word' id='word_1_127' title='bbox 972 2129 1073 2197; x_wconf 80' lang='lat' dir='ltr'><strong>aliquot</strong></span> <span class='ocrx_word' id='word_1_128' title='bbox 1088 2133 1214 2184; x_wconf 88' lang='lat' dir='ltr'><strong><em>Pottierii.</em></strong></span> 
     </span>
     <span class='ocr_line' id='line_1_17' title="bbox 190 2207 866 2273; baseline -0.001 -14"><span class='ocrx_word' id='word_1_129' title='bbox 190 2209 251 2273; x_wconf 81' lang='lat' dir='ltr'><strong><em>(nou</em></strong></span> <span class='ocrx_word' id='word_1_130' title='bbox 261 2210 298 2260; x_wconf 81' lang='lat' dir='ltr'><strong><em>etc</em></strong></span> <span class='ocrx_word' id='word_1_131' title='bbox 310 2211 365 2260; x_wconf 81' lang='lat' dir='ltr'><strong><em>ires</em></strong></span> <span class='ocrx_word' id='word_1_132' title='bbox 377 2210 507 2270; x_wconf 78' lang='lat' dir='ltr'><strong><em>Pollioni,</em></strong></span> <span class='ocrx_word' id='word_1_133' title='bbox 526 2223 570 2260; x_wconf 82' lang='lat' dir='ltr'><strong><em>aec</em></strong></span> <span class='ocrx_word' id='word_1_134' title='bbox 587 2210 622 2259; x_wconf 81' lang='lat' dir='ltr'><strong><em>sie</em></strong></span> <span class='ocrx_word' id='word_1_135' title='bbox 638 2221 708 2259; x_wconf 88' lang='lat' dir='ltr'><strong><em>unus</em></strong></span> <span class='ocrx_word' id='word_1_136' title='bbox 726 2207 866 2270; x_wconf 88' lang='lat' dir='ltr'><strong><em>eiusdem.)</em></strong></span> 
     </span>
    </p>
   </div>
   <div class='ocr_carea' id='block_1_5' title="bbox 151 2373 1248 4311">
    <p class='ocr_par' dir='ltr' id='par_1_11' title="bbox 156 2373 1247 2666">
     <span class='ocr_line' id='line_1_18' title="bbox 157 2373 1247 2441; baseline 0 -12"><span class='ocrx_word' id='word_1_137' title='bbox 157 2390 224 2441; x_wconf 83' lang='lat' dir='ltr'><strong>quos</strong></span> <span class='ocrx_word' id='word_1_138' title='bbox 242 2390 296 2427; x_wconf 94' lang='lat' dir='ltr'><strong><em>non</em></strong></span> <span class='ocrx_word' id='word_1_139' title='bbox 314 2379 401 2438; x_wconf 78' lang='lat' dir='ltr'><strong><em>nolet,</em></strong></span> <span class='ocrx_word' id='word_1_140' title='bbox 424 2378 508 2428; x_wconf 86' lang='lat' dir='ltr'><strong><em>risum</em></strong></span> <span class='ocrx_word' id='word_1_141' title='bbox 526 2377 630 2428; x_wconf 76' lang='lat' dir='ltr'><strong><em>excitet.</em></strong></span> <span class='ocrx_word' id='word_1_142' title='bbox 650 2401 679 2414; x_wconf 88' lang='lat'><strong><em>-·</em></strong></span> <span class='ocrx_word' id='word_1_143' title='bbox 720 2377 790 2440; x_wconf 82' lang='lat' dir='ltr'><strong><em>epto.</em></strong></span> <span class='ocrx_word' id='word_1_144' title='bbox 838 2374 977 2440; x_wconf 84' lang='lat' dir='ltr'><strong><em>(Sulpicius</em></strong></span> <span class='ocrx_word' id='word_1_145' title='bbox 1000 2373 1156 2440; x_wconf 79' lang='lat' dir='ltr'><strong>Apollinaris</strong></span> <span class='ocrx_word' id='word_1_146' title='bbox 1185 2391 1247 2429; x_wconf 90' lang='lat' dir='ltr'><strong><em>cum</em></strong></span> 
     </span>
     <span class='ocr_line' id='line_1_19' title="bbox 156 2448 1245 2514; baseline 0 -12"><span class='ocrx_word' id='word_1_147' title='bbox 156 2451 378 2512; x_wconf 75' lang='lat' dir='ltr'><strong><em>eiecta-eadem]</em></strong></span> <span class='ocrx_word' id='word_1_148' title='bbox 396 2451 439 2502; x_wconf 78' lang='lat' dir='ltr'><strong><em>«in</em></strong></span> <span class='ocrx_word' id='word_1_149' title='bbox 456 2449 553 2502; x_wconf 80' lang='lat' dir='ltr'><strong><em>eadem</em></strong></span> <span class='ocrx_word' id='word_1_150' title='bbox 570 2449 611 2500; x_wconf 85' lang='lat' dir='ltr'><strong><em>ille</em></strong></span> <span class='ocrx_word' id='word_1_151' title='bbox 634 2453 684 2502; x_wconf 80' lang='lat' dir='ltr'><strong><em>Sa·</em></strong></span> <span class='ocrx_word' id='word_1_152' title='bbox 719 2451 850 2501; x_wconf 75' lang='lat' dir='ltr'><strong><em>Frontone</em></strong></span> <span class='ocrx_word' id='word_1_153' title='bbox 877 2448 998 2501; x_wconf 83' lang='lat' dir='ltr'><strong><em>luhulene</em></strong></span> <span class='ocrx_word' id='word_1_154' title='bbox 1020 2463 1063 2514; x_wconf 84' lang='lat' dir='ltr'><strong><em>ep.</em></strong></span> <span class='ocrx_word' id='word_1_155' title='bbox 1083 2448 1193 2502; x_wconf 83' lang='lat' dir='ltr'><strong><em>Gellium</em></strong></span> <span class='ocrx_word' id='word_1_156' title='bbox 1215 2453 1245 2504; x_wconf 85' lang='lat' dir='ltr'><strong><em>N.</em></strong></span> 
     </span>
     <span class='ocr_line' id='line_1_20' title="bbox 157 2524 1247 2590; baseline -0.002 -12"><span class='ocrx_word' id='word_1_157' title='bbox 157 2527 220 2578; x_wconf 80' lang='lat' dir='ltr'><strong><em>lire»</em></strong></span> <span class='ocrx_word' id='word_1_158' title='bbox 241 2527 269 2587; x_wconf 96' lang='grc'><strong><em>4,</em></strong></span> <span class='ocrx_word' id='word_1_159' title='bbox 292 2524 321 2585; x_wconf 85' lang='lat' dir='ltr'><strong><em>i,</em></strong></span> <span class='ocrx_word' id='word_1_160' title='bbox 344 2525 369 2574; x_wconf 81' lang='lat'><strong><em>7.</em></strong></span> <span class='ocrx_word' id='word_1_161' title='bbox 390 2552 417 2561; x_wconf 93' lang='lat'>-</span> <span class='ocrx_word' id='word_1_162' title='bbox 437 2525 554 2590; x_wconf 60' lang='lat' dir='ltr'><strong><em>dederint</em></strong></span> <span class='ocrx_word' id='word_1_163' title='bbox 576 2525 634 2576; x_wconf 91' lang='lat' dir='ltr'><strong><em>Vid.</em></strong></span> <span class='ocrx_word' id='word_1_164' title='bbox 648 2524 683 2576; x_wconf 82' lang='lat' dir='ltr'><strong><em>ed</em></strong></span> <span class='ocrx_word' id='word_1_165' title='bbox 719 2527 748 2575; x_wconf 74' lang='grc' dir='ltr'><strong><em>Α.</em></strong></span> <span class='ocrx_word' id='word_1_166' title='bbox 768 2525 813 2586; x_wconf 85' lang='grc'><strong><em>49,</em></strong></span> <span class='ocrx_word' id='word_1_167' title='bbox 833 2524 877 2574; x_wconf 85' lang='grc'><strong><em>43;</em></strong></span> <span class='ocrx_word' id='word_1_168' title='bbox 895 2525 991 2574; x_wconf 79' lang='lat' dir='ltr'><strong><em>Fuisset</em></strong></span> <span class='ocrx_word' id='word_1_169' title='bbox 1005 2524 1109 2574; x_wconf 84' lang='lat' dir='ltr'><strong><em>certum</em></strong></span> <span class='ocrx_word' id='word_1_170' title='bbox 1124 2526 1170 2576; x_wconf 80' lang='lat' dir='ltr'><strong><em>tac</em></strong></span> <span class='ocrx_word' id='word_1_171' title='bbox 1190 2526 1247 2588; x_wconf 85' lang='lat' dir='ltr'><strong><em>(no-</em></strong></span> 
     </span>
     <span class='ocr_line' id='line_1_21' title="bbox 156 2599 1246 2666; baseline -0.004 -12"><span class='ocrx_word' id='word_1_172' title='bbox 156 2603 223 2666; x_wconf 85' lang='lat' dir='ltr'><strong><em>lipp.</em></strong></span> <span class='ocrx_word' id='word_1_173' title='bbox 241 2601 273 2660; x_wconf 75' lang='lat'><strong><em>2,</em></strong></span> <span class='ocrx_word' id='word_1_174' title='bbox 294 2601 324 2659; x_wconf 97' lang='grc'><strong><em>4,</em></strong></span> <span class='ocrx_word' id='word_1_175' title='bbox 343 2600 400 2649; x_wconf 74' lang='lat' dir='ltr'><strong><em>tit.</em></strong></span> <span class='ocrx_word' id='word_1_176' title='bbox 718 2599 777 2662; x_wconf 83' lang='lat' dir='ltr'><strong><em>nus)</em></strong></span> <span class='ocrx_word' id='word_1_177' title='bbox 803 2613 821 2648; x_wconf 90' lang='lat' dir='ltr'><strong><em>a</em></strong></span> <span class='ocrx_word' id='word_1_178' title='bbox 845 2604 869 2650; x_wconf 86' lang='lat' dir='ltr'><strong><em>te</em></strong></span> <span class='ocrx_word' id='word_1_179' title='bbox 890 2599 992 2649; x_wconf 88' lang='lat' dir='ltr'><strong><em>civitate</em></strong></span> <span class='ocrx_word' id='word_1_180' title='bbox 1008 2599 1144 2662; x_wconf 70' lang='lat' dir='ltr'><strong><em>damma,</em></strong></span> <span class='ocrx_word' id='word_1_181' title='bbox 1162 2628 1179 2640; x_wconf 91' lang='lat'><strong>·</strong></span> <span class='ocrx_word' id='word_1_182' title='bbox 1194 2601 1246 2650; x_wconf 83' lang='lat' dir='ltr'><strong><em>-ei</em></strong></span> 
     </span>
    </p>

    <p class='ocr_par' dir='ltr' id='par_1_12' title="bbox 151 2673 1248 4311">
     <span class='ocr_line' id='line_1_22' title="bbox 187 2673 1248 2737; baseline -0.002 -11"><span class='ocrx_word' id='word_1_183' title='bbox 187 2673 681 2736; x_wconf 75' lang='lat' dir='ltr'><strong><em>e.Lutert]ilacr0b.sntu1-n.2.7,</em></strong></span> <span class='ocrx_word' id='word_1_184' title='bbox 718 2678 746 2724; x_wconf 86' lang='lat' dir='ltr'><strong><em>ta</em></strong></span> <span class='ocrx_word' id='word_1_185' title='bbox 768 2687 796 2724; x_wconf 93' lang='lat' dir='ltr'><strong><em>eo</em></strong></span> <span class='ocrx_word' id='word_1_186' title='bbox 817 2675 854 2724; x_wconf 78' lang='lat' dir='ltr'><strong><em>reti</em></strong></span> <span class='ocrx_word' id='word_1_187' title='bbox 882 2675 1000 2737; x_wconf 69' lang='lat' dir='ltr'><strong><em>dieantur</em></strong></span> <span class='ocrx_word' id='word_1_188' title='bbox 1026 2674 1107 2737; x_wconf 76' lang='lat' dir='ltr'><strong><em>soree,</em></strong></span> <span class='ocrx_word' id='word_1_189' title='bbox 1139 2680 1248 2737; x_wconf 74' lang='lat' dir='ltr'><strong><em>essetque</em></strong></span> 
     </span>
     <span class='ocr_line' id='line_1_23' title="bbox 155 2748 1247 2816; baseline 0 -16"><span class='ocrx_word' id='word_1_190' title='bbox 155 2764 181 2816; x_wconf 88' lang='lat' dir='ltr'><strong><em>p.</em></strong></span> <span class='ocrx_word' id='word_1_191' title='bbox 199 2749 264 2801; x_wconf 75' lang='lat' dir='ltr'><strong><em>ote:</em></strong></span> <span class='ocrx_word' id='word_1_192' title='bbox 294 2748 343 2812; x_wconf 80' lang='lat' dir='ltr'><strong>lli.)</strong></span> <span class='ocrx_word' id='word_1_193' title='bbox 360 2748 505 2810; x_wconf 69' lang='lat' dir='ltr'><strong><em>Laterium,</em></strong></span> <span class='ocrx_word' id='word_1_194' title='bbox 525 2761 631 2810; x_wconf 78' lang='lat' dir='ltr'><strong><em>mperae</em></strong></span> <span class='ocrx_word' id='word_1_195' title='bbox 650 2749 683 2798; x_wconf 90' lang='lat' dir='ltr'><strong><em>li·</em></strong></span> <span class='ocrx_word' id='word_1_196' title='bbox 717 2749 744 2798; x_wconf 88' lang='lat' dir='ltr'><strong><em>id</em></strong></span> <span class='ocrx_word' id='word_1_197' title='bbox 759 2749 882 2811; x_wconf 82' lang='lat' dir='ltr'><strong><em>impendio</em></strong></span> <span class='ocrx_word' id='word_1_198' title='bbox 897 2749 1052 2812; x_wconf 74' lang='lat' dir='ltr'><strong><em>probabilius</em></strong></span> <span class='ocrx_word' id='word_1_199' title='bbox 1063 2763 1140 2812; x_wconf 80' lang='lat' dir='ltr'><strong><em>qaam</em></strong></span> <span class='ocrx_word' id='word_1_200' title='bbox 1151 2763 1217 2812; x_wconf 80' lang='lat' dir='ltr'><strong><em>qaae</em></strong></span> <span class='ocrx_word' id='word_1_201' title='bbox 1229 2764 1247 2800; x_wconf 89' lang='lat' dir='ltr'><strong><em>a</em></strong></span> 
     </span>
     <span class='ocr_line' id='line_1_24' title="bbox 155 2823 1247 2888; baseline 0 -12"><span class='ocrx_word' id='word_1_202' title='bbox 155 2824 259 2876; x_wconf 61' lang='lat' dir='ltr'><strong><em>tertam</em></strong></span> <span class='ocrx_word' id='word_1_203' title='bbox 279 2823 386 2884; x_wconf 75' lang='lat' dir='ltr'><strong><em>equitem</em></strong></span> <span class='ocrx_word' id='word_1_204' title='bbox 410 2825 562 2885; x_wconf 79' lang='lat' dir='ltr'><strong><em>itomanam,</em></strong></span> <span class='ocrx_word' id='word_1_205' title='bbox 589 2824 684 2875; x_wconf 81' lang='lat' dir='ltr'><strong><em>Caesae·</em></strong></span> <span class='ocrx_word' id='word_1_206' title='bbox 718 2823 823 2873; x_wconf 86' lang='lat' dir='ltr'><strong><em>Laterio</em></strong></span> <span class='ocrx_word' id='word_1_207' title='bbox 840 2823 959 2888; x_wconf 75' lang='lat' dir='ltr'><strong><em>ipaooilia</em></strong></span> <span class='ocrx_word' id='word_1_208' title='bbox 976 2824 1051 2872; x_wconf 83' lang='lat' dir='ltr'><strong><em>nimie</em></strong></span> <span class='ocrx_word' id='word_1_209' title='bbox 1073 2829 1097 2874; x_wconf 87' lang='lat' dir='ltr'><strong><em>et</em></strong></span> <span class='ocrx_word' id='word_1_210' title='bbox 1119 2826 1247 2876; x_wconf 82' lang='lat' dir='ltr'><strong><em>sordentia</em></strong></span> 
     </span>
     <span class='ocr_line' id='line_1_25' title="bbox 155 2896 1248 2964; baseline -0.002 -14"><span class='ocrx_word' id='word_1_211' title='bbox 155 2897 298 2964; x_wconf 68' lang='lat' dir='ltr'><strong><em>omnpmtit</em></strong></span> <span class='ocrx_word' id='word_1_212' title='bbox 307 2897 546 2960; x_wconf 78' lang='lat' dir='ltr'><strong><em>mitioastnouaott,</em></strong></span> <span class='ocrx_word' id='word_1_213' title='bbox 560 2903 589 2948; x_wconf 87' lang='lat' dir='ltr'><strong><em>ut</em></strong></span> <span class='ocrx_word' id='word_1_214' title='bbox 600 2900 683 2961; x_wconf 83' lang='lat' dir='ltr'><strong><em>prod·</em></strong></span> <span class='ocrx_word' id='word_1_215' title='bbox 719 2896 745 2946; x_wconf 87' lang='lat' dir='ltr'><strong><em>io</em></strong></span> <span class='ocrx_word' id='word_1_216' title='bbox 766 2911 840 2948; x_wconf 75' lang='lat' dir='ltr'><strong><em>usum</em></strong></span> <span class='ocrx_word' id='word_1_217' title='bbox 862 2897 964 2961; x_wconf 71' lang='lat' dir='ltr'><strong><em>linquae</em></strong></span> <span class='ocrx_word' id='word_1_218' title='bbox 986 2898 1082 2946; x_wconf 80' lang='lat' dir='ltr'><strong><em>latinae</em></strong></span> <span class='ocrx_word' id='word_1_219' title='bbox 1103 2897 1248 2948; x_wconf 66' lang='lat' dir='ltr'><strong><em>iammuieea</em></strong></span> 
     </span>
     <span class='ocr_line' id='line_1_26' title="bbox 155 2969 1245 3037; baseline -0.004 -11"><span class='ocrx_word' id='word_1_220' title='bbox 155 2977 203 3026; x_wconf 88' lang='lat' dir='ltr'><strong><em>iret</em></strong></span> <span class='ocrx_word' id='word_1_221' title='bbox 220 2975 248 3023; x_wconf 82' lang='lat' dir='ltr'><strong><em>io</em></strong></span> <span class='ocrx_word' id='word_1_222' title='bbox 264 2985 365 3022; x_wconf 67' lang='lat' dir='ltr'><strong><em>merom</em></strong></span> <span class='ocrx_word' id='word_1_223' title='bbox 381 2977 405 3022; x_wconf 92' lang='lat' dir='ltr'><strong><em>et</em></strong></span> <span class='ocrx_word' id='word_1_224' title='bbox 421 2973 472 3034; x_wconf 80' lang='lat' dir='ltr'><strong><em>ipse</em></strong></span> <span class='ocrx_word' id='word_1_225' title='bbox 482 2978 569 3037; x_wconf 72' lang='lat' dir='ltr'><strong><em>aperet</em></strong></span> <span class='ocrx_word' id='word_1_226' title='bbox 584 2975 682 3036; x_wconf 85' lang='lat' dir='ltr'><strong><em>miraoe,</em></strong></span> <span class='ocrx_word' id='word_1_227' title='bbox 717 2977 782 3022; x_wconf 77' lang='lat' dir='ltr'><strong><em>sum.</em></strong></span> <span class='ocrx_word' id='word_1_228' title='bbox 810 2969 935 3022; x_wconf 88' lang='lat' dir='ltr'><strong><em>Similiter</em></strong></span> <span class='ocrx_word' id='word_1_229' title='bbox 946 2971 980 3022; x_wconf 88' lang='lat' dir='ltr'><strong><em>de</em></strong></span> <span class='ocrx_word' id='word_1_230' title='bbox 993 2985 1026 3022; x_wconf 87' lang='lat' dir='ltr'><strong><em>eo</em></strong></span> <span class='ocrx_word' id='word_1_231' title='bbox 1038 2971 1138 3022; x_wconf 87' lang='lat' dir='ltr'><strong><em>iudicet</em></strong></span> <span class='ocrx_word' id='word_1_232' title='bbox 1149 2973 1245 3023; x_wconf 84' lang='lat' dir='ltr'><strong><em>Fronto</em></strong></span> 
     </span>
     <span class='ocr_line' id='line_1_27' title="bbox 154 3044 1246 3111; baseline -0.003 -11"><span class='ocrx_word' id='word_1_233' title='bbox 154 3061 217 3111; x_wconf 77' lang='lat' dir='ltr'><strong><em>auos</em></strong></span> <span class='ocrx_word' id='word_1_234' title='bbox 231 3047 399 3110; x_wconf 71' lang='lat' dir='ltr'><strong><em>scripmabm.</em></strong></span> <span class='ocrx_word' id='word_1_235' title='bbox 435 3047 484 3098; x_wconf 87' lang='lat' dir='ltr'><strong><em>Sed</em></strong></span> <span class='ocrx_word' id='word_1_236' title='bbox 502 3053 613 3110; x_wconf 72' lang='lat' dir='ltr'><strong><em>pomae</em></strong></span> <span class='ocrx_word' id='word_1_237' title='bbox 632 3063 683 3099; x_wconf 81' lang='lat' dir='ltr'><strong><em>aon</em></strong></span> <span class='ocrx_word' id='word_1_238' title='bbox 718 3044 752 3095; x_wconf 89' lang='lat' dir='ltr'><strong><em>de</em></strong></span> <span class='ocrx_word' id='word_1_239' title='bbox 778 3047 855 3096; x_wconf 84' lang='lat' dir='ltr'><strong><em>oreti.</em></strong></span> <span class='ocrx_word' id='word_1_240' title='bbox 875 3046 951 3110; x_wconf 89' lang='lat' dir='ltr'><strong><em>epist.</em></strong></span> <span class='ocrx_word' id='word_1_241' title='bbox 972 3044 1006 3108; x_wconf 93' lang='grc'><strong><em>4.)</em></strong></span> <span class='ocrx_word' id='word_1_242' title='bbox 1044 3044 1096 3096; x_wconf 87' lang='lat' dir='ltr'><strong><em>Cir.</em></strong></span> <span class='ocrx_word' id='word_1_243' title='bbox 1121 3045 1246 3097; x_wconf 84' lang='lat' dir='ltr'><strong><em>Welcker</em></strong></span> 
     </span>
     <span class='ocr_line' id='line_1_28' title="bbox 155 3121 1244 3187; baseline -0.004 -11"><span class='ocrx_word' id='word_1_244' title='bbox 155 3125 247 3186; x_wconf 73' lang='lat' dir='ltr'><strong><em>mim,</em></strong></span> <span class='ocrx_word' id='word_1_245' title='bbox 268 3123 407 3184; x_wconf 69' lang='lat' dir='ltr'><strong><em>eleuat,</em></strong></span> <span class='ocrx_word' id='word_1_246' title='bbox 425 3123 468 3174; x_wconf 75' lang='lat' dir='ltr'><strong><em>sed</em></strong></span> <span class='ocrx_word' id='word_1_247' title='bbox 483 3123 571 3183; x_wconf 83' lang='lat' dir='ltr'><strong><em>etiarn,</em></strong></span> <span class='ocrx_word' id='word_1_248' title='bbox 589 3125 683 3187; x_wconf 77' lang='lat' dir='ltr'><strong><em>rimp-</em></strong></span> <span class='ocrx_word' id='word_1_249' title='bbox 719 3121 858 3185; x_wconf 73' lang='lat' dir='ltr'><strong><em>Trapdde&#39;m</em></strong></span> <span class='ocrx_word' id='word_1_250' title='bbox 883 3133 909 3185; x_wconf 90' lang='lat' dir='ltr'><strong><em>p.</em></strong></span> <span class='ocrx_word' id='word_1_251' title='bbox 930 3121 1002 3170; x_wconf 82' lang='grc'>4359.</span> <span class='ocrx_word' id='word_1_252' title='bbox 1043 3122 1192 3180; x_wconf 79' lang='lat' dir='ltr'><strong><em>Quinetiam</em></strong></span> <span class='ocrx_word' id='word_1_253' title='bbox 1218 3123 1244 3172; x_wconf 91' lang='lat' dir='ltr'><strong><em>ln</em></strong></span> 
     </span>
     <span class='ocr_line' id='line_1_29' title="bbox 152 3193 1246 3262; baseline -0.002 -14"><span class='ocrx_word' id='word_1_254' title='bbox 152 3201 242 3262; x_wconf 75' lang='lat' dir='ltr'><strong><em>plicet,</em></strong></span> <span class='ocrx_word' id='word_1_255' title='bbox 259 3197 340 3261; x_wconf 67' lang='lat' dir='ltr'><strong><em>coeit·</em></strong></span> <span class='ocrx_word' id='word_1_256' title='bbox 366 3198 432 3248; x_wconf 80' lang='lat' dir='ltr'><strong><em>unde</em></strong></span> <span class='ocrx_word' id='word_1_257' title='bbox 447 3211 472 3247; x_wconf 87' lang='lat' dir='ltr'><strong><em>ee</em></strong></span> <span class='ocrx_word' id='word_1_258' title='bbox 488 3201 512 3248; x_wconf 89' lang='lat' dir='ltr'><strong><em>et</em></strong></span> <span class='ocrx_word' id='word_1_259' title='bbox 527 3197 649 3249; x_wconf 73' lang='lat' dir='ltr'><strong><em>Laberius</em></strong></span> <span class='ocrx_word' id='word_1_260' title='bbox 665 3212 683 3248; x_wconf 88' lang='lat' dir='ltr'><strong><em>a</em></strong></span> <span class='ocrx_word' id='word_1_261' title='bbox 717 3196 776 3258; x_wconf 85' lang='lat' dir='ltr'><strong><em>ipso</em></strong></span> <span class='ocrx_word' id='word_1_262' title='bbox 794 3193 836 3244; x_wconf 94' lang='lat' dir='ltr'><strong>illo</strong></span> <span class='ocrx_word' id='word_1_263' title='bbox 855 3193 981 3258; x_wconf 75' lang='lat' dir='ltr'><strong>prologo,</strong></span> <span class='ocrx_word' id='word_1_264' title='bbox 1004 3207 1085 3257; x_wconf 87' lang='lat' dir='ltr'><strong><em>quem</em></strong></span> <span class='ocrx_word' id='word_1_265' title='bbox 1103 3207 1166 3244; x_wconf 90' lang='lat' dir='ltr'><strong><em>cum</em></strong></span> <span class='ocrx_word' id='word_1_266' title='bbox 1183 3194 1246 3246; x_wconf 81' lang='lat' dir='ltr'><strong>val-</strong></span> 
     </span>
     <span class='ocr_line' id='line_1_30' title="bbox 155 3267 1247 3337; baseline -0.005 -11"><span class='ocrx_word' id='word_1_267' title='bbox 155 3275 263 3326; x_wconf 70' lang='lat' dir='ltr'><strong><em>cocae</em></strong></span> <span class='ocrx_word' id='word_1_268' title='bbox 279 3277 394 3322; x_wconf 80' lang='lat' dir='ltr'><strong><em>coactrm</em></strong></span> <span class='ocrx_word' id='word_1_269' title='bbox 409 3273 437 3322; x_wconf 82' lang='lat' dir='ltr'><strong><em>io</em></strong></span> <span class='ocrx_word' id='word_1_270' title='bbox 455 3273 561 3337; x_wconf 74' lang='lat' dir='ltr'><strong><em>Prolopo</em></strong></span> <span class='ocrx_word' id='word_1_271' title='bbox 577 3277 683 3324; x_wconf 75' lang='lat' dir='ltr'><strong><em>testatur</em></strong></span> <span class='ocrx_word' id='word_1_272' title='bbox 718 3269 859 3320; x_wconf 84' lang='lat' dir='ltr'><strong><em>okencerio</em></strong></span> <span class='ocrx_word' id='word_1_273' title='bbox 877 3271 933 3318; x_wconf 83' lang='lat' dir='ltr'><strong><em>tum</em></strong></span> <span class='ocrx_word' id='word_1_274' title='bbox 950 3267 1026 3320; x_wconf 90' lang='lat' dir='ltr'><strong><em>multi</em></strong></span> <span class='ocrx_word' id='word_1_275' title='bbox 1043 3267 1165 3320; x_wconf 80' lang='lat' dir='ltr'><strong><em>admirati</em></strong></span> <span class='ocrx_word' id='word_1_276' title='bbox 1183 3272 1247 3320; x_wconf 84' lang='lat' dir='ltr'><strong><em>sunt</em></strong></span> 
     </span>
     <span class='ocr_line' id='line_1_31' title="bbox 154 3343 1246 3411; baseline -0.004 -12"><span class='ocrx_word' id='word_1_277' title='bbox 154 3350 190 3399; x_wconf 82' lang='lat' dir='ltr'><strong><em>tie</em></strong></span> <span class='ocrx_word' id='word_1_278' title='bbox 204 3347 331 3407; x_wconf 69' lang='lat' dir='ltr'><strong><em>uersibus,</em></strong></span> <span class='ocrx_word' id='word_1_279' title='bbox 350 3349 401 3398; x_wconf 87' lang='lat' dir='ltr'><strong><em>cet.</em></strong></span> <span class='ocrx_word' id='word_1_280' title='bbox 420 3347 545 3410; x_wconf 85' lang='lat' dir='ltr'><strong><em>Sequitur</em></strong></span> <span class='ocrx_word' id='word_1_281' title='bbox 555 3345 682 3411; x_wconf 80' lang='lat' dir='ltr'><strong>Prologus</strong></span> <span class='ocrx_word' id='word_1_282' title='bbox 717 3347 797 3408; x_wconf 81' lang='lat' dir='ltr'><strong><em>atque</em></strong></span> <span class='ocrx_word' id='word_1_283' title='bbox 810 3343 963 3394; x_wconf 74' lang='lat' dir='ltr'><strong><em>etiamnunc</em></strong></span> <span class='ocrx_word' id='word_1_284' title='bbox 974 3343 1154 3405; x_wconf 81' lang='lat' dir='ltr'><strong><em>admirantur,</em></strong></span> <span class='ocrx_word' id='word_1_285' title='bbox 1173 3345 1246 3396; x_wconf 84' lang='lat' dir='ltr'><strong><em>Wie-</em></strong></span> 
     </span>
     <span class='ocr_line' id='line_1_32' title="bbox 155 3416 1242 3488; baseline -0.006 -12"><span class='ocrx_word' id='word_1_286' title='bbox 155 3423 263 3488; x_wconf 88' lang='lat' dir='ltr'><strong><em>cptimie</em></strong></span> <span class='ocrx_word' id='word_1_287' title='bbox 280 3422 372 3485; x_wconf 88' lang='lat' dir='ltr'><strong><em>utique</em></strong></span> <span class='ocrx_word' id='word_1_288' title='bbox 389 3422 479 3485; x_wconf 77' lang='lat' dir='ltr'><strong><em>poesie</em></strong></span> <span class='ocrx_word' id='word_1_289' title='bbox 496 3422 604 3472; x_wconf 86' lang='lat' dir='ltr'><strong><em>Letinee</em></strong></span> <span class='ocrx_word' id='word_1_290' title='bbox 622 3435 682 3472; x_wconf 92' lang='lat' dir='ltr'><strong><em>mo-</em></strong></span> <span class='ocrx_word' id='word_1_291' title='bbox 716 3420 780 3471; x_wconf 83' lang='lat' dir='ltr'><strong><em>land</em></strong></span> <span class='ocrx_word' id='word_1_292' title='bbox 797 3423 824 3470; x_wconf 90' lang='lat' dir='ltr'><strong><em>et</em></strong></span> <span class='ocrx_word' id='word_1_293' title='bbox 841 3433 892 3470; x_wconf 84' lang='lat' dir='ltr'><strong><em>von</em></strong></span> <span class='ocrx_word' id='word_1_294' title='bbox 913 3418 1021 3470; x_wconf 87' lang='lat' dir='ltr'><strong><em>lleusde</em></strong></span> <span class='ocrx_word' id='word_1_295' title='bbox 1039 3416 1119 3469; x_wconf 89' lang='lat' dir='ltr'><strong>Lucil.</strong></span> <span class='ocrx_word' id='word_1_296' title='bbox 1139 3432 1165 3484; x_wconf 90' lang='lat' dir='ltr'><strong><em>p.</em></strong></span> <span class='ocrx_word' id='word_1_297' title='bbox 1185 3420 1242 3470; x_wconf 84' lang='lat' dir='ltr'><strong><em>ltili.</em></strong></span> 
     </span>
     <span class='ocr_line' id='line_1_33' title="bbox 155 3493 1244 3558; baseline -0.004 -8"><span class='ocrx_word' id='word_1_298' title='bbox 155 3497 290 3550; x_wconf 88' lang='lat' dir='ltr'><strong><em>numenlis</em></strong></span> <span class='ocrx_word' id='word_1_299' title='bbox 318 3495 552 3558; x_wconf 63' lang='lat' dir='ltr'><strong><em>adnumerandum</em></strong></span> <span class='ocrx_word' id='word_1_300' title='bbox 585 3511 681 3549; x_wconf 84' lang='lat' dir='ltr'><strong><em>verum</em></strong></span> <span class='ocrx_word' id='word_1_301' title='bbox 716 3495 928 3547; x_wconf 75' lang='lat' dir='ltr'><strong><em>inconcinnitatis</em></strong></span> <span class='ocrx_word' id='word_1_302' title='bbox 946 3497 974 3546; x_wconf 91' lang='lat' dir='ltr'><strong><em>et</em></strong></span> <span class='ocrx_word' id='word_1_303' title='bbox 990 3493 1149 3558; x_wconf 76' lang='lat' dir='ltr'><strong><em>garrulitatis</em></strong></span> <span class='ocrx_word' id='word_1_304' title='bbox 1161 3497 1244 3546; x_wconf 85' lang='lat' dir='ltr'><strong><em>veeti-</em></strong></span> 
     </span>
     <span class='ocr_line' id='line_1_34' title="bbox 155 3569 1241 3636; baseline -0.006 -10"><span class='ocrx_word' id='word_1_305' title='bbox 155 3575 228 3626; x_wconf 87' lang='lat' dir='ltr'><strong><em>mimi</em></strong></span> <span class='ocrx_word' id='word_1_306' title='bbox 245 3573 296 3636; x_wconf 82' lang='lat' dir='ltr'><strong><em>ipsi</em></strong></span> <span class='ocrx_word' id='word_1_307' title='bbox 314 3585 368 3622; x_wconf 92' lang='lat' dir='ltr'><strong><em>non</em></strong></span> <span class='ocrx_word' id='word_1_308' title='bbox 385 3571 472 3623; x_wconf 87' lang='lat' dir='ltr'><strong>solum</strong></span> <span class='ocrx_word' id='word_1_309' title='bbox 488 3573 609 3632; x_wconf 84' lang='lat' dir='ltr'><strong><em>lloretio,</em></strong></span> <span class='ocrx_word' id='word_1_310' title='bbox 632 3571 680 3622; x_wconf 82' lang='lat' dir='ltr'><strong><em>sed</em></strong></span> <span class='ocrx_word' id='word_1_311' title='bbox 717 3571 758 3634; x_wconf 80' lang='lat' dir='ltr'><strong><em>gie</em></strong></span> <span class='ocrx_word' id='word_1_312' title='bbox 783 3569 834 3620; x_wconf 88' lang='lat' dir='ltr'><strong><em>sibi</em></strong></span> <span class='ocrx_word' id='word_1_313' title='bbox 855 3570 1077 3622; x_wconf 80' lang='lat' dir='ltr'><strong><em>animadvertisse</em></strong></span> <span class='ocrx_word' id='word_1_314' title='bbox 1099 3570 1148 3620; x_wconf 87' lang='lat' dir='ltr'><strong><em>visi</em></strong></span> <span class='ocrx_word' id='word_1_315' title='bbox 1171 3573 1241 3622; x_wconf 85' lang='lat' dir='ltr'><strong><em>sunt.</em></strong></span> 
     </span>
     <span class='ocr_line' id='line_1_35' title="bbox 155 3643 1244 3711; baseline -0.007 -12"><span class='ocrx_word' id='word_1_316' title='bbox 155 3651 236 3700; x_wconf 79' lang='lat' dir='ltr'><strong><em>etiem</em></strong></span> <span class='ocrx_word' id='word_1_317' title='bbox 253 3647 376 3698; x_wconf 85' lang='lat' dir='ltr'><strong><em>Ciceroni</em></strong></span> <span class='ocrx_word' id='word_1_318' title='bbox 397 3646 470 3696; x_wconf 81' lang='lat' dir='ltr'><strong><em>houd</em></strong></span> <span class='ocrx_word' id='word_1_319' title='bbox 491 3647 570 3698; x_wconf 83' lang='lat' dir='ltr'><strong><em>nimie</em></strong></span> <span class='ocrx_word' id='word_1_320' title='bbox 590 3645 681 3711; x_wconf 86' lang='lat' dir='ltr'><strong><em>plece-</em></strong></span> <span class='ocrx_word' id='word_1_321' title='bbox 718 3644 1065 3708; x_wconf 70' lang='lat' dir='ltr'><strong><em>-mimoe10vidTristt,</em></strong></span> <span class='ocrx_word' id='word_1_322' title='bbox 1079 3643 1145 3696; x_wconf 71' lang='lat'><strong>497:</strong></span> <span class='ocrx_word' id='word_1_323' title='bbox 1165 3645 1244 3708; x_wconf 80' lang='lat' dir='ltr'><strong><em>Quid,</em></strong></span> 
     </span>
     <span class='ocr_line' id='line_1_36' title="bbox 154 3719 1246 3784; baseline -0.005 -11"><span class='ocrx_word' id='word_1_324' title='bbox 154 3721 226 3773; x_wconf 80' lang='lat' dir='ltr'><strong><em>beni.</em></strong></span> <span class='ocrx_word' id='word_1_325' title='bbox 268 3722 323 3772; x_wconf 90' lang='lat' dir='ltr'><strong><em>Cic.</em></strong></span> <span class='ocrx_word' id='word_1_326' title='bbox 347 3721 383 3772; x_wconf 86' lang='lat' dir='ltr'><strong><em>cd</em></strong></span> <span class='ocrx_word' id='word_1_327' title='bbox 403 3722 476 3772; x_wconf 79' lang='lat' dir='ltr'><strong><em>Fam.</em></strong></span> <span class='ocrx_word' id='word_1_328' title='bbox 500 3722 547 3783; x_wconf 73' lang='lat' dir='ltr'><strong><em>ti,</em></strong></span> <span class='ocrx_word' id='word_1_329' title='bbox 575 3722 620 3784; x_wconf 85' lang='grc'><strong><em>48,</em></strong></span> <span class='ocrx_word' id='word_1_330' title='bbox 648 3723 678 3770; x_wconf 75' lang='lat'><strong><em>2:</em></strong></span> <span class='ocrx_word' id='word_1_331' title='bbox 715 3720 904 3782; x_wconf 78' lang='lat' dir='ltr'><strong><em>cieoripeiesem</em></strong></span> <span class='ocrx_word' id='word_1_332' title='bbox 919 3719 1008 3770; x_wconf 77' lang='lat' dir='ltr'><strong><em>minae</em></strong></span> <span class='ocrx_word' id='word_1_333' title='bbox 1025 3719 1144 3768; x_wconf 76' lang='lat' dir='ltr'><strong><em>obseoena</em></strong></span> <span class='ocrx_word' id='word_1_334' title='bbox 1159 3719 1246 3769; x_wconf 83' lang='lat' dir='ltr'><strong><em>iocare-</em></strong></span> 
     </span>
     <span class='ocr_line' id='line_1_37' title="bbox 154 3795 1244 3860; baseline -0.001 -13"><span class='ocrx_word' id='word_1_335' title='bbox 154 3797 277 3860; x_wconf 74' lang='lat' dir='ltr'><strong><em>lipue&#39;dem</em></strong></span> <span class='ocrx_word' id='word_1_336' title='bbox 297 3795 333 3845; x_wconf 83' lang='lat' dir='ltr'><strong><em>eie</em></strong></span> <span class='ocrx_word' id='word_1_337' title='bbox 355 3796 408 3846; x_wconf 87' lang='lat' dir='ltr'><strong><em>iam</em></strong></span> <span class='ocrx_word' id='word_1_338' title='bbox 430 3795 537 3846; x_wconf 71' lang='lat' dir='ltr'><strong><em>coemat</em></strong></span> <span class='ocrx_word' id='word_1_339' title='bbox 559 3795 591 3858; x_wconf 84' lang='lat' dir='ltr'><strong><em>lu.</em></strong></span> <span class='ocrx_word' id='word_1_340' title='bbox 609 3809 636 3846; x_wconf 91' lang='lat' dir='ltr'><strong><em>u.</em></strong></span> <span class='ocrx_word' id='word_1_341' title='bbox 652 3809 678 3845; x_wconf 90' lang='lat' dir='ltr'><strong><em>c.</em></strong></span> <span class='ocrx_word' id='word_1_342' title='bbox 714 3803 761 3859; x_wconf 81' lang='lat' dir='ltr'><strong><em>ter,</em></strong></span> <span class='ocrx_word' id='word_1_343' title='bbox 783 3799 832 3859; x_wconf 80' lang='lat' dir='ltr'><strong><em>(iai</em></strong></span> <span class='ocrx_word' id='word_1_344' title='bbox 848 3809 944 3858; x_wconf 85' lang='lat' dir='ltr'><strong><em>eeraper</em></strong></span> <span class='ocrx_word' id='word_1_345' title='bbox 959 3795 1029 3846; x_wconf 88' lang='lat' dir='ltr'><strong><em>uetiti</em></strong></span> <span class='ocrx_word' id='word_1_346' title='bbox 1042 3795 1244 3846; x_wconf 78' lang='lat' dir='ltr'><strong><em>crimenaoiorie</em></strong></span> 
     </span>
     <span class='ocr_line' id='line_1_38' title="bbox 154 3868 1242 3934; baseline -0.002 -12"><span class='ocrx_word' id='word_1_347' title='bbox 154 3872 230 3934; x_wconf 60' lang='grc'>7094,</span> <span class='ocrx_word' id='word_1_348' title='bbox 248 3875 278 3922; x_wconf 87' lang='lat' dir='ltr'><strong><em>ut</em></strong></span> <span class='ocrx_word' id='word_1_349' title='bbox 295 3871 360 3920; x_wconf 87' lang='lat' dir='ltr'><strong><em>ludie</em></strong></span> <span class='ocrx_word' id='word_1_350' title='bbox 374 3870 489 3920; x_wconf 77' lang='lat' dir='ltr'><strong><em>Caesarie</em></strong></span> <span class='ocrx_word' id='word_1_351' title='bbox 504 3870 584 3920; x_wconf 82' lang='lat' dir='ltr'><strong><em>nostri</em></strong></span> <span class='ocrx_word' id='word_1_352' title='bbox 595 3871 680 3922; x_wconf 81' lang='lat' dir='ltr'><strong><em>coium</em></strong></span> <span class='ocrx_word' id='word_1_353' title='bbox 714 3871 821 3922; x_wconf 76' lang='lat' dir='ltr'><strong><em>lateat?</em></strong></span> <span class='ocrx_word' id='word_1_354' title='bbox 832 3899 858 3907; x_wconf 81' lang='lat'><em>-</em></span> <span class='ocrx_word' id='word_1_355' title='bbox 869 3869 985 3934; x_wconf 79' lang='lat' dir='ltr'><strong><em>paleira]</em></strong></span> <span class='ocrx_word' id='word_1_356' title='bbox 999 3868 1159 3933; x_wconf 66' lang='lat' dir='ltr'><strong><em>«perlectam</em></strong></span> <span class='ocrx_word' id='word_1_357' title='bbox 1179 3881 1242 3920; x_wconf 83' lang='lat' dir='ltr'><strong><em>nem</em></strong></span> 
     </span>
     <span class='ocr_line' id='line_1_39' title="bbox 153 3945 1245 4011; baseline -0.003 -15"><span class='ocrx_word' id='word_1_358' title='bbox 153 3946 303 4010; x_wconf 65' lang='lat' dir='ltr'><strong><em>ceciderim</em></strong></span> <span class='ocrx_word' id='word_1_359' title='bbox 323 3971 338 3982; x_wconf 95' lang='lat'><em>-</em></span> <span class='ocrx_word' id='word_1_360' title='bbox 358 3971 373 3982; x_wconf 91' lang='lat'>·</span> <span class='ocrx_word' id='word_1_361' title='bbox 394 3945 509 3996; x_wconf 76' lang='lat' dir='ltr'><strong><em>audirem</em></strong></span> <span class='ocrx_word' id='word_1_362' title='bbox 532 3945 633 3996; x_wconf 74' lang='lat' dir='ltr'><strong><em>Laeuii</em></strong></span> <span class='ocrx_word' id='word_1_363' title='bbox 656 3952 680 3996; x_wconf 88' lang='lat' dir='ltr'><strong><em>et</em></strong></span> <span class='ocrx_word' id='word_1_364' title='bbox 715 3946 788 4011; x_wconf 91' lang='lat' dir='ltr'><strong><em>quod</em></strong></span> <span class='ocrx_word' id='word_1_365' title='bbox 805 3945 839 3997; x_wconf 81' lang='lat' dir='ltr'><strong><em>ad</em></strong></span> <span class='ocrx_word' id='word_1_366' title='bbox 852 3945 1075 4009; x_wconf 86' lang='lat' dir='ltr'><strong><em>compositionem</em></strong></span> <span class='ocrx_word' id='word_1_367' title='bbox 1087 3945 1245 3994; x_wconf 86' lang='lat' dir='ltr'><strong><em>etcommo-</em></strong></span> 
     </span>
     <span class='ocr_line' id='line_1_40' title="bbox 151 4017 1243 4086; baseline -0.003 -14"><span class='ocrx_word' id='word_1_368' title='bbox 151 4023 230 4072; x_wconf 74' lang='lat' dir='ltr'><strong><em>mett</em></strong></span> <span class='ocrx_word' id='word_1_369' title='bbox 247 4019 325 4084; x_wconf 79' lang='lat' dir='ltr'><strong><em>(Syri)</em></strong></span> <span class='ocrx_word' id='word_1_370' title='bbox 343 4022 473 4082; x_wconf 79' lang='lat' dir='ltr'><strong><em>poemata.</em></strong></span> <span class='ocrx_word' id='word_1_371' title='bbox 508 4019 679 4086; x_wconf 77' lang='lat' dir='ltr'><strong><em>Displicuieec</em></strong></span> <span class='ocrx_word' id='word_1_372' title='bbox 715 4022 778 4074; x_wconf 81' lang='lat' dir='ltr'><strong><em>dem</em></strong></span> <span class='ocrx_word' id='word_1_373' title='bbox 803 4021 882 4072; x_wconf 86' lang='lat' dir='ltr'><strong><em>totius</em></strong></span> <span class='ocrx_word' id='word_1_374' title='bbox 902 4019 1014 4070; x_wconf 83' lang='lat' dir='ltr'><strong><em>actionis</em></strong></span> <span class='ocrx_word' id='word_1_375' title='bbox 1036 4017 1243 4083; x_wconf 80' lang='lat' dir='ltr'><strong><em>implicationem</em></strong></span> 
     </span>
     <span class='ocr_line' id='line_1_41' title="bbox 153 4092 1244 4153; baseline -0.005 -5"><span class='ocrx_word' id='word_1_376' title='bbox 153 4097 260 4148; x_wconf 79' lang='lat' dir='ltr'><strong><em>Horatio</em></strong></span> <span class='ocrx_word' id='word_1_377' title='bbox 277 4094 402 4146; x_wconf 86' lang='lat' dir='ltr'><strong><em>videntur</em></strong></span> <span class='ocrx_word' id='word_1_378' title='bbox 418 4096 534 4146; x_wconf 80' lang='lat' dir='ltr'><strong><em>maxime</em></strong></span> <span class='ocrx_word' id='word_1_379' title='bbox 558 4097 615 4146; x_wconf 83' lang='lat' dir='ltr'><strong><em>loce</em></strong></span> <span class='ocrx_word' id='word_1_380' title='bbox 638 4097 680 4146; x_wconf 89' lang='lat' dir='ltr'><strong><em>in·</em></strong></span> <span class='ocrx_word' id='word_1_381' title='bbox 715 4111 747 4148; x_wconf 86' lang='lat' dir='ltr'><strong><em>cc</em></strong></span> <span class='ocrx_word' id='word_1_382' title='bbox 759 4095 920 4147; x_wconf 83' lang='lat' dir='ltr'><strong><em>solutionem</em></strong></span> <span class='ocrx_word' id='word_1_383' title='bbox 937 4095 1045 4153; x_wconf 77' lang='lat' dir='ltr'><strong><em>attinet,</em></strong></span> <span class='ocrx_word' id='word_1_384' title='bbox 1064 4093 1138 4144; x_wconf 88' lang='lat' dir='ltr'><strong><em>mimi</em></strong></span> <span class='ocrx_word' id='word_1_385' title='bbox 1155 4092 1244 4144; x_wconf 88' lang='lat' dir='ltr'><strong><em>Lebe-</em></strong></span> 
     </span>
     <span class='ocr_line' id='line_1_42' title="bbox 153 4165 1243 4232; baseline -0.006 -9"><span class='ocrx_word' id='word_1_386' title='bbox 153 4173 261 4224; x_wconf 88' lang='lat' dir='ltr'><strong><em>terdum</em></strong></span> <span class='ocrx_word' id='word_1_387' title='bbox 285 4171 374 4222; x_wconf 87' lang='lat' dir='ltr'><strong><em>minue</em></strong></span> <span class='ocrx_word' id='word_1_388' title='bbox 395 4170 498 4222; x_wconf 84' lang='lat' dir='ltr'><strong><em>urbane</em></strong></span> <span class='ocrx_word' id='word_1_389' title='bbox 524 4175 552 4222; x_wconf 88' lang='lat' dir='ltr'><strong><em>et</em></strong></span> <span class='ocrx_word' id='word_1_390' title='bbox 577 4173 678 4222; x_wconf 84' lang='lat' dir='ltr'><strong><em>tentum</em></strong></span> <span class='ocrx_word' id='word_1_391' title='bbox 716 4171 782 4220; x_wconf 85' lang='lat' dir='ltr'><strong><em>rinni</em></strong></span> <span class='ocrx_word' id='word_1_392' title='bbox 799 4183 863 4220; x_wconf 85' lang='lat' dir='ltr'><strong><em>sene</em></strong></span> <span class='ocrx_word' id='word_1_393' title='bbox 883 4167 1060 4232; x_wconf 84' lang='lat' dir='ltr'><strong><em>postponendi</em></strong></span> <span class='ocrx_word' id='word_1_394' title='bbox 1077 4165 1243 4218; x_wconf 75' lang='lat' dir='ltr'><strong><em>enuntiabu-</em></strong></span> 
     </span>
     <span class='ocr_line' id='line_1_43' title="bbox 153 4242 1165 4311; baseline -0.006 -13"><span class='ocrx_word' id='word_1_395' title='bbox 153 4247 186 4298; x_wconf 85' lang='lat' dir='ltr'><strong><em>ed</em></strong></span> <span class='ocrx_word' id='word_1_396' title='bbox 203 4247 312 4298; x_wconf 78' lang='lat' dir='ltr'><strong><em>infimae</em></strong></span> <span class='ocrx_word' id='word_1_397' title='bbox 334 4243 421 4311; x_wconf 84' lang='lat' dir='ltr'><strong><em>plebis</em></strong></span> <span class='ocrx_word' id='word_1_398' title='bbox 443 4247 512 4298; x_wconf 87' lang='lat' dir='ltr'><strong><em>rieus</em></strong></span> <span class='ocrx_word' id='word_1_399' title='bbox 534 4244 697 4310; x_wconf 70' lang='lat' dir='ltr'><strong><em>captandos*</em></strong></span> <span class='ocrx_word' id='word_1_400' title='bbox 715 4244 746 4298; x_wconf 89' lang='lat' dir='ltr'><strong><em>lis</em></strong></span> <span class='ocrx_word' id='word_1_401' title='bbox 763 4242 933 4296; x_wconf 82' lang='lat' dir='ltr'><strong><em>Menandreis</em></strong></span> <span class='ocrx_word' id='word_1_402' title='bbox 950 4245 977 4292; x_wconf 87' lang='lat' dir='ltr'><strong><em>oi</em></strong></span> <span class='ocrx_word' id='word_1_403' title='bbox 993 4243 1165 4294; x_wconf 68' lang='lat' dir='ltr'><strong><em>Terentinum.</em></strong></span> 
     </span>
    </p>
   </div>
   <div class='ocr_carea' id='block_1_6' title="bbox 0 0 1546 4968">
    <p class='ocr_par' dir='ltr' id='par_1_13' title="bbox 0 0 1546 4968">
     <span class='ocr_line' id='line_1_44' title="bbox 0 0 1546 4968; baseline 0 3"><span class='ocrx_word' id='word_1_404' title='bbox 0 0 1546 4968; x_wconf 95' lang='lat' dir='ltr'><strong><em> </em></strong></span> 
     </span>
    </p>
   </div>
  </div>
 </body>
</html>
