3174 4974
612 431 671 480 xrn.
691 433 721 480 n.
741 431 839 482 uersu.
859 433 877 481 i.
1232 431 1294 496 uui

248 588 280 654 Si
303 607 418 654 versus
441 585 537 672 paulo
560 587 747 654 concinnior
768 609 852 653 unus
874 596 907 654 et
927 587 1022 664 ulter,

246 709 366 774 luiuste
388 715 487 774 totum
510 707 599 774 ducit
619 707 795 798 venditque
817 717 944 797 poema.
1250 713 1291 778 75

246 829 398 917 Indignor
419 828 597 917 quidquam
619 829 829 917 reprehendi,
862 851 926 898 non
949 833 1025 919 quie
1043 851 1152 900 crasse

268 1049 442 1110 leventque
457 1063 485 1110 κ,
503 1046 645 1098 Bentleius.
666 1049 705 1108 (Ut
722 1060 780 1106 nos,
799 1048 891 1108 nostri,
911 1049 988 1110 Fene,
1010 1049 1134 1110 Pottierii,
1154 1051 1258 1104 Schmi-

236 1122 271 1172 dii
288 1121 372 1172 Codd.
392 1123 505 1184 omncs.)
525 1121 614 1171 --m
632 1123 750 1183 reprendi
767 1117 783 1172 S
802 1121 864 1183 (non
881 1122 956 1185 bEc).

172 1359 174 1366 ,
203 1309 237 1360 ad
254 1321 371 1372 unguem
389 1308 497 1360 exactis.
525 1308 564 1359 ei.
584 1307 658 1358 ovid.
672 1309 728 1358 lle·
764 1305 828 1358 llum
841 1320 949 1371 gregem
962 1309 989 1360 in
1001 1313 1101 1362 catasta
1111 1313 1288 1376 exponebant,

202 1387 267 1434 tem.
287 1385 313 1442 l,
330 1383 392 1435 loc:
419 1382 661 1442 romu-tunicis,
687 1382 728 1432 sed
766 1383 880 1432 maxime
915 1383 1048 1436 formosos
1076 1399 1108 1436 ec
1135 1385 1238 1438 validos
1264 1391 1289 1439 iu

201 1459 279 1522 elide
289 1469 417 1506 memore
428 1461 526 1519 coepto,
545 1458 602 1507 Non
613 1461 728 1506 exucta
763 1457 850 1519 primo
867 1456 960 1506 ordine
976 1456 1154 1521 collocabant;
1173 1463 1200 1511 bi
1213 1463 1290 1525 igitur

201 1533 277 1593 amis,
303 1531 455 1593 mdibreque
474 1531 601 1582 sirniilimu
623 1531 726 1595 siquis.»
764 1531 837 1580 duces
860 1532 948 1594 gregis
973 1531 1124 1585 alliciebant
1144 1539 1288 1601 emptores,

204 1633 230 1644 -
249 1605 338 1669 miror]
356 1605 432 1656 ldem
447 1607 501 1656 iam
518 1605 605 1656 lueret
622 1606 728 1656 Cicero-
764 1604 832 1655 adeo
849 1607 878 1654 ut
900 1609 1010 1670 propt-er
1028 1607 1078 1658 hos
1095 1610 1229 1662 interdum
1248 1615 1290 1660 to-

202 1682 242 1732 nis
267 1680 393 1732 iudicium
417 1682 573 1732 nominatim
591 1681 625 1730 de
644 1681 725 1740 Livio,
763 1681 806 1730 tus
823 1693 888 1742 grex
905 1681 1013 1732 adirite
1025 1680 1113 1747 aliquo
1126 1689 1288 1736 emeretur.»

202 1756 274 1806 Brut.
290 1756 330 1816 ts,
344 1755 384 1804 ll.
400 1754 465 1818 (vid.
477 1756 511 1805 ud
523 1769 548 1804 v.
558 1756 624 1818 ot.);
638 1767 726 1820 neque
763 1753 816 1804 Sed
840 1754 862 1804 si
880 1755 933 1804 hoc
949 1756 1038 1819 ipsum
1055 1757 1183 1808 voluisset
1199 1763 1287 1824 poeta,

202 1830 310 1888 Fronto,
330 1829 414 1879 mirus
431 1827 473 1880 ille
488 1831 664 1893 antiquarius,
684 1842 727 1880 us·
762 1829 948 1891 mangonicum
960 1834 1046 1880 artem
1058 1844 1111 1882 uno
1124 1831 1289 1885 saltemver·

201 1916 282 1966 quem
300 1904 363 1954 Livii
374 1905 540 1954 mentionem
551 1905 613 1956 iacit
624 1906 650 1954 in
662 1905 727 1954 scri·
761 1901 798 1952 bo
820 1903 1003 1966 significasset,
1037 1901 1148 1956 Ceterae
1170 1909 1288 1974 explica-

199 1978 252 2042 ptis
268 1977 464 2042 superstitibus.
762 1978 847 2028 tiones
869 1977 970 2030 alienae
990 1981 1087 2043 partim
1109 1995 1123 2030 a
1142 1988 1288 2034 consuetu-

233 2053 322 2102 itt-75.
348 2053 456 2116 onium]
475 2053 562 2103 «luter
578 2066 647 2116 quac
665 2066 726 2103 oer-
762 2052 823 2102 dine
841 2054 944 2114 Latine,
966 2055 1063 2118 partim
1080 2069 1095 2104 a
1113 2054 1165 2107 loci
1182 2061 1288 2110 senlen-

200 2127 271 2176 minu
288 2127 351 2176 Livii
370 2128 397 2176 et
408 2129 498 2176 cetere
510 2130 617 2192 entique
629 2129 651 2180 si
664 2141 726 2178 ver·
761 2126 797 2175 tia
823 2126 954 2177 videntur.
991 2127 1170 2190 (Novissimae
1196 2135 1286 2184 numm

199 2199 265 2250 bum
278 2214 325 2250 uox
337 2202 473 2264 insperato
482 2203 618 2266 apparuit»
630 2203 723 2264 (Corra.
761 2202 812 2252 hae
838 2204 916 2252 sunt:
944 2201 966 2264 ll
992 2204 1147 2264 «aestimat,
1174 2205 1284 2268 iudicat,

199 2274 289 2338 Curuo.)
313 2277 341 2324 et
356 2288 421 2338 pree
439 2279 536 2328 ceteris
554 2276 725 2340 pulchritudi-
761 2279 891 2336 censetp»
918 2277 941 2340 t)
964 2277 1059 2338 «lacit,
1087 2281 1116 2328 ut
1133 2279 1246 2330 ducetur
1262 2296 1284 2334 s.

199 2351 239 2400 nis
265 2363 330 2400 suae
355 2352 446 2414 specie
472 2353 591 2402 animum
616 2351 724 2402 lectoris
761 2352 963 2414 existimetur»)
981 2353 1135 2404 Suamvero
1144 2351 1285 2408 lectionem

198 2423 232 2474 ad
249 2437 279 2474 se
297 2423 436 2475 advertit.»
462 2425 582 2490 intelligit
598 2439 724 2491 praeser-
760 2426 893 2478 Beni-leius
911 2428 946 2476 ita
964 2428 1099 2491 exposuit:
1120 2429 1160 2478 usi
1171 2429 1286 2482 verbum

198 2499 246 2550 tim
262 2499 346 2550 verbs
363 2499 475 2552 feliciter
491 2501 534 2552 vel
551 2516 566 2551 a
583 2502 723 2565 primitivis
760 2501 900 2563 decorum,
927 2501 949 2553 si
972 2514 1040 2552 uuus
1062 2505 1089 2552 et
1106 2501 1172 2553 alter
1189 2518 1285 2556 versus

198 2573 313 2625 deducta
336 2574 378 2625 vel
404 2577 559 2640 composite.
575 2603 603 2613 -
621 2579 723 2628 conciu-
759 2574 838 2640 paulo
865 2577 1019 2626 concinnior
1044 2577 1168 2637 emicuit,
1201 2581 1286 2629 totum

197 2649 262 2712 nior]
288 2662 363 2700 anon
385 2649 472 2702 solum
490 2650 587 2713 regulis
604 2651 722 2702 metricis
760 2655 857 2712 poema
868 2650 965 2700 iniuste
977 2651 1044 2698 ducit
1054 2650 1088 2713 (id
1101 2653 1157 2711 est,
1177 2651 1284 2716 decipit,

198 2723 371 2784 satisfaciens,
384 2737 480 2774 verum
493 2725 651 2776 etiamsono
665 2726 722 2789 ipso
760 2722 820 2774 luco
847 2721 918 2785 tollit)
942 2725 1092 2786 emptorem
1115 2726 1243 2786 eivenit,
1270 2739 1284 2774 a

198 2797 307 2848 curibus
329 2801 419 2861 gratus
441 2813 473 2849 ac
494 2799 549 2860 rei,
577 2811 657 2863 quam
675 2811 723 2848 ex·
759 2795 849 2847 multis
871 2797 995 2847 emitur.»
1025 2797 1078 2846 Sed
1095 2810 1159 2848 vere
1176 2802 1286 2849 seuten-

198 2873 301 2935 primit,
334 2885 445 2936 prorsus
470 2874 663 2924 conveniens.»
693 2899 721 2908 -
760 2872 795 2920 tia
822 2872 891 2921 baec
918 2872 975 2920 est:
1004 2871 1139 2934 ul³r0pter
1167 2871 1285 2935 singulos

197 2947 274 3008 ducit]
284 2949 355 3000 asine
367 2961 448 2998 causa
459 2951 487 2999 et
497 2949 630 2998 immerito
638 2946 722 2999 verbu
759 2945 891 3008 quosdam
909 2943 982 2996 locos
995 2939 1101 3014 (ῥήσεις
1114 2947 1246 3010 imprimis
1258 2949 1284 2998 in

198 3023 226 3070 et
249 3033 347 3072 versus
373 3021 471 3086 aliquot
496 3021 600 3087 pulchri
629 3035 722 3072 secum
759 3019 909 3082 tragoediis)
918 3033 983 3070 vere
994 3019 1119 3083 pulchros
1129 3023 1285 3086 totumpoit·

198 3096 299 3146 ducunt
316 3098 400 3147 totum
417 3102 525 3161 poema,
545 3110 598 3161 quo
611 3099 669 3162 siue
681 3098 722 3148 bis
759 3106 803 3145 me
820 3107 869 3158 pro
887 3093 1008 3158 perlecto
1022 3093 1123 3145 habere
1140 3098 1220 3160 utque
1238 3097 1285 3148 ad·

197 3171 262 3221 locis
280 3169 425 3221 illustribus
442 3173 582 3235 pervenire
594 3185 647 3223 non
662 3183 723 3236 pos·
759 3169 849 3220 mirari
865 3167 937 3220 stulti
954 3171 1021 3218 est.»

198 3248 251 3306 cet,
276 3245 375 3306 idest,
403 3247 429 3296 in
446 3247 562 3307 theatra,
589 3247 615 3297 iu
632 3259 723 3310 grem·
792 3243 880 3294 'lii-78.
908 3243 1053 3307 quonium]
1072 3243 1098 3292 h.
1112 3241 1128 3292 i.
1142 3243 1168 3293 in
1185 3257 1283 3308 propo-

197 3321 355 3372 malicorum
372 3319 490 3382 scholas,
512 3322 538 3371 in
555 3323 722 3385 privatorum
758 3317 853 3368 sitione
866 3317 1036 3378 affirmative,
1056 3319 1085 3366 ut
1099 3317 1154 3367 Cic.
1168 3317 1243 3369 Cutil.
1257 3320 1281 3382 l,

197 3407 304 3459 quoque
321 3393 511 3456 bibliothecas,
530 3396 721 3459 elquetulioin
758 3394 787 3442 2:
816 3392 942 3454 Quamdiu
963 3391 1096 3454 quicquum
1115 3392 1175 3453 erit,
1201 3393 1244 3455 qui
1260 3397 1284 3443 le

197 3469 255 3520 loca
266 3470 723 3534 perductumoesduutscommen-
758 3467 889 3530 defendere
904 3468 1010 3528 codem,
1027 3468 1102 3517 uiues
1139 3468 1282 3531 Utrobique

197 3545 276 3606 dent,
308 3545 466 3610 applausum
495 3549 519 3597 ei
548 3545 720 3598 conciliant.»
759 3545 850 3594 umen
867 3544 936 3594 inest
952 3543 1024 3593 nolio
1042 3543 1179 3605 negativo:
1204 3555 1284 3608 «pro-
1364 3597 1374 3605 ,

199 3621 306 3671 Vendere
330 3621 403 3672 enim
428 3625 456 3672 et
478 3623 608 3672 uenditare
629 3624 722 3684 poento
757 3623 851 3682 pterea
877 3618 951 3682 quod
975 3618 1113 3682 quidpiam
1139 3631 1225 3682 nuper
1249 3618 1284 3669 sit

196 3695 238 3746 vel
255 3697 394 3746 cratim
416 3701 458 3748 est
479 3711 558 3748 neam
582 3711 721 3748 commen·
758 3693 949 3758 compositum,
967 3691 1129 3756 reprebendi
1141 3705 1193 3743 non
1206 3705 1284 3756 opor-

197 3769 288 3823 dareu·
307 3771 361 3823 Cic.
375 3771 409 3821 ad
420 3773 473 3822 Ait.
487 3772 527 3830 43,
542 3773 582 3832 ii,
595 3773 626 3821 t:
645 3773 722 3834 lipa-
758 3772 814 3819 tere
823 3784 829 3828 ;
838 3785 851 3812 »
870 3769 1021 3818 *neminem
1033 3779 1093 3818 esse
1106 3766 1222 3827 debere,
1236 3768 1283 3830 qui

195 3844 299 3896 donem
311 3847 449 3908 praeclare
462 3846 601 3895 vendidisti.
620 3845 719 3896 adlit.
758 3841 896 3894 Catilinam
917 3841 1072 3892 defendat.»
1107 3839 1188 3892 Pexdo
1206 3839 1283 3894 aliter

197 3919 341 3980 i,t6,to:
372 3921 447 3970 Valde
471 3925 495 3969 te
513 3919 648 3970 omditcoi.
678 3921 720 3969 Sic
757 3915 956 3980 Dillenburger:
984 3918 1107 3980 adegeris
1132 3928 1281 3979 pronomen

195 3993 324 4044 omdibilis
339 3999 428 4045 orator
445 3995 498 4046 Cic.
511 3994 583 4044 Brut.
596 3992 637 4055 ll,
652 3992 719 4055 tri,
756 3992 893 4053 quidquem
918 3994 992 4042 recte
1017 3991 1134 4054 positum
1159 3993 1201 4042 esi
1217 4005 1282 4056 pro-

196 4067 373 4132 «probabilis,
403 4070 449 4133 qui
476 4067 575 4133 populo
601 4065 719 4132 placete
757 4067 818 4128 pter
838 4069 981 4128 negantem
997 4065 1064 4127 vim,
1088 4079 1170 4129 quam
1191 4065 1279 4118 inesse

196 4144 317 4194 Proxime
335 4145 397 4196 huic
415 4157 492 4194 meuc
510 4142 720 4207 interpretationi
756 4141 839 4191 sentis
857 4141 884 4190 lu
900 4153 926 4215 y.
944 4141 1074 4204 mdifflicr,
1093 4140 1121 4191 id
1139 4144 1191 4202 est,
1209 4140 1280 4192 ferie

195 4217 301 4268 accedit
317 4219 487 4270 Torrentione
505 4215 721 4282 adoptetsallil-
757 4227 811 4266 nou
827 4227 965 4278 possum.»
987 4241 1015 4251 -
1038 4214 1129 4280 crem]
1148 4217 1178 4265 ut
1193 4229 1281 4272 eursu

196 4291 369 4356 lenburgero:
398 4294 557 4355 «llangones
574 4291 620 4342 ubi
637 4305 721 4342 vene·
756 4292 879 4342 llioeruc.
900 4289 961 4352 (Sat.
975 4291 1000 4352 ἓ,
1013 4291 1038 4352 2,
1050 4289 1085 4354 3.)
1098 4291 1152 4342 Cic.
1162 4291 1277 4342 adram.
