3030 4988
319 419 382 486 906
614 441 616 446 ·
790 419 936 478 incultu

462 582 552 632 «llaec
570 594 619 646 ego
637 595 688 633 non
707 581 816 634 credam
833 584 966 634 venusina
985 581 1062 644 digne
1079 581 1228 634 lucernat-

320 719 454 805 Fuitque
484 728 576 786 natus
606 730 696 808 patra
718 719 883 796 libertino,
919 723 1011 789 cuius
1034 723 1080 788 rei
1104 721 1320 788 testimonium
1341 719 1390 785 hoc

319 841 349 904 in
373 839 522 928 Epistolis
545 842 698 908 eximium
720 861 794 909 asse
816 840 983 910 videmus:

482 1003 542 1052 «lle
561 999 683 1053 libertino
699 1003 793 1052 natum
810 1005 885 1067 patre
904 1005 931 1054 et
947 1004 973 1053 in
991 1003 1064 1053 tenui
1081 1017 1110 1052 re

383 1131 392 1142 .
479 1093 591 1146 Maiores
608 1108 709 1160 pennas
727 1094 789 1146 nido
807 1093 959 1146 extendisse
976 1093 1108 1158 loqueris,

481 1189 513 1241 llt
529 1190 658 1253 quantum
676 1187 894 1253 gerendam,
913 1187 1053 1240 virtutihus
1071 1187 1204 1251 adusi.»

316 1328 444 1393 Statura
459 1325 517 1392 init
535 1325 641 1404 brevi,
662 1325 765 1394 obeso
781 1345 919 1414 corpore
932 1335 964 1392 et
976 1325 1078 1392 oculis
1090 1324 1196 1414 lippis.
1223 1325 1306 1393 ilinc
1317 1327 1391 1413 ipsc:

480 1487 622 1551 «Corporis
640 1488 740 1551 exigui,
759 1499 935 1552 praeconum,
956 1483 1057 1536 solibus
1073 1488 1178 1550 aptum,

478 1581 559 1632 irasci
576 1577 707 1640 celerem,
726 1581 816 1630 nmen
833 1581 863 1630 nt
879 1576 1014 1644 placabilia
1032 1573 1171 1641 essemtm

315 1721 353 1787 Et
373 1721 460 1809 ipsc:

481 1873 565 1922 «liam
583 1869 689 1936 vigilare
706 1869 806 1922 malum
824 1869 914 1922 crudis
931 1872 959 1920 et
974 1868 1067 1922 ludere
1084 1868 1213 1948 lippiens
1297 1933 1308 1956 Ι

314 2019 407 2088 Hunc
436 2029 528 2107 pater
557 2020 588 2084 in
610 2029 722 2087 tenera
744 2025 848 2085 aetate
870 2017 1004 2084 licina-m
1025 2017 1112 2084 rnisit
1132 2017 1164 2082 in
1185 2017 1303 2086 ludum
1322 2018 1394 2086 litte

315 2160 433 2208 rarum.
470 2139 612 2218 Deinde,
634 2160 711 2207 cnm
732 2139 796 2206 iam
813 2137 926 2206 litteris
940 2137 1128 2206 liberalibus
1143 2138 1294 2208 eruditus
1307 2149 1395 2212 esset

314 2260 454 2329 Athenas
484 2261 707 2349 philosophiae
737 2281 836 2329 causa
865 2281 902 2328 se
924 2259 1070 2340 contulit3
1101 2271 1231 2330 etcum
1254 2260 1394 2330 doctissi-

312 2402 385 2448 mus
408 2383 578 2459 evasisset,
608 2381 851 2450 familiaritatem
879 2382 918 2448 ll.
939 2382 1029 2450 Bruti
1063 2382 1220 2450 occisoris
1253 2381 1395 2452 Caesaris

313 2502 451 2591 adeptus
485 2511 536 2570 est
574 2501 743 2590 iactusque
781 2502 823 2570 ab
851 2501 906 2570 illo
939 2502 1087 2572 tribunus
1120 2503 1257 2572 militnm
1292 2513 1394 2574 contra

312 2625 455 2692 llarcum
470 2625 639 2692 Antonium
662 2633 695 2692 et
712 2626 899 2713 Augustum.
936 2625 1003 2694 Sed
1022 2625 1107 2694 victo
1129 2625 1229 2694 Bruto
1251 2647 1295 2694 ex
1316 2623 1393 2694 bello

313 2746 448 2834 aufugit,
473 2745 693 2834 ipsodicente
715 2746 748 2812 in
769 2744 870 2814 Odis:

476 2899 595 2948 «Tecum
612 2897 751 2963 Philippos
761 2899 790 2948 et
805 2894 923 2950 celerem
939 2895 1028 2961 lugam

476 2992 563 3051 sensi,
581 2991 673 3044 relicta
690 3003 743 3042 non
760 2990 831 3042 bene
848 2985 1024 3056 permutat.»

312 3129 344 3185 et
366 3117 504 3187 ibidem:

476 3269 546 3322 used
565 3285 609 3322 me
626 3284 676 3336 per
692 3273 798 3323 hostem
815 3271 872 3337 (sic)
889 3273 1036 3325 Mercurius
1054 3273 1126 3326 celer

475 3365 563 3417 Denso
580 3366 723 3429 paventem
741 3362 846 3416 sustulit
862 3365 974 3430 aerest)

312 3501 370 3568 Cui
394 3500 512 3569 deinde
534 3504 697 3590 Augustus
719 3503 913 3571 Maecenatis
935 3505 1035 3592 gratia
1058 3503 1197 3572 indulsit.
1233 3505 1312 3574 ldeo
1333 3505 1389 3571 llo

311 3622 410 3689 ratius
441 3622 472 3689 iu
495 3622 644 3691 omnibus
666 3623 820 3712 operibus
841 3625 1017 3694 Maecenati
1039 3625 1268 3695 venerabiliter
1289 3647 1388 3696 auur-

310 3715 362 3830 g'u.
396 3747 429 3810 ln
453 3745 676 3813 Carminibus:

474 3899 649 3960 allaeoenas‚
670 3899 753 3950 atavis
771 3899 842 3950 edite
860 3899 982 3966 regibus,

473 3993 492 4040 0
510 3993 537 4043 et
553 3989 716 4056 praesidium
735 3994 762 4042 et
778 3990 856 4043 dulce
873 3993 956 4045 decus
973 3989 1115 4058 meumt.»

375 4213 390 4275 ¹)
408 4213 473 4278 Epp.
493 4214 518 4274 4,
536 4214 577 4276 io,
596 4215 628 4266 20
645 4227 705 4279 sqq.
726 4241 753 4252 —
771 4213 789 4276 ¹)
807 4215 872 4280 lipp.
892 4216 915 4278 4,
934 4217 975 4277 20.
994 4217 1026 4268 ii
1043 4231 1084 4282 sq.
1109 4245 1136 4254 -—
1160 4220 1178 4282 ³)
1197 4221 1251 4270 Sat.
1270 4221 1293 4280 4,
1311 4219 1334 4276 tt,
1347 4215 1379 4267 49.

310 4292 1162 4364 -··>a‚a,csq.-⁵ta,r‚tasq.-uouttlsu
1459 4289 1460 4299 ’
