3130 4966
281 437 320 504 12
659 442 787 492 llOlili‘l'll
806 442 986 494 snrlmnutt

322 597 376 664 Vol
400 597 516 686 cyatho
540 607 572 664 ot
594 596 700 664 dieas:
727 599 840 685 llagno
863 597 904 665 de
927 597 1057 665 llumine
1080 597 1208 666 mallem
1337 602 1380 664 55

322 721 426 799 Quam
448 739 488 785 ex
511 718 571 785 ltoe
593 717 744 785 fonticulo
767 718 953 786 tantundem
976 740 1116 786 sumere.
1161 721 1207 786 Eo
1231 719 1286 798 lit,

321 841 450 907 Plenior
472 851 507 907 ut
528 842 554 906 si
578 861 661 925 quos
684 840 822 908 delectet
844 841 937 928 eopia
961 841 1060 918 iusto,

322 963 403 1028 Cum
426 963 495 1049 ripn
517 961 611 1028 simul
634 962 763 1028 avolsos
786 961 867 1028 ierat
888 961 1021 1029 Aufidus
1044 981 1129 1030 acer.

321 1086 360 1150 nt
381 1085 436 1171 qui
461 1081 569 1150 tantuli
593 1095 680 1171 eget,
705 1093 825 1170 quanto
848 1094 899 1150 est
920 1104 1018 1172 opus,
1043 1085 1070 1150 is
1092 1104 1200 1173 neque
1222 1084 1306 1154 limo

344 1265 385 1313 55.
403 1263 504 1312 mallem
520 1262 627 1313 BbScd:
653 1262 741 1312 molirn
757 1276 785 1327 p,
799 1262 916 1326 quinque
937 1263 1020 1313 Codd.
1041 1261 1174 1324 Lambini,
1200 1261 1297 1330 βγιξω
1317 1270 1346 1318 et

314 1351 354 1400 pr.
373 1354 392 1387 κ
409 1336 562 1400 «aliique»,
589 1335 736 1398 Bentleius‚
763 1339 828 1399 Fen,
856 1339 1009 1399 t’ottierius,
1037 1340 1070 1390 u.
1096 1340 1135 1403 [Ut
1159 1351 1222 1400 nos,
1248 1342 1286 1405 J.)
1314 1371 1343 1380 -

313 1411 353 1460 57.
380 1412 517 1461 moereas
535 1412 561 1462 et
586 1424 684 1462 novem
707 1412 823 1463 Pottierii
855 1416 916 1476 (non
939 1413 1050 1478 Bhodpl.
1072 1441 1099 1451 -
1118 1414 1159 1464 58.
1178 1415 1240 1464 Gran
1264 1417 1346 1467 simut

313 1489 410 1538 evomes
426 1489 486 1549 m'pa
503 1487 548 1546 Sd,
568 1487 629 1538 Cum
645 1488 720 1538 simul
735 1489 795 1550 ripe
811 1489 910 1538 mulsos
921 1501 947 1553 p.
963 1512 991 1524 -
1010 1490 1051 1539 ts.
1070 1489 1167 1540 motato
1183 1489 1343 1555 locuples.

313 1563 412 1624 (tameat
433 1563 514 1612 etiam
530 1559 551 1622 β
568 1564 596 1612 et
616 1575 657 1626 pr.
676 1579 694 1612 κ
713 1576 791 1613 «cum
812 1562 904 1626 alliso.)
925 1589 952 1599 -
972 1569 1089 1626 quentost
1105 1565 1137 1625 B,
1162 1571 1290 1625 quantum
1307 1572 1346 1617 est

313 1637 430 1688 ecodd.
450 1637 610 1700 quibusdam
629 1635 761 1698 Lambini,
781 1651 833 1688 non
851 1639 917 1699 suis¹
937 1638 1080 1690 Bentleius.
1117 1641 1220 1703 (quanto
1240 1651 1358 1693 omnes‘

313 1713 366 1763 mei
378 1715 405 1763 et
417 1713 493 1775 Pott.)
506 1711 613 1776 (ιονινίο
624 1716 689 1776 epet,
705 1718 828 1775 quantem
838 1719 874 1764 est
884 1714 1002 1776 praefert
1013 1714 1100 1777 Reisig
1111 1715 1138 1764 L.
1153 1715 1211 1780 Spr.
1225 1729 1251 1780 p.
1267 1717 1341 1778 622.)

281 1865 379 1932 βοϋσα
396 1866 430 1921 τὸ
448 1866 536 1943 ὑγρὸν
552 1871 602 1922 καὶ
614 1864 649 1922 οὐ
661 1868 761 1938 detque.
775 1897 803 1907 -
842 1873 913 1922 inest
934 1873 960 1922 in
983 1874 1079 1935 poetae
1095 1870 1199 1933 verbis,
1218 1873 1263 1936 qui
1282 1885 1312 1924 v.
1333 1875 1377 1925 57.

280 1961 360 2006 uma,
379 1946 486 1998 dimidia
503 1961 566 2011 pers
579 1947 734 2010 amphorae,
753 1946 803 1996 XL.
842 1960 892 2011 per
908 1945 1108 1997 similitudinem
1125 1947 1159 1998 de
1171 1946 1315 2010 quibusvis
1328 1948 1381 1999 ho-

281 2022 385 2085 pondo;
418 2023 523 2083 ονοιὴιιε
556 2022 716 2072 duodecima
743 2033 806 2085 pars
842 2020 973 2082 minibus,
1000 2035 1054 2073 nou
1077 2022 1111 2073 de
1134 2036 1166 2073 eo
1187 2020 1258 2084 solo,
1288 2036 1379 2086 quem

280 2095 396 2146 sextarii.
412 2122 439 2131 -
452 2101 476 2146 et
492 2097 570 2158 dnos]
582 2097 742 2158 Suspectum
754 2095 806 2145 hoo
842 2096 887 2145 hio
903 2095 1034 2159 increpat,
1059 2095 1183 2160 loquitur.
1219 2098 1249 2146 ln
1267 2099 1380 2149 mallem

281 2171 406 2233 neistgto,
426 2171 461 2220 ita
478 2172 509 2220 ut
524 2171 587 2221 satis
604 2171 672 2220 mire
690 2171 806 2219 eoniiee·
842 2171 921 2232 igitur
938 2168 989 2218 hoo
1006 2169 1089 2218 inest:
1115 2171 1153 2220 «si
1170 2171 1242 2234 optio
1260 2169 1379 2223 daretur

282 2247 335 2294 rot:
353 2250 381 2295 ut
397 2245 475 2295 duas.
510 2245 568 2295 Est:
590 2246 749 2304 «ettamen,
768 2245 807 2294 ni-
843 2255 1024 2306 magnumque
1046 2243 1153 2298 tlumen
1172 2257 1256 2308 prope
1281 2249 1375 2307 esset.

280 2317 437 2380 nilominus,
464 2319 565 2370 dieas.»
591 2348 617 2356 -
640 2322 670 2370 rto
694 2319 806 2385 [leonine]
843 2333 876 2369 ex
898 2315 941 2367 illo
965 2318 1100 2367 haurirem
1121 2318 1209 2382 potius
1232 2331 1317 2382 quum
1342 2335 1378 2372 ex

282 2396 346 2444 Nota
357 2395 585 2458 praepositionum
597 2395 803 2458 oppositionem:
842 2393 895 2443 hoo
907 2391 1032 2443 iontleulo
1044 2392 1079 2442 ad
1095 2392 1180 2456 pedes
1192 2407 1269 2444 meos
1281 2409 1379 2448 erum·

282 2471 431 2520 desummo
448 2469 557 2519 tlumine
575 2468 660 2531 tuelle,
680 2482 762 2534 quam
774 2483 807 2519 no
842 2469 959 2534 pente»)
975 2494 1002 2503 -
1015 2468 1150 2530 Sequente
1162 2466 1243 2518 veluti
1255 2468 1377 2534 apologo

282 2545 336 2593 into
357 2541 482 2594 fonticulo
507 2557 596 2607 aegre.
636 2544 711 2594 cont.
729 2543 806 2596 linnd
842 2543 957 2607 Aesopio
966 2543 991 2592 iu
1003 2538 1122 2607 γνώμην
1130 2545 1220 2593 tamen
1229 2555 1293 2593 oum
1308 2545 1378 2594 ima·

280 2619 356 2668 Turs.
365 2620 395 2666 ll.
403 2632 429 2682 p.
440 2619 498 2669 ora.
512 2618 713 2670 Similitudinem
724 2633 808 2684 quan·
842 2620 902 2683 gine
915 2619 1051 2668 contracto
1062 2617 1192 2681 signifieat
1204 2629 1313 2669 summa
1327 2633 1377 2683 pe-

281 2693 345 2743 dam
362 2692 444 2742 habet
460 2695 575 2744 Socratis
592 2691 653 2744 illud
667 2695 739 2758 apud
750 2695 808 2744 Sto-
843 2691 924 2743 rieule
942 2692 973 2742 iis
990 2693 1105 2754 instare,
1124 2693 1169 2756 qui
1186 2693 1376 2745 immoderatis

280 2767 489 2828 haematite,
508 2769 536 2818 o:
564 2765 718 2840 Σωκράτης
736 2763 804 2836 ἔφη,
842 2766 1031 2832 cupiditatibus
1044 2779 1074 2818 se
1086 2765 1376 2819 dediderint-Auti-

282 2837 350 2904 τοὺς
377 2838 503 2907 μοιχοὺς
531 2835 636 2908 ὅμοιόν
657 2857 685 2894 τι
713 2849 806 2894 ποιεῖν
843 2840 1153 2906 dumviolentomtod.3,
1167 2841 1208 2904 30,
1223 2841 1283 2904 40.),
1298 2845 1377 2908 longe

281 2923 343 2980 τοῖς
353 2913 396 2983 μὴ
408 2916 598 2982 βουλομένοις
609 2917 642 2970 ἐκ
653 2916 710 2969 τῶν
717 2915 805 2991 ἀποβ-
842 2921 971 2968 sonantem
983 2916 1039 2980 (οο.
1053 2915 1078 2976 l,
1091 2917 1116 2977 9,
1129 2917 1174 2978 2.),
1194 2917 1310 2980 putrium
1323 2919 1375 2968 llu-

282 2988 412 3062 ῥεοοσῶν
429 2995 535 3055 πίνειν,
554 2987 614 3044 ἀλλ’
627 2994 660 3045 ἐκ
671 2992 723 3046 τοῦ
736 2989 806 3046 ὕδα-
843 3006 920 3054 men,
944 2991 1045 3055 ubique
1069 2989 1183 3041 libenter
1200 3003 1374 3042 commemo-

281 3084 332 3133 τος
356 3063 408 3119 τοῦ
434 3067 465 3120 ἐν
487 3066 527 3136 τῷ
552 3066 648 3132 βάθει,
674 3071 807 3142 χείρονος
843 3069 893 3118 rat.
914 3093 942 3104 -
967 3081 1045 3130 neque
1064 3067 1143 3117 vitum
1160 3067 1253 3117 omittit
1272 3067 1300 3116 in
1319 3082 1372 3118 un-

282 3139 472 3215 ὖπᾶρκοντος·
499 3173 524 3181 -
551 3147 659 3209 molon]
685 3148 728 3196 Sic
753 3148 806 3197 mei
842 3142 888 3206 dir]
906 3145 936 3193 ut
952 3141 992 3204 tit,
1011 3141 1374 3205 sieilumineaquamhau-

282 3221 417 3281 Codd.,et
424 3220 547 3284 probavit
560 3222 725 3272 lleinrichius
734 3221 806 3286 apud
844 3219 912 3278 rias;
935 3219 992 3268 stne
1004 3219 1133 3281 imagine:
1157 3215 1302 3267 «molestiis
1321 3216 1373 3269 illis

283 3297 446 3348 llusohlrium
463 3295 497 3344 ed
509 3294 602 3346 Tibull.
615 3298 724 3362 potiti„
742 3297 807 3346 item
844 3308 876 3344 ue
892 3292 1114 3344 sollicitudinibus
1131 3293 1216 3350 caret,
1240 3303 1310 3353 quae
1329 3293 1374 3343 ni·

283 3370 359 3420 lland
386 3369 420 3420 ad
444 3370 580 3432 Wopkens
602 3383 630 3434 p.
648 3371 709 3420 269:
738 3384 806 3419 «non
844 3369 912 3419 miae
928 3379 994 3432 opes
1014 3367 1134 3416 comitari
1152 3363 1252 3426 solent,
1280 3379 1372 3430 nequo

282 3443 378 3496 laisum
395 3445 436 3493 est
456 3443 530 3505 quod
546 3444 657 3495 demnat
676 3444 808 3494 lleindor-
843 3442 1039 3509 perieuliscum
1051 3439 1138 3491 subita
1151 3440 1271 3490 tortunae
1283 3441 1372 3491 muta-

282 3520 332 3569 fius
349 3517 459 3567 mollem.
495 3520 561 3568 Nam
578 3520 648 3568 dicos
665 3522 692 3568 et
707 3519 808 3569 metm
843 3519 915 3568 tione
931 3517 1079 3568 coniunctis
1096 3515 1230 3578 expositus
1247 3515 1315 3565 est.»

282 3607 334 3644 non
364 3593 509 3642 cohaerent
536 3594 750 3654 constructione,
781 3595 808 3643 et
876 3591 965 3644 ot-ot.
984 3591 1134 3656 bonepors]
1154 3590 1367 3654 usatismagnan,

281 3668 383 3718 metten
398 3665 540 3729 signifieat:
570 3667 610 3716 «si
636 3667 694 3717 fieri
718 3671 808 3732 potest
842 3670 873 3719 ut
891 3669 995 3718 Lucret.
1009 3669 1039 3728 tl,
1059 3666 1132 3718 loti.
1155 3668 1209 3717 Cio.
1227 3667 1262 3718 de
1279 3668 1323 3718 Or.
1336 3671 1366 3730 ἰ,

282 3756 330 3794 seu
350 3745 460 3806 posset»
479 3741 546 3804 (quo
567 3743 640 3792 certe
663 3755 716 3792 uon
734 3742 807 3792 etfir-
843 3743 872 3806 3,
892 3741 932 3793 ll.
968 3745 1018 3792 Ars
1036 3744 1106 3806 poet.
1125 3743 1183 3792 297.
1204 3769 1231 3778 -
1248 3742 1322 3806 salso]
1334 3743 1366 3792 V.

282 3822 382 3878 stratur,
403 3817 428 3866 id
447 3817 503 3867 lteri
522 3830 574 3867 non
590 3817 694 3881 posse),
713 3820 806 3882 «optu—
842 3817 1012 3882 oupidoapud
1024 3817 1368 3880 lloratiumsempermasc.

282 3905 341 3942 rem
367 3892 469 3954 potius»
495 3895 546 3942 cot.
588 3893 693 3955 (Contra
719 3893 808 3943 malim
843 3907 869 3942 v.
888 3906 913 3956 g.
949 3891 997 3941 Od.
1015 3893 1047 3954 2,
1067 3892 1114 3953 to,
1133 3893 1174 3942 rt.
1210 3891 1263 3941 Cir.
1282 3891 1369 3954 Reisig

282 3966 436 4032 praeterunt
453 3967 539 4030 lteisig
557 3969 613 4018 Lat.
630 3968 763 4032 Spraclnw.
779 3981 804 4031 p.
844 3969 899 4018 Lat.
924 3967 1096 4031 Spraehniss.
1120 3978 1146 4029 p.
1171 3964 1227 4015 til.
1253 3990 1281 4000 -
1305 3967 1370 4015 tenti

283 4041 339 4092 5⁴3.
359 4043 385 4090 et
403 4041 531 4101 Dtintzer;
553 4042 597 4093 hie
613 4043 723 4108 quidem
740 4042 806 4094 laisa
843 4046 966 4106 ᾳοοοῑνοι
982 4040 1082 4104 tabem]
1107 4039 1179 4089 llaec
1196 4037 1280 4088 verba
1297 4039 1366 4090 rete·

283 4119 384 4166 ratione
402 4116 510 4166 duetus:
531 4119 610 4180 «Der,
629 4119 674 4168 der
689 4119 806 4168 hierole-
844 4119 905 4166 runt
932 4115 1070 4178 antiquam
1098 4113 1168 4164 illam
1196 4109 1315 4180 γνώμην
1342 4115 1368 4163 in

284 4205 326 4242 son
341 4191 564 4252 warenensem,
576 4193 720 4257 pelttpleiol
730 4195 812 4256 meos
845 4191 1048 4256 E1·yniap.396.
1063 4191 1097 4240 C:
1117 4184 1155 4240 ἂν
1171 4191 1226 4255 μέν
1242 4205 1269 4241 τι
1287 4183 1366 4260 ἔχῃς,

284 4281 317 4316 nn
335 4267 382 4317 den
398 4268 529 4332 Aultdmp
556 4267 582 4318 id
603 4269 676 4334 quod
697 4269 806 4320 minime
843 4261 925 4332 ἄξιός
941 4281 993 4318 τον
1011 4260 1045 4328 el,
1064 4260 1220 4332 ἑὰνδὲμὴ,
1239 4261 1365 4328 οὐδενός.
