3116 4968
594 465 653 516 ura.
673 465 704 515 u.
740 467 809 516 sar.
828 468 871 517 ur.
1219 468 1282 534 att

229 623 274 686 Ac
295 620 402 706 potius
425 619 508 686 soliis
531 641 649 708 parcus
672 633 824 689 vescatur
845 625 980 702 amaris3

232 741 265 808 Si
288 741 402 828 positis
426 741 510 807 intus
534 741 602 809 Chii
625 744 811 833 veterisque
834 744 959 812 Falerni
1219 749 1279 814 ttt

237 861 321 929 Mitte
344 862 450 941 cadis,
474 861 550 928 nihil
574 875 637 941 est,
661 875 840 932 tercentum
863 867 1007 944 milibus,
1032 889 1107 936 acre

235 986 326 1051 Patet
347 995 492 1064 acetum3
516 1005 591 1072 age,
616 986 643 1052 si
666 996 698 1054 et
720 989 902 1055 stramentis
925 989 1069 1069 incubet,
1092 993 1195 1060 unde-

232 1107 402 1194 Octoginta
424 1127 525 1174 annos
547 1117 656 1186 natus,
680 1110 732 1176 cui
761 1110 902 1199 stragula
923 1112 1036 1188 vestis,

232 1226 406 1294 Blattarum
437 1249 476 1296 ac
498 1233 656 1297 tinearum
678 1231 810 1318 epulae,
834 1243 997 1320 putrescat
1019 1236 1058 1302 in*
1072 1256 1161 1303 arca:

233 1349 390 1416 Nimirum
411 1351 543 1417 insanus
566 1353 678 1440 paucis
701 1353 863 1431 videatur,
891 1375 932 1422 eo
955 1356 1044 1444 quod
1218 1359 1279 1427 t20

234 1471 370 1539 Maxima
391 1493 467 1560 pars
490 1473 653 1540 hominum
675 1473 790 1540 morbo
813 1475 947 1543 iactatur
968 1478 1094 1546 eodem.

235 1593 334 1660 Filius
356 1605 412 1660 aut
434 1594 529 1661 etiam
552 1595 633 1663 haec
654 1594 788 1663 libertus
810 1606 846 1663 ut
862 1597 971 1666 ebibat
991 1600 1103 1679 heres

234 1717 291 1781 Dis
315 1715 442 1784 inimice
466 1738 582 1796 senex,
606 1717 775 1786 custodis?
796 1721 842 1786 Ne
866 1720 921 1788 tibi
943 1721 1049 1789 desit?

233 1838 428 1919 Quantulum
455 1840 541 1906 enim
564 1861 709 1907 summae
732 1840 870 1908 curtabit
892 1843 1033 1932 quisque
1056 1845 1194 1924 dierum,

233 1963 361 2049 Ungere
384 1963 412 2027 si
434 1960 544 2028 caules
566 1961 639 2029 oleo
661 1961 795 2030 meliore
817 1975 980 2052 caputque
1219 1969 1280 2036 425

233 2084 388 2171 Coeperis
410 2083 538 2172 impexa
560 2083 689 2150 foedum
711 2085 897 2174 porrigine?
919 2088 1042 2167 Quare,

257 2261 314 2313 444.
331 2269 456 2326 pascatur
473 2276 608 2328 superscr.
627 2279 669 2315 ver
685 2265 710 2315 S.
741 2294 768 2303 -
797 2267 854 2316 449.
872 2267 1006 2318 6444444444
1022 2268 1068 2320 bS.
1090 2298 1117 2306 -
1133 2277 1248 2334 44444444

222 2339 253 2388 C.
275 2363 303 2374 -
325 2339 576 2404 saepenominati.

190 2461 342 2513 omuibus.»
361 2489 389 2499 -
406 2468 564 2524 4444444444
583 2477 607 2512 u.
629 2477 651 2514 c.
672 2476 718 2512 44-
755 2465 817 2513 44444
832 2467 946 2528 emporis
956 2468 1113 2518 4444644444.
1137 2465 1214 2530 aput.
1228 2469 1280 2520 ide·

187 2538 380 2602 enszat.t,
400 2539 427 2599 t,
446 2538 492 2588 rt:
511 2543 719 2600 4444444444-
755 2539 818 2589 iam.
837 2539 864 2602 0,
883 2540 912 2591 3:
931 2541 985 2605 tupi
1000 2540 1087 2605 lurore
1102 2543 1204 2592 iactari.

188 2626 245 2662 cere
260 2613 349 2662 444444.
360 2613 538 2676 -Ρ4π44444]
556 2613 604 2676 iiic
616 2615 644 2663 et
654 2611 717 2662 alibi
789 2614 904 2664 testas.
921 2617 968 2665 Dis
978 2617 1084 2681 inimice]
1093 2615 1174 2680 θεοῖς
1182 2615 1278 2688 ἐχθρέ,

189 2685 325 2738 Bentleius
341 2687 399 2738 sine
417 2699 499 2738 causa
515 2688 622 2752 scripsit
634 2688 718 2750 proie-
755 2689 821 2738 «cui
852 2701 946 2740 omnes
977 2689 1003 2740 di
1033 2691 1092 2740 irati
1121 2693 1214 2742 sunta
1249 2719 1277 2728 -

187 2769 256 2824 44444,
274 2763 495 2826 iinpewcrsem
513 2761 577 2813 iliud
594 2767 636 2815 est
647 2765 718 2828 isnp
755 2764 792 2813 Ne
816 2764 859 2813 titi
884 2764 975 2827 desiti]
1002 2766 1120 2816 uldeone
1143 2766 1277 2828 custodis,

190 2837 418 2900 4444444444444.
440 2864 467 2874 -
485 2837 716 2905 [ultim-umam]
754 2851 788 2888 ne
812 2838 878 2888 torte
896 2839 944 2889 tihi
969 2839 1055 2890 desit?
1083 2841 1189 2893 Minime
1213 2853 1281 2890 vera

189 2915 220 2964 ut
236 2912 359 2973 cichorii,
378 2911 472 2963 intubi.
492 2939 521 2950 -
537 2913 625 2976 potitis
641 2915 716 2979 4444444]
755 2912 802 2962 tibi
830 2911 927 2963 deesse
958 2915 1071 2977 poterit;
1107 2913 1278 2978 quantulum»

190 2988 280 3039 «domi
312 2987 350 3050 (in
379 2987 521 3052 apotheca)
547 2990 716 3040 asservatis.»
755 2989 807 3038 cet.
826 2987 898 3050 (desit
912 2987 1034 3039 absolute
1051 2987 1094 3038 vei
1110 2990 1281 3053 impersona-

191 3063 231 3114 Ci.
250 3077 275 3112 v.
290 3060 346 3112 tta.
368 3089 395 3098 —
417 3062 613 3126 Citii-Falerni]
639 3064 715 3115 coni.
753 3061 826 3124 liter,
846 3065 876 3113 ut
891 3061 996 3114 Terent,
1009 3063 1120 3127 Adetptr.
1134 3065 1165 3124 6,
1184 3062 1212 3125 4,
1230 3063 1278 3112 at:

190 3139 244 3188 Sat.
262 3138 291 3199 4,
311 3137 355 3196 40,
378 3135 419 3188 at„
441 3163 469 3174 -
487 3137 550 3186 444444
570 3139 614 3203 est]
637 3139 717 3203 «quid
755 3136 854 3187 Deerit:
879 3137 906 3186 td
927 3151 985 3188 44444
1002 3139 1104 3188 minime
1121 3137 1211 3201 refert,
1238 3139 1281 3200 qui

189 3212 271 3262 dieo‘t
295 3224 349 3262 nou
369 3213 434 3262 satis
451 3214 494 3262 est
509 3211 607 3264 dixisse
623 3214 716 3264 4444444.»
754 3227 809 3263 444444
836 3217 900 3262 nutu
925 3213 1076 3278 4444444444.)
1107 3240 1134 3248 -
1163 3211 1281 3278 cambd]

191 3313 221 3324 -
240 3286 395 3350 444444444ιί4]
421 3300 490 3350 quae
508 3287 633 3338 iumentis
651 3287 718 3338 suh-
756 3286 920 3338 «absumet».
946 3314 973 3322 -
997 3287 1207 3351 vepera-casias
1228 3287 1281 3338 4444

190 3362 274 3414 sterni
300 3358 395 3410 soient.
415 3388 442 3396 -
464 3362 530 3410 444444
545 3388 560 3398 -
577 3361 716 3426 0444444444]
754 3362 864 3427 radiare]
882 3360 957 3412 cont.
971 3363 1024 3412 Sat.
1037 3363 1068 3423 2,
1081 3363 1111 3422 2,
1130 3361 1162 3412 59
1174 3373 1235 3426 sqq.
1250 3388 1278 3400 -

190 3440 230 3489 Da
247 3434 332 3487 verbo
349 3436 419 3486 iuter
436 3435 504 3486 duos
520 3447 615 3486 versus
632 3435 718 3486 diviso
754 3437 866 3501 4444444]
884 3437 1033 3501 spectando
1045 3449 1099 3487 non
1111 3437 1279 3501 repurgata.»

190 3513 261 3564 44444.
275 3513 328 3562 Sat.
343 3513 372 3573 4,
390 3511 419 3572 3,
439 3511 480 3560 60.
502 3535 529 3547 -
543 3512 659 3576 strepitis
674 3523 718 3561 44-
756 3513 841 3563 uinus
858 3510 928 3561 bene
946 3512 1027 3562 Voss:
1052 3511 1229 3562 cerzottatt.
1250 3538 1279 3546 -

189 3588 243 3653 stis]
262 3588 366 3653 tapetes
384 3598 447 3636 cum
463 3587 542 3637 variis
554 3587 718 3637 ornamentis
753 3586 892 3650 pompina]
904 3585 1096 3649 «turturibusp
1109 3579 1279 3667 ussuptduet,

190 3661 518 3714 intextis-Biduum
539 3675 570 3711 44
592 3661 719 3711 4444444444
755 3660 965 3723 Kteienprind.
1002 3658 1197 3722 Celsusdstt
1237 3671 1281 3707 44·

190 3734 638 3802 eputueJSpeitafiirSctraben
657 3735 719 3786 44446
754 3735 811 3798 tipo
835 3739 884 3796 est,
913 3733 956 3783 404
979 3735 1045 3784 inter
1065 3735 1170 3796 pitcsq
1220 3733 1280 3782 444444

190 3813 316 3864 44444444.
346 3811 507 3875 Ci.Epp.t,
526 3811 573 3870 20,
593 3811 633 3860 ts.
652 3811 719 3860 Mar·
756 3810 829 3872 quasi
851 3809 999 3871 sescunciae
1023 3812 1130 3871 sarpam
1154 3817 1283 3866 eaequcu

192 3887 244 3938 tiai.
265 3889 296 3948 6,
315 3887 360 3947 60,
379 3887 412 3936 7:
442 3887 524 3948 0444444
545 3885 618 3935 4444444·
640 3885 720 3935 tineas
756 3891 811 3936 44444
830 3885 1003 3943 4444444444,-
1029 3887 1053 3933 et
1077 3883 1202 3939 4444444444
1222 3893 1282 3931 444-

188 3967 298 4026 4444444
314 3961 453 4023 diatimque
469 3961 573 4011 44444444
593 3989 619 3997 -
639 3961 720 4010 Nimi-
757 3963 824 4022 dent,
848 3960 927 4010 444444
943 3958 1042 4020 sceptra
1062 3957 1141 4006 444444
1157 3961 1223 4006 sunt.
1240 3983 1256 3994 -
1268 3981 1282 3993 ·

190 4038 258 4102 444444]
271 4035 376 4086 Vidad
388 4037 454 4100 Epp.
465 4037 522 4098 4,0,
534 4037 557 4086 t.
569 4037 720 4085 -444444444
757 4037 865 4097 Fereque
882 4035 908 4084 id
928 4033 955 4083 in
975 4033 1065 4095 capitio
1086 4033 1127 4094 ttt,
1152 4031 1239 4080 4444444
1255 4031 1282 4080 ist

191 4114 279 4165 Motus
296 4110 500 4162 iebricitantium
512 4109 620 4160 violenti
637 4110 719 4173 signi·
757 4109 849 4172 turbu,
868 4108 1005 4170 4444444444
1015 4107 1129 4157 4444444444
1139 4105 1280 4168 supercitia.

192 4187 316 4239 ficantur.
365 4187 461 4236 lactari
497 4187 568 4237 euim
603 4185 719 4236 verbum
757 4215 772 4225 -
789 4211 803 4222 -
820 4182 978 4252 0444446444
994 4186 1029 4232 est
1045 4181 1147 4232 4444444444
1163 4180 1283 4243 pacando

191 4263 333 4327 proprium
349 4263 392 4312 est
408 4260 442 4310 de
460 4259 542 4322 iebri‚
566 4260 601 4311 de
618 4261 717 4312 turcre.
756 4269 895 4321 repurqare
913 4255 991 4318 (unde
1011 4256 1037 4305 44.
1051 4253 1068 4306 i.
1081 4255 1194 4319 44444444)
1206 4265 1284 4314 qaam

192 4337 266 4389 Ouid.
280 4338 357 4388 Trisi.
372 4335 401 4396 4,
420 4335 450 4398 3,
468 4337 518 4388 26:
540 4337 662 4398 Fessaque
677 4337 719 4386 iu-
756 4335 783 4384 id
803 4346 836 4384 44
855 4335 906 4382 tato
928 4329 1068 4393 prohibere.
1098 4329 1214 4380 Serenus
1235 4327 1284 4377 Sa·
