3156 4972
612 413 670 463 tto.
690 412 720 462 11.
756 413 823 463 sill.
844 413 896 463 Vll.

256 569 390 636 Mitteret
412 569 442 633 in
465 567 609 657 phimum
631 568 728 644 talos,
753 567 904 636 mercede
931 567 1045 633 diurna

259 690 459 758 Conductum
479 690 582 778 pavit;
608 699 730 778 quanto
752 689 948 758 constantior
970 687 1073 756 isdem

255 815 289 877 ln
312 811 411 888 vitiis,
436 821 523 877 tanto
545 810 648 878 levius
672 811 772 878 miser
794 831 832 877 ac
854 810 943 897 prior
963 808 1032 886 illo,

254 935 314 1014 Qui
338 934 401 1000 iam
423 943 589 1008 contento,
615 933 677 1000 iam
700 931 772 998 laxo
795 931 869 999 lunc
890 930 1024 998 laborat.
1256 933 1298 1000 30

243 1102 386 1181 Bentlcius.
405 1132 444 1194 4444
462 1143 519 1191 nos,
537 1129 631 1193 bSEc.)
652 1157 678 1166 -
699 1131 739 1180 49.
758 1143 790 1180 cc
803 1128 887 1194 prior]
905 1130 990 1180 amtor
1006 1128 1053 1193 bp,
1072 1131 1146 1193 pull
1164 1130 1198 1192 (iu
1212 1143 1265 1194 quo

243 1207 334 1256 tamen
350 1219 414 1255 vera
431 1205 510 1256 lectio
526 1205 561 1256 ab
580 1204 676 1255 eadem
688 1217 769 1255 mauu
780 1205 900 1255 restituta
911 1206 954 1254 cst
964 1217 1026 1254 cum
1038 1201 1138 1267 glossa:
1156 1205 1264 1269 melior),

243 1281 272 1330 C.
293 1308 321 1316 -
340 1281 384 1330 illo
400 1293 441 1345 pr.
454 1282 484 1342 S,
503 1293 572 1332 corr.
591 1279 617 1340 4),
637 1279 721 1330 Codd.
746 1277 846 1341 aliquot
862 1279 943 1341 Fene,
962 1279 1011 1330 LF:
1038 1279 1078 1328 illc
1094 1277 1159 1343 Ecp,
1177 1291 1217 1342 pr.
1236 1277 1264 1339 b,

242 1365 313 1403 corr.
333 1355 362 1415 S,
382 1355 423 1413 ct,
442 1353 591 1415 Bentleins,
610 1354 657 1404 ut.
686 1355 732 1417 (De
750 1353 835 1404 trihus
851 1355 931 1404 variis
948 1351 1020 1404 lectt.
1038 1367 1082 1403 vv.
1099 1355 1139 1404 47.
1161 1354 1200 1404 ta.
1224 1354 1263 1404 43,

242 1427 303 1479 silet
318 1427 471 1492 Bentleius.t
492 1456 519 1465 -
538 1431 579 1480 30.
599 1431 651 1479 inm
669 1429 811 1494 (superacr.
832 1427 866 1492 gt.
884 1428 968 1494 modo)
985 1433 1122 1492 coatmtpto
1139 1441 1216 1491 cuam
1235 1429 1264 1488 E,

241 1507 296 1553 tum
311 1509 426 1553 ccctcrtto
443 1517 520 1566 pacm
536 1503 596 1565 b,C.

209 1671 291 1724 luisse
309 1669 463 1722 turriculum
481 1683 503 1722 s.
523 1669 675 1734 cylindrum
693 1683 736 1722 ca-
772 1672 892 1722 Priscum
909 1671 1038 1735 retertur,
1065 1672 1114 1723 scd
1131 1673 1230 1724 infinite
1248 1687 1298 1739 po·

208 1761 288 1808 vum,
308 1749 354 1812 qui
371 1746 538 1798 trochleatim
556 1747 660 1798 elflctus
678 1750 736 1799 arnt
773 1746 854 1796 situm
878 1748 919 1796 cst
944 1745 978 1796 de
1004 1748 1077 1796 omni
1103 1746 1225 1809 homine,
1252 1749 1297 1811 qui

208 1826 352 1887 certosque
365 1821 482 1874 habehat
499 1824 569 1874 intus
581 1821 679 1885 gradus
692 1835 736 1873 ex·
772 1831 882 1882 semper
892 1819 1005 1870 fluctuet
1016 1832 1049 1870 ac
1059 1819 1167 1883 titubat,
1186 1821 1213 1872 id
1224 1821 1297 1886 quod

207 1898 292 1958 cison,
312 1911 344 1946 ex
362 1897 460 1960 quibus
472 1896 678 1947 effundebantur
691 1895 734 1948 tali
771 1906 822 1957 per
837 1893 982 1956 imaginem
997 1907 1093 1946 versus
1110 1907 1228 1960 sequens
1250 1909 1297 1946 en-

206 1974 232 2024 in
248 1971 385 2023 alveolum
397 1972 453 2022 sive
466 1971 582 2022 tabulam
596 1971 733 2032 lusoriam,
771 1967 870 2031 primii·
911 1965 1000 2018 Altera
1028 1965 1140 2021 tectione
1168 1983 1200 2019 οο
1223 1971 1298 2033 prior

206 2049 231 2097 in
247 2048 328 2099 cuius
354 2046 443 2097 media
469 2048 545 2110 pnrta
568 2045 736 2097 statuebatur
771 2041 812 2091 t'tlo
830 2041 937 2104 (rquam
959 2043 1090 2106 Priscusr)
1108 2043 1171 2096 nihil
1194 2044 1298 2109 laugui-

205 2119 342 2172 tunicule.
378 2123 416 2171 lta
428 2123 519 2171 antem
536 2120 697 2172 describitur
708 2123 734 2172 iu
771 2115 831 2166 dius
848 2117 994 2180 excogitari
1011 2120 1112 2182 potem
1141 2120 1168 2169 et
1185 2119 1297 2171 munite-

207 2194 312 2246 Anthcl.
323 2195 380 2246 Lat.
393 2195 492 2258 llcyeri
504 2194 608 2245 Ν.045;
622 2196 735 2258 inpacto
771 2192 812 2240 sto
829 2191 870 2240 illc
886 2194 976 2241 ortum
993 2195 1035 2242 est
1057 2205 1089 2242 ex
1106 2194 1297 2244 accommoda-

206 2271 295 2322 dvcolt'
324 2283 424 2334 pyrgus
447 2269 514 2320 odio
537 2284 605 2320 urm
628 2272 733 2333 resedit,
770 2265 841 2315 tione
859 2264 893 2316 ad
911 2267 1029 2329 V.pt'tot·.
1050 2293 1079 2302 -
1098 2267 1146 2329 Qut'
1167 2269 1297 2322 444444,ωο-

207 2347 254 2408 out
269 2345 351 2396 comit
373 2345 478 2394 irttcrnir
498 2345 629 2395 ttcscmloc
644 2346 734 2410 prodi·
770 2343 836 2390 totto
845 2341 907 2404 oct]
918 2342 1007 2405 imago
1014 2334 1152 2411 ἀμετρὶος
1161 2343 1188 2395 in
1197 2346 1297 2394 utram·

207 2419 263 2482 tus,
291 2417 346 2470 sub
367 2432 478 2480 muium
499 2421 569 2469 lactc
590 2420 736 2470 discordans
771 2428 823 2478 que
851 2418 971 2480 partem,
1003 2416 1145 2482 desumpta
1169 2431 1185 2468 e
1211 2421 1297 2470 nautis

205 2495 318 2544 calcum
335 2494 396 2542 ait.
426 2489 552 2564 (Πύργον
577 2490 734 2565 δουράτεον
771 2489 852 2540 modo
869 2491 903 2540 ita
922 2492 998 2542 tunes
1013 2493 1249 2556 contendentibus,
1267 2497 1298 2544 ut

206 2567 239 2618 dc
254 2569 308 2618 hoc
321 2565 384 2617 ludo
396 2565 509 2631 loquens
521 2572 599 2618 vocet
610 2570 734 2632 Agathino
771 2564 920 2629 periculum
932 2567 974 2627 sit,
988 2579 1021 2616 ne
1034 2570 1202 2632 rumpantur,
1215 2567 1296 2619 modo

155 2651 163 2668 ⁹
205 2641 312 2694 Anthol.
337 2640 390 2691 Pnl.
415 2642 447 2692 ll.
472 2655 498 2706 p
524 2643 580 2693 443.
610 2643 733 2696 Sidonius
771 2641 850 2691 nimis
867 2638 1031 2704 laxantibus,
1058 2643 1092 2692 ita
1110 2646 1140 2693 ut
1155 2642 1214 2694 vela
1232 2655 1297 2694 con·

205 2716 289 2781 Apoll
308 2718 340 2778 5,
359 2717 404 2766 tr:
432 2717 514 2780 frater
537 2730 607 2767 marc
631 2723 735 2769 maceras
771 2713 868 2764 cidcnt.
912 2715 1018 2765 lucian
1043 2713 1109 2766 Diui
1133 2720 1242 2768 merctr.
1264 2717 1295 2780 3,

205 2797 306 2855 ccpcrot
325 2755 513 2854 q’cmtccatqcc,
531 2793 735 2854 pcooctctctcc-
771 2789 850 2838 cntra
868 2780 940 2876 ὅρα,
965 2783 1008 2853 μὴ
1027 2786 1102 2840 κατὰ
1121 2786 1174 2856 τὴν
1194 2805 1298 2862 παροι-

204 2867 254 2917 slcc
276 2867 313 2916 ad
330 2877 442 2929 pprpom
463 2867 569 2916 occultat
589 2868 714 2919 alcatores
716 2869 734 2935 )
770 2864 842 2928 μίαν
858 2856 1070 2933 ἀποόῥὴξωμον
1087 2861 1163 2917 πάνυ
1186 2868 1298 2918 rotroc-

206 2941 235 2990 ll.
246 2939 263 2990 l.
277 2941 360 3004 igitur
376 2941 458 2990 homo
469 2941 503 2991 ad
521 2941 573 2992 hoc
585 2943 734 2994 conductus
771 2953 823 2989 σω
838 2933 873 2988 τὸ
890 2934 1048 2988 καλώδιον·
1070 2952 1139 3004 quac
1158 2941 1299 3005 exscripsit

206 3013 272 3066 talos
281 3013 408 3065 manibus
417 3013 537 3066 sublatos
550 3017 645 3067 mittit
639 3031 666 3067 in
676 3018 735 3082 plu
771 3014 973 3074 Aristaenett,
987 3016 1010 3067 4.
1029 3026 1055 3077 p.
1070 3015 1126 3065 439.
1151 3015 1235 3068 Boias
1254 3017 1298 3066 his

206 3102 280 3140 mum
300 3089 641 3153 atqucexhocctlundit'
635 3105 735 3156 mppr·
771 3086 861 3138 verbis
873 3089 1043 3151 praemissis
1063 3088 1165 3141 octono
1181 3105 1234 3155 μοι
1248 3092 1298 3143 rut

206 3163 366 3226 gumaltera
378 3167 735 3218 manurursusconcutien-
771 3159 824 3227 τῆς
843 3155 980 3234 ἀμετρίας
1003 3157 1148 3223 ἀπόσκοϋ·
1182 3163 1297 3216 414100-

207 3237 440 3290 dum.1nterdum
458 3241 548 3290 tamen
560 3253 660 3292 omisso
674 3240 735 3305 phi·
771 3238 886 3301 gitarunt
908 3237 942 3287 de
966 3237 1147 3301 cincinnati,
1172 3237 1297 3310 alilrcrpt

207 3323 251 3360 mo
268 3323 352 3362 manu
371 3311 461 3364 talcs'
455 3327 481 3363 in
498 3326 614 3378 pyrgum
635 3316 736 3365 immit-
770 3307 823 3362 τοῦ
848 3307 1018 3363 clavatam
1042 3277 1163 3376 racem,
1194 3310 1237 3362 ulii
1262 3314 1296 3364 de

207 3384 308 3437 tabant.
337 3387 447 3437 Martial
462 3386 506 3447 44,
526 3389 565 3438 46.
590 3387 734 3440 Salmasius
771 3385 946 3449 tunamhults,
964 3385 1007 3438 alii
1020 3387 1136 3453 denique
1148 3387 1215 3450 (coll
1229 3389 1295 3452 Epp.

206 3457 223 3508 l
241 3457 258 3509 l.
279 3473 305 3524 p
327 3461 385 3510 454.
420 3463 549 3512 Eumeis
573 3462 734 3514 coddbSE
772 3463 801 3522 4,
822 3463 867 3524 40,
886 3461 927 3513 43.
951 3462 1041 3525 0443,
1062 3465 1106 3526 40,
1126 3463 1296 3528 itidemne

205 3535 319 3599 apparet
340 3533 483 3586 lectionem
501 3550 624 3601 pprpum,
653 3538 735 3588 Codi-
772 3534 893 3586 ductario
931 3537 957 3586 in
992 3539 1122 3589 machinis
1156 3538 1294 3589 tractoriis.

207 3621 268 3660 cum
286 3610 444 3660 anctoritate
457 3623 541 3675 prope
553 3610 734 3676 peremniteri
771 3612 870 3662 Sensus
896 3611 993 3664 clarus:
1025 3615 1088 3678 «qui
1112 3613 1193 3664 mcdc
1219 3613 1297 3663 nimis

204 3683 333 3744 pmmom,
359 3696 420 3735 csse
446 3683 637 3747 glossema.—
658 3687 736 3738 444444
771 3685 897 3736 adstricto
923 3690 951 3738 ct
975 3701 1083 3750 severe,
1111 3688 1193 3738 modo
1219 3687 1297 3738 nimis

206 3759 290 3823 mtrcr]
309 3759 395 3810 llinns
412 3761 509 3810 usitata
527 3761 565 3811 sic
577 3760 654 3822 dixit,
673 3775 734 3812 cum
770 3759 829 3810 laxe
847 3773 879 3811 uc
896 3760 1061 3826 negligenter
1076 3763 1166 3812 44444.»

208 3831 440 3896 frequentissimus
452 3835 487 3886 sit
502 3836 632 3898 positivus
649 3837 735 3887 4444444
802 3836 893 3886 34-34.
920 3837 1004 3901 todo]
1021 3849 1062 3901 pr.
1077 3837 1237 3900 «numquam
1254 3837 1297 3886 hic

207 3908 308 3956 mucius
332 3910 383 3958 cet.
404 3935 433 3946 -
456 3911 531 3972 prior
554 3911 607 3973 illo]
634 3923 733 3976 «propo
771 3910 828 3961 dics
846 3912 994 3973 transeat,»
1011 3912 1038 3962 id
1057 3913 1110 3973 est,
1130 3911 1227 3974 «illico,
1246 3913 1298 3963 sta—

208 3983 386 4044 praestantior
402 3985 430 4034 et
450 3983 552 4034 lelicicr
568 3985 674 4036 homine
693 3987 734 4036 in·
771 3985 844 4035 tim»
863 3985 1000 4037 stertunt.
1015 3987 1075 4038 Cus.
1088 3986 1117 4048 4,
1138 3988 1165 4049 4,
1185 3988 1211 4037 7:
1232 3988 1298 4050 Qct'tt

208 4056 371 4117 constantim
394 4071 456 4108 narn
474 4060 499 4108 in
518 4061 647 4124 pravitate
665 4073 734 4124 quo-
770 4061 846 4124 opilia
866 4059 957 4111 lodic?
1051 4062 1195 4125 Properate.
1233 4063 1298 4113 Titi-

208 4141 261 4192 oue
278 4132 377 4194 gradus
395 4135 457 4184 sunt
473 4134 590 4184 minores
608 4148 640 4186 uc
653 4135 734 4186 maio-
771 4135 829 4186 nius
847 4136 873 4186 in
894 4136 962 4186 luris
984 4137 1084 4200 perita:
1113 4138 1251 4200 Nrotpcom
1266 4151 1298 4188 oc

209 4216 268 4263 res,
287 4206 360 4268 quod
376 4207 410 4258 nd
428 4209 485 4259 eius
503 4209 672 4260 incommoda
686 4223 734 4260 ex·
770 4211 830 4260 mitti
846 4211 927 4262 licebit
942 4211 1013 4262 lodic
1034 4210 1135 4263 dicere?
1164 4213 1232 4278 (llall
1253 4213 1296 4262 ln·

208 4279 285 4328 ternu
307 4281 406 4333 attinet.
441 4284 486 4335 illo
507 4285 598 4336 eutem
622 4299 675 4336 non
698 4283 733 4336 ad
771 4285 1021 4350 temnamus,
1040 4287 1107 4351 cto.)
1126 4287 1202 4338 llcnd
1219 4287 1295 4336 Turs.
