3156 4972
621 425 681 474 uia.
701 424 732 474 ii.
767 423 834 474 sir.
853 424 884 473 v.
1229 419 1285 485 sot

245 585 351 651 Heres
373 589 419 658 ct,
443 579 471 646 si
493 579 567 667 quis
590 598 687 646 casus
709 598 848 666 puerum
869 577 972 665 egerit
993 578 1095 654 Orco,

245 708 282 771 ln
304 723 444 772 vacuum
464 701 591 780 veniam
613 719 748 786 perraro
770 698 851 766 haec
874 699 945 767 alea
966 697 1050 764 lallit.
1250 699 1291 762 50

245 827 309 907 Qui
332 833 558 891 testamentum
580 820 685 888 tradet
706 820 763 888 tihi
785 841 913 908 cunque
935 819 1123 908 legendum,

244 945 396 1013 Abnuere
418 953 451 1012 et
471 942 598 1010 tabulas
619 962 639 1009 a
661 952 692 1009 te
714 962 884 1009 removere
906 950 1085 1018 memento,

246 1068 300 1136 Sic
322 1076 444 1144 nmen,
469 1075 504 1130 ut
524 1062 609 1132 limis
631 1063 754 1152 rapias,
778 1062 857 1151 qnid
879 1063 984 1151 prima
1006 1061 1151 1146 secundo

245 1189 328 1256 Cera
350 1185 427 1255 velit
448 1207 561 1265 versu;
584 1183 673 1252 solus
696 1183 846 1250 multisne
869 1182 1023 1262 coheres,

245 1309 354 1377 Veloci
375 1327 532 1396 percurre
555 1305 659 1374 oculo.
703 1303 898 1394 Plerumque
919 1314 1068 1372 recoctus

246 1429 360 1498 Scriba
383 1449 424 1498 eii
445 1427 660 1518 quinqueviro
683 1447 817 1494 corvum
838 1426 972 1496 deludat
991 1427 1147 1504 hiantem,

268 1609 309 1661 53.
328 1609 402 1660 ΕΜ
418 1611 444 1660 S.
466 1635 493 1645 —
512 1607 553 1658 56.
572 1607 697 1658 deletitia
715 1605 799 1658 Codd.
818 1607 844 1658 F.
881 1607 1111 1672 (cruentasse.)

200 1759 284 1824 namt]
303 1761 349 1809 unt
365 1759 391 1809 in
404 1757 603 1822 possessiouem
615 1768 727 1808 vacuam
765 1755 819 1806 ime
834 1771 894 1807 cera
911 1757 938 1810 0.
958 1757 1090 1808 Octavium
1106 1759 1183 1808 etiem
1199 1759 1226 1808 iu
1246 1761 1290 1822 se-

201 1835 302 1886 herede
319 1833 451 1884 succedas
469 1836 497 1883 et
516 1845 549 1882 eii
565 1844 625 1884 esse
648 1831 727 1882 heres
765 1831 863 1881 millam
873 1845 1010 1894 comesque
1020 1833 1157 1896 adoptavit.
1174 1860 1202 1868 -
1213 1833 1288 1899 sotus]

201 1909 277 1960 lias.»
308 1909 355 1960 Est
378 1889 501 1958 thorum
526 1905 653 1966 verbum3
679 1919 727 1955 oo·
765 1905 845 1957 heres
861 1906 940 1969 igitur
956 1921 989 1956 ex
1006 1920 1074 1957 asse.
1098 1936 1126 1944 -
1143 1907 1291 1970 reumque

200 1997 262 2033 ccns
286 1985 313 2034 et
337 1995 421 2032 comte
441 1981 564 2044 porrecto
587 1979 727 2043 aliquoties
765 1981 828 2045 cet]
846 1979 923 2030 Hand
940 1993 1000 2030 raro
1018 1979 1060 2030 alii
1077 1993 1185 2045 quoque
1202 1995 1289 2045 aeque

200 2059 336 2122 reperitur
352 2056 424 2122 apud
445 2055 552 2118 Gaium,
579 2057 608 2105 ut
630 2057 658 2114 Ξ,
683 2055 724 2105 54.
764 2053 883 2105 infelices
894 2067 973 2104 casus
986 2056 1012 2105 iu
1029 2055 1221 2106 hereditatibus
1233 2054 1290 2106 lru-

200 2132 229 2193 l,
249 2131 307 2182 tet.
764 2131 819 2180 stra
837 2129 948 2192 captatis
970 2129 1155 2193 experiuntur,
1182 2129 1289 2193 qualern

233 2207 319 2256 etei.
337 2205 404 2255 timis
413 2203 510 2268 reptes]
524 2202 653 2268 «obliquis
665 2215 728 2253 ocu·
764 2216 851 2267 nuper
862 2203 969 2264 Nasica,
988 2205 1064 2254 cuius
1077 2202 1213 2254 calamitas
1226 2207 1289 2255 tunc

199 2281 232 2331 lis
250 2281 347 2344 raptim
364 2279 464 2343 legas.»
492 2282 554 2329 Aca.
576 2277 724 2330 Plautilli.
763 2278 870 2329 videtur
892 2279 992 2330 derisui
1014 2279 1095 2330 luisse
1119 2281 1230 2339 civitati;
1257 2292 1289 2330 ac

200 2354 271 2406 Glor.
284 2355 315 2415 i,
334 2356 363 2414 6,
382 2355 411 2404 2:
429 2353 537 2416 Aspicito
548 2353 627 2414 mis,
646 2352 727 2403 seille
764 2353 876 2405 fortusse
900 2353 996 2404 eadem
1022 2353 1124 2404 induxit
1150 2354 1289 2406 Horatium

199 2429 470 2480 mssesertr'cioidere.
483 2425 725 2490 Terent.Eiiu.3,5‚
764 2428 798 2478 ad
816 2427 1009 2479 describendos
1032 2429 1083 2479 hac
1105 2430 1185 2479 satira
1207 2430 1289 2480 here·

199 2504 246 2554 53:
264 2503 387 2568 epctmis
397 2502 531 2565 specteSr'c
543 2515 592 2564 per
600 2501 727 2566 {tabellum
764 2501 877 2566 dinetus.
903 2527 931 2538 -
958 2502 1078 2567 recoctus]
1104 2502 1135 2552 V.
1156 2516 1290 2564 recoquere

199 2579 350 2629 mecum.
371 2605 399 2616 -
414 2576 607 2640 prisea-Cere]
621 2577 653 2626 V.
665 2588 727 2625 cero
764 2578 872 2640 saepius
889 2579 1033 2641 usurpatur
1044 2590 1093 2641 pro
1106 2578 1148 2628 «in
1160 2576 1225 2628 allos
1237 2577 1290 2627 lor·

200 2656 229 2703 ut
242 2649 727 2715 homonymumvuiucnconiungs
764 2663 838 2701 mare
862 2663 958 2712 usus‚s
984 2653 1014 2700 ut
1039 2649 1105 2701 Flor.
1128 2651 1156 2712 3,
1182 2652 1228 2712 2⁰,
1256 2653 1286 2702 6:

199 2727 280 2778 batur
299 2727 326 2776 iu
344 2726 539 2790 nuncupatione
563 2723 724 2776 testamenti.
765 2724 1087 2790 (Spartacisociiieferro
1103 2726 1289 2789 erpastclcraen
1340 2717 1346 2730 '

199 2803 280 2852 Gaius
296 2801 326 2861 2,
353 2798 415 2851 tot:
447 2799 558 2849 lesmor
573 2797 672 2848 mutes
688 2802 726 2848 te-
762 2805 859 2850 recocto
875 2800 1015 2863 ptodtosac
1031 2800 1081 2848 tela
1095 2800 1216 2862 fecerunt.
1242 2799 1290 2850 Est

199 2876 316 2927 stamenti
332 2880 416 2925 meis
430 2875 468 2923 itu
484 2874 558 2923 dicit:
586 2873 654 2923 liceo
672 2873 723 2933 itii,
764 2875 859 2938 igitur,
894 2876 924 2924 ut
954 2885 1002 2924 iios
1033 2872 1147 2923 dicimus
1177 2885 1289 2936 umpa-

198 2957 227 3001 ut
243 2951 319 3000 hstis
330 2949 420 2999 meatu
430 2949 542 3010 cerisqw
552 2948 647 3010 scripta
657 2953 724 3008 nint,
763 2949 946 3009 echmotses,
964 2949 1169 3011 umoeformt,
1189 2949 1289 2996 «mum-

198 3027 237 3076 ito
253 3027 299 3086 do,
326 3025 364 3073 ite
379 3025 445 3088 lopo,
472 3025 510 3072 itii
525 3027 613 3083 testor,
640 3023 726 3084 itaque
763 3025 789 3073 ta
811 3023 900 3087 priore
918 3019 1074 3072 condicione
1097 3021 1183 3072 iactus
1202 3033 1288 3084 quae-

197 3113 256 3160 ocs,
276 3099 398 3162 Quirites,
416 3098 583 3147 testimonium
593 3097 654 3146 milti
666 3109 726 3158 per*
763 3094 1287 3158 attenticausareribaerqutuqueviro.·

197 3174 310 3224 melote.
340 3173 449 3222 Sueten.
466 3173 526 3222 Ner.
546 3172 588 3222 ti:
618 3171 725 3222 sasaim
763 3171 844 3223 Cuius
872 3171 962 3220 autem
994 3169 1100 3232 generis
1129 3169 1289 3232 quinquevir

200 3250 223 3312 (a
241 3249 366 3310 Nerone),
384 3246 450 3296 utin
461 3247 612 3297 testamentis
623 3247 725 3308 mimae
762 3247 806 3296 hic
828 3243 1000 3308 intelligetur,
1025 3245 1114 3294 uirum
1137 3245 1288 3294 mensurius

198 3324 264 3372 doce
281 3334 368 3383 cece,
387 3321 726 3372 eccmnmnuocscmtee
762 3335 798 3374 an
823 3317 990 3383 municipalis
1020 3319 1074 3382 (qni
1101 3331 1232 3384 persaepe
1260 3320 1287 3371 iii

197 3399 332 3460 ἰιιιιτῦριο,
364 3396 621 3460 commemoria
642 3400 725 3446 osteri-
761 3395 892 3459 Inscripti.
908 3393 1109 3456 memorantur),
1128 3392 1284 3457 nonliquet.

197 3472 325 3522 derentw.
369 3471 425 3520 Hoc
450 3470 529 3534 igitur
545 3470 622 3520 dicit:
650 3469 724 3532 «lege
761 3470 810 3522 Alii
832 3467 963 3533 explicant
982 3467 1115 3529 «vetrum,
1138 3470 1287 3528 astutum»

198 3543 317 3604 occulte,
336 3541 400 3608 quid
416 3545 546 3608 scriptum
557 3545 590 3594 sit
604 3543 725 3595 secundo
762 3547 939 3611 provocantes
956 3543 991 3593 ad
1009 3542 1102 3594 Catulli
1118 3541 1164 3601 dl,
1182 3547 1211 3594 5:
1229 3543 1289 3604 Fus-

198 3633 280 3670 versu
303 3619 366 3668 iuda
388 3617 422 3668 ab
444 3619 517 3668 initio
535 3619 723 3678 testamentus
760 3622 814 3685 fleto
830 3620 882 3669 sera
901 3623 998 3669 recocto
1016 3617 1072 3680 (uhi
1096 3618 1184 3682 potius
1205 3616 1288 3678 sigui-

198 3707 262 3744 uam
285 3693 373 3757 primo
396 3705 478 3742 versu
495 3705 557 3742 cum
575 3694 725 3744 nominatus
762 3694 824 3744 ficut
834 3691 991 3756 jopendltch,
1011 3691 1113 3755 triech)
1130 3693 1158 3740 et
1175 3688 1288 3740 Phaedri

198 3769 272 3819 esset
284 3768 408 3829 metator,
426 3765 585 3830 plerumque
598 3767 724 3817 contiuno
762 3769 790 3830 l,
804 3768 814 3817 t
827 3805 832 3829 ‚
846 3767 890 3817 td:
908 3766 1049 3816 mmmdcc
1059 3765 1147 3828 (mus),
1160 3761 1289 3828 supplen-

198 3841 232 3892 ad
244 3839 353 3892 heredis
365 3841 556 3890 institutionem
567 3839 722 3891 transibant.
762 3845 803 3894 tes
820 3839 1126 3890 aduccrihaitactusa.
1162 3835 1288 3888 Aliiialso

197 3913 325 3981 Apuleius
336 3913 371 3964 de
388 3914 474 3978 magia
487 3927 511 3964 c.
526 3913 586 3964 ⁴⁰0:
604 3915 725 3978 Lepepo-
762 3915 938 3981 explicarunt:
959 3927 1007 3964 ier
1023 3912 1111 3964 scriba
1129 3912 1288 3976 quinquevi-

197 3991 247 4040 tiiss
263 3992 451 4049 testcmntiem
463 4013 477 4025 -
489 4013 503 4025 -
514 3988 553 4038 hic
563 3989 683 4051 reperies,
702 3993 726 4039 et
762 3993 850 4041 ratum
868 3988 997 4053 adeptus,
1024 3999 1087 4038 mcii
1104 4000 1137 4036 eir
1153 3989 1288 4050 quinque-

198 4063 299 4126 qeidem
316 4075 379 4112 mcc
400 4075 419 4112 c
440 4063 583 4125 principio:
611 4063 724 4114 Sicinius
761 4062 920 4114 vuoscriha
937 4062 1034 4113 iterum
1051 4062 1162 4112 lactuca
1176 4062 1289 4111 -tiori-

198 4139 300 4188 werris
316 4149 400 4188 rurus
410 4149 478 4189 rsus
489 4149 550 4188 iiiiii
559 4149 642 4188 urnss
653 4149 724 4189 asro.
762 4138 818 4203 tem]
837 4139 945 4188 Lucian.
963 4137 1029 4188 Tim.
1048 4137 1089 4186 22.
1108 4135 1143 4186 de
1167 4148 1214 4198 eo,
1241 4136 1287 4199 qui

198 4211 383 4262 Cir.ltiissou.
397 4211 526 4272 Formi,
545 4211 585 4262 tt.
612 4212 725 4262 Contra·
762 4213 913 4277 captatores
930 4207 1051 4260 similiter
1067 4209 1226 4261 testamento
1238 4209 1288 4260 de-

198 4285 268 4336 rium
290 4283 374 4335 hahet
394 4285 502 4336 sueton.
524 4285 602 4336 Caes.
624 4286 668 4337 83:
698 4288 725 4336 ts
763 4287 847 4351 cepit:
862 4279 1288 4352 sohcpdrqrrcexquragr'urle
