3082 4968
271 371 332 438 lio
646 375 775 427 bonurn
796 374 976 430 sarnanum

312 530 360 596 Nil
383 542 513 619 praeter
535 509 669 600 Calvum
691 541 723 598 et
745 532 861 599 doctus
883 541 1014 598 cantare
1037 529 1206 600 Catullum.

311 655 351 718 At
372 673 524 742 magnum
545 653 634 732 iooit,
658 653 748 742 quod
769 652 879 721 vorbis
901 651 1026 722 Graeoa
1048 653 1169 722 Latinis
1319 653 1362 718 ΩΟ

312 774 447 842 Miscuit.
492 776 608 844 Osari
631 773 828 842 studiorum!
852 774 952 863 quino
974 775 1093 863 putetis

312 895 448 964 Difficile
471 907 504 964 ot
525 897 658 990 mirum,
681 895 806 964 ilbodio
828 895 919 984 quod
940 894 1131 964 Pitholeonti

313 1017 470 1106 Contigit?
495 1020 534 1086 lt
555 1039 663 1086 sermo
685 1017 794 1106 lingua
816 1018 994 1086 conoinnus
1015 1028 1154 1106 utraque

336 1190 376 1238 49.
396 1194 419 1239 et
435 1202 488 1240 om.
507 1188 534 1238 d.
563 1215 590 1224 -
617 1189 658 1239 il.
682 1187 867 1252 obianusoripti
884 1184 1008 1251 qnidam,
1027 1189 1083 1238 tarn
1100 1185 1226 1247 aliorum,
1245 1199 1328 1251 σσοιη

303 1265 385 1315 nostri
398 1265 507 1327 patalia:
525 1262 576 1314 sed
592 1262 682 1328 plures
700 1265 727 1314 et
744 1261 870 1314 meliores
885 1263 1003 1326 poeta·
1020 1263 1112 1313 Burri.

269 1413 444 1464 contemnitur.
479 1414 551 1463 inest
567 1411 634 1463 lenis
646 1413 727 1463 eliam
740 1413 798 1463 irri-
833 1409 967 1464 νεκύεσσι
988 1409 1251 1476 καταφθιμένοισιν
1267 1406 1363 1464 ἀνοίσ-

270 1489 310 1541 sio
333 1487 475 1538 amborum
499 1489 653 1551 poetarum,
680 1486 714 1536 ab
740 1485 797 1538 aliis
834 1503 905 1540 σειν.
932 1487 989 1553 (0d.
1007 1485 1036 1550 λ,
1060 1485 1129 1549 itt.)
1152 1487 1223 1538 Libr.
1242 1490 1293 1538 ino.
1314 1486 1362 1539 tia

270 1562 380 1628 quidem
397 1562 550 1626 magnisiut
566 1563 792 1626 ipseputassevi-
835 1561 912 1627 (Gerl.
925 1575 954 1627 p.
972 1561 1037 1624 96.);
1064 1556 1141 1624 Χῖός
1165 1575 1196 1611 τε
1217 1557 1363 1626 δυνάστης

270 1639 360 1698 detur,
380 1638 461 1687 etiam
478 1637 565 1687 nimiis
573 1637 589 1700 ‚J
607 1634 732 1688 laudibus
749 1651 797 1688 oe-
834 1632 944 1702 (οῖνος).
988 1638 1049 1700 ipsa
1073 1635 1157 1686 verba
1182 1635 1214 1686 At
1240 1648 1363 1700 morian

270 1712 436 1764 lebratorum
455 1710 536 1773 [Ouid.
549 1713 641 1762 Amor.
654 1711 683 1773 3,
702 1711 731 1773 9,
750 1712 796 1764 tl:
832 1711 977 1762 --liisoait
996 1723 1141 1775 perperam
1159 1709 1299 1762 Lucilianis
1317 1723 1363 1762 re-

270 1787 362 1838 Oboioa
381 1786 439 1835 boio
461 1783 578 1849 (Tibullo)
595 1785 682 1836 ventor
705 1786 798 1836 bodera
832 1785 920 1851 liqniis
942 1787 1041 1836 inserta
1063 1787 1134 1836 sunt.
1169 1784 1228 1836 Vid.
1247 1784 1362 1836 Gerlaoln

270 1862 392 1912 iuvenilia
402 1862 497 1912 cinctos
509 1861 699 1923 importasset»
710 1861 796 1923 Cotoo,
834 1873 861 1924 p.
880 1858 937 1910 till.
958 1886 986 1896 —
1005 1860 1026 1909 O
1046 1859 1096 1910 sari
1115 1859 1281 1923 studioneul]
1305 1860 1362 1910 lloc

270 1939 340 1988 docto
351 1937 455 1999 emutio,
474 1936 547 1999 too),
561 1936 610 1987 sed
622 1938 713 1988 tamm
724 1949 798 1988 sum-
833 1935 891 1999 ipso
909 1936 964 1984 tarn
981 1946 1110 1999 perverso
1127 1933 1225 1986 iudioio
1240 1935 1305 1985 satis
1317 1935 1360 1986 isti

271 2012 323 2062 mis
341 2013 504 2062 Graecorum
520 2011 607 2074 potitis
624 2023 797 2075 nequaquam
834 2007 1054 2060 demonstrabant
1079 2021 1141 2058 sero
1168 2021 1198 2060 ea
1226 2009 1361 2073 incepisse

270 2084 539 2149 aequiparandorum.
561 2109 588 2120 -
608 2084 686 2144 Quod
706 2087 797 2136 eutem
834 2082 926 2134 litteris
951 2095 1063 2146 operam
1088 2082 1163 2134 dare.
1199 2076 1363 2147 Ὀψιμαθὶα

271 2159 404 2223 Spohnius
425 2157 567 2222 significari
589 2158 734 2210 arbitratus
756 2160 798 2208 est
834 2159 926 2209 autem
950 2158 1051 2221 optimo
1076 2157 1134 2206 iura
1160 2158 1276 2221 antiquis
1298 2170 1363 2222 per-

271 2233 438 2284 Demetrium
458 2235 552 2296 biegnn
573 2246 588 2282 a
611 2234 740 2304 Cicerone
763 2231 798 2282 ad
835 2244 916 2295 quam
945 2230 1055 2282 ridicula
1088 2230 1238 2282 videbatur.
1284 2232 1360 2284 Cont.

271 2307 400 2367 Fam.i3‚
414 2307 455 2358 36.
476 2307 559 2358 Acilio
568 2308 797 2368 commendatum,
835 2307 968 2370 Tbeopbr.
987 2307 1066 2358 Char.
1085 2308 1127 2356 27.
1161 2308 1215 2358 Cio.
1235 2306 1271 2356 ad
1287 2308 1360 2358 Fam.

272 2393 348 2432 mera
366 2385 407 2431 est
424 2381 559 2432 divinatio.
835 2381 862 2442 9,
881 2381 927 2442 20,
945 2383 975 2431 2:
1003 2375 1165 2446 ὀψιμαθεῖς
1186 2381 1298 2432 minsa
1313 2381 1363 2432 aria

303 2454 406 2506 20-2l.
440 2455 472 2506 At
495 2469 617 2519 amquam
640 2455 711 2520 [ιαἰ]
738 2455 799 2506 «oio
835 2469 912 2519 quom
934 2457 1063 2508 introientes
1085 2457 1142 2506 aiot
1173 2454 1237 2506 Geli,
1258 2457 1304 2517 ll,
1330 2457 1360 2505 7:

271 2543 367 2595 qroasea
389 2529 568 2580 Kuoatsttiol.»
599 2529 704 2580 laoobs.
740 2531 796 2580 Cio.
834 2532 879 2581 Eat
895 2532 958 2581 odeo
974 2531 1001 2580 td
1015 2532 1105 2582 vitium
1120 2543 1191 2582 seruo
1205 2531 1362 2593 mutuata,
1433 2576 1438 2588 ,

272 2606 342 2656 Orat.
356 2604 400 2666 30,
420 2605 482 2656 roa:
501 2618 547 2654 nos
562 2617 684 2669 moyam
700 2604 799 2669 leolam-
835 2619 913 2668 qaam
929 2606 1022 2656 Groooi
1039 2600 1206 2670 ὀψιμαθίαν
1223 2605 1362 2667 mallant,

271 2693 339 2740 matr,
364 2679 386 2728 ai
407 2681 459 2730 oet.
480 2705 508 2716 -·
525 2679 607 2728 verbis
624 2679 724 2730 Graeco
744 2680 799 2730 Lo-
835 2685 876 2743 ut,
907 2681 974 2743 qood
1000 2693 1132 2743 nunquam
1159 2680 1289 2742 σίαᾶοσήι,
1318 2680 1365 2730 diu

271 2754 330 2804 tinia
343 2752 453 2818 Νίσαια]
478 2751 604 2804 Placebat
629 2754 706 2817 igitur
731 2767 799 2804 non·
835 2756 1005 2819 ignoraveris,
1028 2769 1085 2806 eran
1101 2755 1128 2804 u
1144 2755 1208 2806 eolre
1224 2755 1363 2817 σὶὲσιισσαο

272 2826 349 2880 nullis
365 2829 465 2878 Horatii
481 2826 638 2892 aequalibus
651 2829 744 2880 vitiosa
757 2825 798 2880 illa
835 2830 956 2892 coapata,
982 2830 1070 2893 moqai
1094 2829 1177 2893 [omos
1193 2841 1242 2890 quo
1259 2830 1287 2878 io
1308 2829 1364 2880 loon

272 2902 438 2956 consuetudo
447 2902 531 2954 verba
541 2906 651 2966 Graeca,
664 2903 798 2955 interdum
835 2918 932 2966 auoque
954 2910 977 2955 et
999 2917 1147 2966 quocumque
1169 2905 1197 2954 tr
1218 2917 1247 2954 ra
1269 2905 1361 2956 dicore.

272 2979 354 3029 etiam
376 2979 493 3042 integros
516 2979 676 3041 versiculos,
700 2980 798 3030 Latinis
835 2979 876 3030 nd
887 2980 1115 3030 constructionem
1125 2991 1151 3028 v.
1164 2991 1235 3029 saroa
1247 2978 1294 3028 oir.
1316 2975 1361 3028 Sil.

272 3051 486 3113 immiscendi,
513 3054 559 3116 qui
576 3067 636 3105 mos
653 3055 679 3104 in
697 3055 799 3119 episto-
835 3053 890 3106 ital.
912 3055 942 3116 3,
969 3055 1032 3104 255:
1060 3053 1167 3104 consido
1191 3054 1294 3114 viridia,
1320 3053 1365 3104 aad

272 3124 304 3178 lis
325 3125 463 3178 dumtaxat
484 3125 656 3179 familiaribus
673 3125 710 3179 illi
730 3126 798 3178 tole-
836 3130 891 3180 belli
907 3141 979 3180 ιιηα
998 3129 1091 3179 llertet.
1118 3155 1145 3164 -
1167 3129 1242 3191 qatim
1259 3129 1363 3191 puato]

272 3201 372 3252 raudus
384 3201 538 3262 videbatur,
557 3203 607 3253 etsi
619 3202 736 3254 eundem
748 3216 798 3254 suo
836 3203 1004 3255 constructio
1022 3205 1157 3254 contracta
1176 3216 1209 3253 ex
1225 3203 1281 3254 bis:
1301 3216 1365 3265 «pu-

272 3275 330 3326 iure
342 3278 451 3327 secutus
463 3277 504 3326 est
520 3277 548 3326 in
564 3275 624 3326 loro
635 3277 798 3328 facetissima
835 3277 959 3328 tolonei»
978 3281 1019 3329 et:
1048 3279 1112 3340 «qut
1124 3278 1250 3340 pataliam·
1272 3278 1365 3328 «dora

273 3350 354 3400 etiam
370 3351 508 3400 Lucretius
525 3349 555 3410 i,
576 3349 640 3401 illiti
656 3364 717 3416 sqq.
740 3351 795 3401 Cio.
834 3353 884 3402 iltr
901 3352 974 3403 doolt
989 3351 1118 3416 qloobeo
1133 3353 1279 3404 idonetln
1307 3351 1362 3403 Cir.

273 3421 399 3472 deOltio.
419 3424 448 3484 t,
473 3423 519 3483 34,
545 3424 607 3472 til:
633 3437 746 3476 samsone
769 3437 798 3476 eo
835 3426 1109 3490 Plautumque,
1137 3427 1245 3490 aba:
1281 3427 1363 3489 Ouiae

272 3495 445 3558 ammantat,
463 3497 507 3559 qut
522 3498 737 3560 nobnmtnobia,
756 3513 796 3562 no,
834 3501 973 3552 etiamnum
997 3515 1073 3565 nuper
1098 3504 1218 3553 σάἀνσσι.
1253 3503 1361 3552 Terent.

271 3575 300 3620 ut
313 3571 431 3632 quianon,
450 3571 799 3625 Groeoooorooiooatoootaa
834 3576 947 3642 Adelph.
965 3579 995 3639 ἰ,
1014 3577 1045 3639 3,
1063 3578 1089 3627 9.
1108 3575 1202 3628 collato
1221 3576 1257 3628 ibi
1279 3577 1363 3628 Bent-

272 3646 328 3696 iare
344 3647 437 3708 optineo
452 3645 591 3699 videamur.
619 3648 691 3699 lnter
707 3648 797 3700 Lucilii
834 3651 895 3702 leio.
940 3653 1026 3704 Haase
1055 3653 1082 3704 in
1105 3653 1209 3716 Reisigii
1225 3653 1281 3702 Lot.
1300 3653 1361 3714 δρα.

272 3720 398 3784 reliquias
421 3721 472 3772 has
495 3735 604 3786 quoque
628 3725 704 3774 sunt:
731 3725 794 3785 t,t
835 3740 861 3792 p.
881 3727 939 3779 lid.
972 3729 1121 3791 (Diversum
1137 3729 1268 3778 rationem
1285 3739 1364 3778 seau-

274 3794 468 3861 (Gerl.p.l7.):
487 3797 539 3848 lior
550 3795 798 3852 Nol-etDebueris
835 3805 879 3852 tus
896 3805 938 3854 est
954 3802 1031 3854 Hand
1047 3803 1123 3854 Turs.
1142 3803 1184 3854 tv,
1204 3816 1230 3867 p.
1249 3802 1301 3866 tt.)
1331 3827 1360 3839 -

273 3876 297 3922 la
312 3873 341 3921 Sl
356 3873 434 3924 ναίον·
452 3875 567 3936 deleam,
591 3875 658 3936 quod
673 3867 797 3936 ἄτεχνον
836 3877 928 3929 thodlo
944 3903 959 3914 -
972 3877 1126 3942 Pltloleoatt]
1148 3876 1267 3928 Bentlaio
1284 3875 1363 3928 vide-

273 3945 421 3998 laoerotiam
435 3954 483 4011 eat,
499 3943 528 3999 ’0
541 3945 745 4021 Χληρῶόεςσαι
760 3952 796 4000 si-
836 3954 879 4003 tur
895 3952 981 4014 idem,
1000 3954 1046 4017 qui
1062 3951 1157 4004 lulium
1168 3953 1314 4004 Caesarem
1325 3951 1364 4002 la·

273 4021 327 4072 mul
336 4027 415 4073 mnan
425 4037 457 4074 σο
467 4021 728 4096 σσμμειρσκιῶδις;
742 4027 799 4077 Non
836 4027 918 4078 mosis
926 4027 1089 4080 carminibus
1099 4025 1239 4090 laceravit,
1252 4029 1362 4078 auctore

274 4109 380 4158 oporam
392 4099 478 4159 podo.
499 4099 542 4162 ti,
561 4102 577 4151 5
595 4099 673 4164 (Gorl.
690 4114 716 4166 p.
730 4101 795 4164 abl:
835 4102 960 4154 Suetonio
977 4105 1054 4155 Caes.
1074 4117 1098 4156 ο.
1117 4103 1163 4153 m:
1182 4103 1288 4154 Pitholai
1304 4115 1363 4154 σσσ-

275 4171 343 4222 Nom
360 4173 451 4234 pauco
467 4173 539 4236 (dicit
555 4176 593 4239 aa)
610 4176 686 4226 molle
702 4189 734 4227 oo
754 4189 798 4226 ao·
833 4177 942 4228 nuribus
962 4178 1200 4229 moledtoeatiaaimir
1221 4179 1363 4229 loom

271 4246 395 4310 omibus
420 4261 470 4300 asra
492 4249 629 4312 probatura
648 4245 694 4302 Ἦ,
709 4247 797 4304 πᾶσιν
834 4253 1044 4306 mambrem
1059 4253 1362 4306 aoomowitioaimoto-
