3130 4966
498 1111 537 1215 Q·
564 1110 754 1204 liditllil
780 1111 938 1204 illuct

377 1339 1066 1520 Slllitlitiiil

496 1599 504 1614 ’
572 1647 688 1714 uinea
711 1647 866 1717 narnus.

577 2010 853 2072 ΒΔΞΜῙ.

210 2151 274 2232 Qui
299 2151 349 2230 lit,
373 2151 560 2229 Maecenas,
584 2161 620 2217 ut
641 2171 753 2230 nemo,
777 2173 876 2250 quam
898 2152 958 2220 sibi
982 2163 1101 2222 sortem

210 2274 279 2340 Seu
302 2273 384 2340 ratio
406 2272 534 2340 dederit
554 2265 613 2340 seu
637 2273 703 2339 iors
725 2273 898 2351 obiecerit,
922 2273 975 2340 illa

233 2483 290 2532 Sat.
310 2484 328 2532 l.
363 2484 388 2532 2.
412 2482 499 2532 «dtas
516 2483 686 2546 etquattuor
710 2483 825 2534 Pottierii
850 2483 911 2544 (nou
935 2481 1027 2548 Bbcdp
1051 2497 1139 2548 neque
1163 2485 1229 2536 Edi.

200 2557 312 2620 praeter
330 2557 409 2608 Foam
427 2559 454 2608 et
471 2557 644 2620 Pctticriuml.

200 2746 217 2793 l.
254 2745 359 2796 Festive
377 2744 551 2809 reprehendit
568 2747 647 2809 potita
664 2747 698 2795 ri·
733 2745 767 2796 ad
798 2747 979 2798 Maecenatem
1011 2747 1139 2811 scriptam
1165 2749 1262 2798 ceteris

169 2817 284 2869 diculam
303 2819 372 2870 illam
389 2822 604 2892 μεμψιμοιριαν
617 2824 644 2872 et
656 2822 697 2872 iu·
732 2821 884 2884 praemisit;
903 2823 932 2870 ιιι
949 2821 1071 2884 Epodum
1090 2823 1123 2883 i..
1145 2823 1259 2872 Carmen

169 2895 355 2954 constantiam,
372 2907 425 2958 qua
437 2894 558 2959 plerique
570 2893 697 2958 aequales
733 2897 757 2944 t.
776 2895 847 2946 Libri
864 2897 883 2945 l.
903 2898 930 2945 et
947 2894 1091 2960 Epistulam
1110 2899 1133 2948 t.
1154 2897 1224 2948 Libri
1238 2897 1255 2948 l.

169 2969 223 3018 eius
240 2967 414 3031 laborabant,
436 2971 604 3020 coniunctam
623 2983 697 3022 sem·
732 2969 821 3022 eidem
840 2969 934 3020 lauteri
953 2971 1096 3035 inscripsit.

169 3054 215 3104 per
231 3055 296 3093 cum
308 3045 363 3094 acri
377 3045 402 3093 in
415 3055 461 3094 eos
474 3045 578 3107 invidia,
598 3045 696 3109 qulbus
780 3045 893 3108 Propter
915 3046 1041 3096 transitus
1059 3045 1162 3109 aliquos
1179 3046 1263 3097 abru-

169 3128 199 3164 ει
215 3115 322 3170 illorum
334 3117 458 3182 opinione
470 3119 565 3171 melior
575 3133 634 3171 sors
646 3117 697 3170 oh·
732 3119 831 3183 ptiores
849 3131 881 3169 ac
899 3120 987 3170 minus
1000 3119 1112 3170 tortasse
1124 3133 1205 3183 quam
1218 3119 1263 3172 ali·

169 3189 269 3252 tigerat.
307 3193 389 3244 liuius
408 3195 499 3244 autem
511 3195 611 3256 morbi,
631 3208 695 3246 sane
732 3191 760 3242 bi
778 3191 870 3242 callida
888 3193 1011 3242 iunctura
1028 3191 1175 3244 occultatos
1202 3197 1259 3258 (cir.

169 3265 207 3315 uel
233 3267 343 3318 maximi
370 3269 440 3318 ritae
463 3269 558 3320 beatae
582 3270 697 3334 impodi—
731 3279 774 3316 vv,
800 3263 840 3316 43.
864 3265 905 3316 23.
925 3266 992 3329 toti.)
1010 3270 1038 3317 et
1054 3269 1165 3332 propter
1182 3267 1261 3318 totius

168 3343 263 3401 menti,
297 3344 471 3407 praecipuam
494 3355 604 3395 causam
625 3345 696 3394 hane
731 3341 864 3392 sermonis
890 3341 989 3392 exitum
1017 3343 1050 3406 (v.
1071 3341 1148 3404 tao),
1175 3342 1261 3406 qualis

168 3425 226 3464 esse
250 3415 329 3478 dicit,
359 3417 432 3481 quod
459 3419 552 3480 insigni
577 3419 695 3483 quadam
731 3429 819 3479 aequo
842 3417 899 3465 iure
922 3415 1032 3466 cuilibet
1053 3416 1131 3466 huius
1154 3419 1260 3481 generis

168 3487 274 3539 stultitia
291 3491 395 3555 abrepti
411 3490 536 3556 permulti
552 3496 634 3542 totam
646 3507 696 3558 per
731 3490 937 3554 scriptiunculae
955 3492 1027 3542 assui
1045 3493 1161 3555 poterat,
1192 3507 1261 3542 non-

168 3563 246 3614 ritam
270 3565 332 3616 niril
354 3565 425 3616 aliud
449 3569 542 3630 agant.
565 3579 645 3630 quam
666 3570 696 3618 ut
732 3563 793 3616 nulli
811 3566 880 3616 hanc
897 3567 1006 3616 satiram
1024 3567 1093 3616 inter
1110 3569 1195 3630 prima
1208 3569 1261 3618 Lu-

168 3649 326 3704 qucconque
344 3641 426 3692 modo
443 3642 586 3706 pecuniam
604 3655 695 3692 corra-
731 3639 820 3690 cilium
855 3643 882 3690 et
913 3641 1032 3692 imitandi
1060 3643 1087 3690 et
1116 3643 1261 3705 superandi

168 3711 245 3772 dant,
276 3716 431 3778 conquisitis
449 3717 538 3765 tamen
557 3728 694 3778 nunquam
731 3717 914 3778 experimenta
938 3713 972 3768 ab
994 3715 1103 3765 Horatio
1129 3714 1197 3766 iacta
1216 3729 1260 3766 re-

169 3785 298 3848 iruantur,
328 3787 391 3839 illud
423 3791 548 3839 nimirum
576 3791 692 3852 causati,
730 3787 868 3838 terendam
886 3802 946 3839 esse
964 3789 1135 3838 censuerunt.
1156 3790 1259 3840 Primus

168 3871 196 3908 se
213 3860 332 3924 placidae
350 3865 497 3914 senectutis
515 3865 597 3928 quieti
614 3877 693 3924 nunc,
729 3865 820 3912 autem
838 3875 932 3922 annus,
951 3875 1005 3926 quo
1022 3864 1146 3927 componi
1164 3864 1257 3925 potuit,

169 3947 228 3985 cum
246 3939 352 4000 tempus
369 3937 411 3996 sit,
424 3939 590 4002 prospicere.
621 3939 694 3988 llae-
730 3936 778 3994 luit
803 3951 829 3986 u.
858 3950 881 3986 c.
908 3937 980 3996 7th
1012 3936 1132 4000 plerique
1151 3939 1258 3996 tamen,

169 4011 252 4058 cenati
276 4013 366 4060 autem
385 4011 454 4061 lianc
471 4013 581 4063 satiram
599 4013 695 4063 inscri-
730 4011 811 4061 etiam
839 4010 981 4061 Groteiend
1007 4012 1140 4074 (sciasne.
1166 4011 1256 4074 toust.

169 4079 234 4132 beas
255 4082 296 4134 vel
317 4084 369 4134 hoc
386 4086 445 4148 ipso
462 4085 631 4136 demonstret
648 4098 695 4150 po-
729 4086 892 4151 meliorat),
905 4085 1025 4137 reierunt
1036 4087 1070 4137 ad
1083 4100 1106 4136 a.
1120 4101 1147 4136 u.
1161 4099 1185 4137 c.
1199 4087 1256 4136 its.

170 4159 267 4206 tenmm
300 4160 416 4209 amicum
451 4157 529 4222 longe
560 4163 695 4210 remotum
764 4161 825 4207 l—
844 4159 868 4210 3.
888 4159 991 4212 Similes
1003 4163 1065 4211 sunt
1076 4161 1138 4210 huic
1148 4159 1258 4210 exordio

171 4241 229 4280 esse
246 4245 261 4282 e
277 4233 356 4294 vitio,
377 4233 450 4298 quod
468 4235 523 4284 tam
540 4235 638 4284 acriter
654 4235 696 4284 in-
730 4233 780 4283 loci
798 4235 902 4286 Maximi
914 4235 983 4298 Tyrii
997 4236 1064 4287 Diss.
1079 4237 1121 4297 ιι,
1136 4237 1159 4285 i.
1173 4237 1200 4285 et
1212 4235 1258 4284 lli·

172 4307 293 4358 sectatur.
323 4307 400 4358 llaud
417 4307 566 4358 inconsulto
583 4309 695 4360 Satiram
730 4309 806 4359 merli
818 4307 870 4359 Ecl,
883 4309 923 4360 aii.
937 4321 962 4374 p.
973 4309 1031 4360 aie.
1042 4311 1096 4372 W„
1107 4321 1175 4374 quos
1186 4320 1258 4359 com·

225 4397 316 4444 Home.
333 4411 387 4445 vor..
405 4399 432 4444 ll.
463 4411 502 4446 ao.
521 4411 571 4445 aar.
591 4411 617 4446 u.
1073 4401 1083 4444 l
