3082 4968
587 391 686 467 unu.
723 415 840 468 sinn.
1195 415 1250 483 t7t

209 572 359 648 Saevior,
384 580 419 638 ut
441 571 521 638 Chlo
544 582 620 639 nota
641 573 668 639 si
691 574 865 640 commixta
887 572 1012 642 Falerni
1035 583 1094 642 est

209 693 288 760 Cum
312 713 426 760 versus
448 692 564 770 iacias,
589 703 620 760 te
642 683 751 782 ipsum
773 705 960 782 percontor,
985 715 1026 762 an
1048 707 1081 764 et
1103 717 1177 764 cum
1214 695 1255 762 25

209 814 296 882 Dura
320 812 375 880 tibi
399 815 587 903 peragenda
608 823 658 883 rei
680 816 722 882 sit
743 835 843 883 causa
865 813 993 883 Petilli?

210 933 339 1004 Scilicet
360 935 479 1003 oblitus
500 937 691 1026 patriaeque
712 937 894 1026 patrisque,
918 937 1028 1004 Latine

233 1143 273 1192 25.
291 1147 442 1206 percunctor
453 1142 480 1204 d,
494 1147 513 1194 t.
530 1171 556 1179 -
570 1133 711 1194 inoblitas
721 1143 832 1194 Bentleii
843 1145 959 1210 suspicio
977 1148 1086 1209 recepta
1098 1145 1133 1197 ab
1146 1147 1224 1200 licin-

202 1216 286 1268 dcrllc
299 1219 327 1268 et
337 1218 493 1268 lilrcbnero.
510 1245 537 1254 -
550 1218 634 1268 latici
646 1219 716 1283 Scdp
728 1221 756 1270 et
766 1231 836 1269 corr.
849 1217 877 1279 b,
896 1219 961 1270 itam
973 1220 1090 1271 Pettierii
1104 1220 1224 1286 plerique

202 1295 229 1342 ct
249 1305 313 1344 cum
334 1293 390 1342 suis
407 1292 539 1344 universis
555 1291 699 1346 Bentlcius.
733 1295 774 1357 (Ut
790 1306 851 1356 nos,
878 1296 933 1345 tres
950 1293 1067 1344 Pettierii
1085 1299 1112 1347 et
1128 1310 1168 1362 pr.
1187 1299 1225 1360 b.)

170 1451 204 1501 lit.
224 1453 248 1501 is
266 1451 351 1512 cuim,
374 1462 437 1501 cum
457 1463 555 1501 nomen
571 1451 698 1501 Pitiolcus
734 1454 796 1516 cet]
814 1457 899 1506 «Cum
916 1458 1135 1521 praestantissimi
1150 1461 1258 1508 nostrae

170 1527 194 1576 in
220 1527 407 1576 hexametrum
434 1537 543 1576 versum
569 1539 623 1576 non
647 1539 697 1576 ve-
733 1529 828 1580 aetatis
840 1535 960 1584 emtores
972 1533 1069 1584 Pedius
1082 1535 1109 1583 et
1120 1529 1257 1584 Messalla»

171 1603 248 1662 nuel,
276 1601 311 1651 ab
333 1601 441 1651 Horatio
462 1601 587 1652 Pitbclcoa
608 1600 697 1652 dictas
734 1603 811 1667 (quos
832 1603 864 1654 ἐν
885 1603 1001 1678 παρόδῳ
1018 1608 1180 1659 dexterrime
1200 1607 1259 1658 lau-

170 1677 223 1734 cst,
248 1676 279 1725 ut
295 1671 455 1740 Τιμόλαος,
479 1673 640 1740 Τιμολέων,
659 1675 697 1726 si·
733 1677 787 1740 dat)
812 1680 852 1729 ain
874 1693 907 1731 ec
930 1695 1037 1732 summo
1060 1694 1142 1745 opere
1166 1680 1259 1732 elabo-

170 1749 248 1801 milia.
282 1749 404 1800 Libertus
435 1753 493 1800 erat
517 1751 552 1800 ll.
579 1748 695 1810 Otacilii,
733 1755 806 1815 rent,
832 1756 862 1804 ut
883 1768 951 1820 puro
972 1757 1052 1820 atque
1070 1755 1183 1818 eleganti
1200 1769 1259 1808 ser·

170 1825 240 1875 unde
266 1823 401 1874 liacrobio
428 1825 533 1874 saturn.
555 1825 585 1885 2,
611 1824 636 1874 2.
667 1837 694 1888 p.
733 1841 814 1878 mone
835 1829 927 1880 [abac
949 1843 1044 1880 causas
1065 1833 1154 1893 agant,
1179 1832 1257 1891 bane,

169 1899 224 1948 325.
245 1898 342 1949 dicitur
363 1901 399 1949 li.
418 1899 538 1949 Otacilius
559 1899 694 1950 litteteras.
733 1899 830 1953 oblitus
854 1905 880 1952 te
906 1905 1056 1954 Romanum
1080 1913 1155 1964 esse,
1182 1903 1259 1955 malis

170 1999 198 2010 -
219 1973 364 2038 comicum]
388 1976 510 2037 «gratum
533 1975 559 2024 in
583 1973 696 2025 modum
733 1977 814 2027 edun
839 1977 911 2042 apud
939 1977 1042 2030 iudices
1066 1979 1150 2030 verba
1167 1991 1260 2044 pere-

170 2048 293 2098 miituso·
334 2048 400 2098 Chic
426 2049 498 2098 anim
524 2049 585 2099 vino
610 2047 694 2110 dulci,
733 2051 807 2114 grina
818 2052 911 2116 patriis
923 2053 1095 2104 immisceret
1112 2053 1185 2104 Adeo
1196 2051 1260 2104 stul-

171 2123 212 2172 cci
242 2136 312 2186 nqua
338 2125 441 2173 marina
467 2137 520 2174 non
546 2123 697 2174 addebatur
732 2128 775 2176 tus
793 2128 867 2177 certe
884 2127 1011 2190 vixeris,
1036 2141 1099 2179 nam
1116 2139 1259 2192 compara-

171 2199 261 2260 {Varro
280 2199 382 2261 l'ragm.
400 2213 427 2262 p.
441 2197 497 2248 376.
517 2199 594 2263 Rip),
612 2200 696 2250 inter·
733 2203 776 2251 tus
793 2214 855 2252 cum
872 2199 922 2252 illis
939 2201 973 2252 ab
991 2201 1116 2253 omnibus
1134 2200 1259 2266 exploda-

170 2273 234 2324 dum
259 2272 411 2322 miscebant
438 2271 579 2324 Falernum
604 2275 697 2324 auste-
732 2288 821 2326 rere.»
849 2275 984 2327 Bentleius
1001 2277 1070 2328 coni.
1084 2289 1161 2328 suam
1174 2277 1261 2328 oblitos

170 2360 244 2406 rum,
270 2347 341 2396 unde
364 2349 507 2412 utrumqne
530 2360 611 2411 saepe
629 2361 697 2398 con·
733 2350 760 2399 ct
786 2347 848 2400 lect.
876 2350 961 2400 batim
988 2351 1023 2400 ita
1052 2351 1258 2416 interpretatur:

169 2423 284 2486 iungitur
308 2421 380 2486 apud
404 2425 506 2486 poetas.
536 2422 592 2473 Tib.
614 2424 642 2484 2,
666 2425 694 2485 t,
733 2423 850 2475 «Probas
866 2425 950 2476 verba
967 2427 1068 2478 Graeca
1090 2428 1188 2478 Latinis
1209 2427 1261 2477 rui-

169 2497 218 2547 ti:
236 2497 311 2547 Nurac
327 2497 388 2546 indi
404 2497 513 2560 wnosca
529 2498 619 2548 ueteris
632 2511 697 2560 prc-
733 2498 816 2557 sccri;
835 2511 933 2564 nempe
950 2501 975 2550 in
986 2501 1110 2552 versibus
1122 2500 1259 2552 iaciendis.

168 2571 230 2634 ferte
250 2572 371 2622 Falernos
393 2571 505 2621 motuis
520 2575 544 2621 ct
565 2571 625 2621 Clio
646 2571 697 2621 sel·
734 2575 822 2636 Rogo,
852 2585 886 2624 an
911 2577 939 2624 et
962 2576 989 2625 in
1015 2575 1105 2627 causis
1128 2574 1262 2639 agendis?

169 2647 217 2696 cita
233 2646 318 2696 cincta
335 2647 407 2695 cado.
428 2673 456 2682 -
474 2645 543 2710 coto]
562 2645 631 2696 «vini
649 2659 697 2710 ge·
734 2645 840 2698 Scilicet
862 2661 925 2699 cum
942 2649 1039 2700 Pedius
1063 2651 1091 2700 et
1112 2651 1259 2710 Coranus,

170 2735 219 2771 nus
246 2719 322 2772 titulo
349 2720 494 2785 amphorae
520 2720 696 2771 indicatum.»
734 2720 797 2771 clari
815 2725 948 2784 oratores,
968 2727 1165 2786 causascrant,
1184 2722 1261 2775 malis

170 2795 273 2848 Colum.
288 2797 332 2857 tu,
350 2797 395 2858 ts,
413 2797 446 2846 2:
470 2797 699 2859 quemquamne
734 2809 782 2846 eos
803 2795 900 2847 oblitos
922 2799 1001 2862 patrii
1022 2799 1155 2848 sermonis
1177 2797 1261 2848 verba

169 2875 229 2921 sota
253 2869 448 2934 {awcioaortcrl
469 2871 522 2920 aine
543 2871 698 2921 conducente
734 2872 797 2923 ioris
820 2874 903 2937 petita
926 2873 1090 2924 orationibus
1112 2874 1167 2924 suis
1188 2873 1262 2924 inse·

169 2947 236 2996 calet
248 2957 401 3008 pecccare.
426 2945 492 2996 Vide
504 2947 652 2996 Excursum
663 2945 698 2995 ad
735 2949 828 2998 reret»
846 2949 906 3010 ipse
919 2949 1010 3000 mmen
1021 2947 1183 3012 ambigebat,
1197 2959 1264 3012 quo·

171 3019 217 3070 0d.
235 3021 266 3079 2,
284 3019 315 3080 3,
334 3019 359 3069 8.
735 3021 817 3071 modo
834 3021 991 3085 explicanda
1007 3025 1100 3074 essent
1110 3035 1153 3072 vv.
1163 3023 1262 3084 patris-

201 3095 243 3144 25.
261 3093 304 3144 26.
334 3099 358 3143 tc
379 3094 461 3155 pacm
482 3095 625 3159 percontor]
652 3097 699 3147 «ut
735 3096 890 3158 qaelctici;
904 3098 1008 3146 uuum:
1028 3097 1132 3146 «soceri
1144 3098 1261 3156 aeneae,

172 3167 320 3218 concedam
332 3181 365 3218 ex
381 3171 457 3233 parte
474 3169 544 3218 hanc
556 3170 697 3220 misturam
735 3170 907 3220 vetustissimi
925 3171 1004 3233 igitur
1020 3171 1103 3220 Latini
1120 3171 1261 3229 nominis·

171 3241 259 3294 lecum
277 3243 390 3294 tortasse
407 3241 508 3294 habere
526 3245 553 3294 in
568 3245 699 3308 poematis
735 3256 770 3294 an
797 3243 946 3306 adiective,
980 3247 1010 3295 ut
1032 3250 1109 3308 pour
1135 3245 1264 3294 limmat

171 3317 292 3378 ludicris,
320 3318 429 3368 minime
456 3320 560 3379 mmcn,
588 3321 617 3368 ut
642 3321 698 3368 tute
734 3318 806 3381 Vitg.
824 3320 890 3369 Aen.
910 3319 940 3380 9,
958 3317 1015 3370 tte.
1045 3319 1146 3371 Verum
1162 3318 1263 3369 firmis-

172 3393 271 3444 iateare
288 3395 468 3450 necesseest,
488 3391 592 3443 tolca-ari
610 3395 700 3457 potest
734 3392 802 3444 sima
829 3395 935 3444 nostrae
960 3391 1081 3446 lectionis
1105 3395 1196 3460 (quam
1218 3405 1263 3444 se-

172 3469 197 3518 in
219 3467 385 3531 argumentis
408 3467 590 3531 gravioribus,
617 3466 699 3518 veluti
735 3467 825 3530 quitur
850 3467 931 3518 etiarn
956 3469 1102 3520 Weicbert.
1125 3469 1152 3519 in
1177 3469 1261 3518 Lectt.

171 3544 197 3593 in
208 3542 386 3604 orationibus,
405 3554 494 3606 nequa
506 3555 570 3592 vero
582 3555 631 3607 pro
643 3555 700 3594 me·
734 3544 800 3592 Van.
814 3543 839 3593 ἱ.
859 3555 885 3606 p.
904 3542 956 3606 34.)
975 3543 1096 3595 delenslc
1114 3543 1140 3594 in
1157 3555 1190 3594 co
1202 3543 1264 3592 niti-

172 3619 221 3668 rito
237 3616 327 3682 aliqum
344 3614 470 3680 singulari
491 3617 520 3668 id
542 3616 698 3667 habendum
735 3618 790 3677 tur,
809 3617 883 3680 quod
894 3618 983 3670 latim
994 3619 1020 3668 b.
1035 3617 1051 3668 l.
1064 3619 1264 3682 propterprae-

172 3693 222 3743 erit
232 3689 275 3742 vel
287 3691 313 3741 in
325 3690 449 3741 Lucilio.»
462 3719 489 3728 -
505 3693 700 3742 Doroucoacc
736 3691 835 3742 cedens
853 3703 911 3741 voc.
929 3694 1062 3754 petrisque
1078 3693 1104 3742 ln
1121 3691 1205 3742 imici
1223 3691 1264 3741 la-

172 3767 257 3831 Pctilii]
269 3766 353 3816 «Cum
362 3777 442 3816 causa
448 3763 535 3829 aliqua
545 3766 699 3830 peragenda
735 3763 785 3816 cile
797 3766 893 3816 mutari
905 3768 1022 3830 poterat,
1042 3779 1095 3816 non
1108 3768 1201 3816 contra
1215 3767 1265 3816 bc·

173 3841 213 3890 est
237 3839 351 3891 difficilis
374 3853 406 3890 ac
429 3852 516 3904 paene
539 3839 697 3909 desperata,
735 3841 923 3891 tiuiinlctine.
938 3839 1265 3892 ilccautemsatisllrma-

173 3914 322 3966 cuiusmodi
339 3913 387 3965 luit
403 3913 495 3965 Petillii
513 3913 651 3979 Capitolini
663 3914 698 3964 de
735 3917 802 3965 tura
814 3916 906 3965 nostro
918 3913 983 3966 Cod.
997 3913 1025 3976 b,
1044 3913 1157 3965 utribus
1168 3915 1267 3966 Pottie·

173 3989 247 4042 iuriis
272 3990 300 4040 ln
324 3989 453 4040 iudicium
479 3991 594 4040 vocab.»
637 3988 697 4040 vid,
735 3989 780 4050 rii,
794 3987 1266 4054 etCodicisBland.antiquissglcs-

174 4063 225 4114 Sat.
243 4065 273 4125 l,
294 4063 322 4126 i,
345 4062 386 4115 ei.
426 4065 474 4120 llic
496 4077 562 4115 sane
583 4077 637 4115 non
657 4064 699 4114 ni·
735 4077 778 4114 sa:
798 4075 877 4112 «cum
895 4063 994 4114 sudore
1012 4065 1123 4114 etcmni
1140 4064 1264 4115 instantia

174 4137 223 4188 mis
244 4138 392 4188 honorilice
416 4139 483 4189 dac
504 4139 561 4189 cius
583 4137 698 4189 hominis
735 4138 825 4189 laune
837 4137 945 4197 recitet,
959 4138 1050 4188 Latine
1062 4136 1206 4202 proferat.»
1225 4141 1264 4188 Ac

174 4225 252 4264 causa
270 4213 376 4264 dicitur.
735 4213 758 4264 si
787 4212 938 4263 accuratius
965 4210 1056 4264 locum
1084 4213 1262 4274 examinaris,

204 4287 311 4339 27-30.
341 4287 439 4340 Scilicu
460 4287 699 4340 oblitam-latice
734 4285 839 4339 videbis
857 4288 938 4338 etiam
954 4285 1039 4340 multo
1056 4285 1184 4339 laxiorem
1202 4297 1264 4338 esse
