3082 4968
543 475 600 524 utu.
622 477 639 526 Ι.
676 475 743 526 sit.
764 473 814 526 Vll.

520 931 730 992 um
745 919 848 992 ‘VH-

186 1069 360 1158 Proscripti
384 1072 478 1159 Regis
502 1070 605 1159 Rupili
629 1093 690 1158 pus
713 1083 810 1160 atque
834 1093 991 1138 venenum

186 1191 332 1282 Hybrida
354 1214 420 1280 quo
443 1203 537 1280 pacto
563 1194 604 1258 sit
626 1193 756 1258 Persius
779 1192 888 1268 ultuS,
904 1194 1021 1281 opinor

208 1375 261 1423 su.
281 1373 334 1424 vu.
371 1374 395 1422 t.
414 1373 505 1436 nque
521 1374 538 1422 s
556 1373 617 1435 (non
634 1369 724 1436 osup).
746 1399 773 1408 -
791 1373 815 1422 a.
835 1371 941 1422 niuem
957 1373 1002 1422 us.

174 1513 227 1563 vii.
247 1511 346 1577 Lepide
364 1515 466 1572 nerrat,
486 1511 623 1576 quomodo
641 1513 668 1562 Ρ.
707 1513 779 1571 ctus,
807 1511 856 1561 sed
878 1525 894 1560 e
919 1512 1064 1564 triumviris
1090 1513 1232 1564 Octaviano

144 1584 259 1650 ltupilius
283 1588 337 1638 iter
358 1597 420 1637 cum
443 1587 534 1638 Persio
551 1585 670 1649 quodum
707 1586 816 1636 auctore
844 1587 1025 1651 proscriptus,
1059 1586 1094 1638 sd
1120 1590 1231 1640 Brutum

144 1659 320 1720 Clazomenis,
340 1663 428 1712 ioniae
440 1661 517 1723 urbe,
531 1673 622 1710 coram
634 1661 667 1710 u.
707 1659 835 1722 coniugis,
854 1672 935 1724 equo
953 1663 978 1712 iu
996 1663 1124 1712 comitum
1136 1663 1233 1713 cobor-

142 1736 234 1794 Bruto,
248 1739 423 1800 propraetore
435 1737 525 1796 Asiae,
538 1735 669 1784 acerrima
706 1736 762 1784 tem
780 1737 904 1798 receptus
921 1737 971 1788 est.
1007 1735 1129 1788 'restibus
1148 1737 1233 1790 Scho-

143 1809 313 1860 contsutioue
331 1809 449 1873 illigarit,
468 1808 586 1874 Rupilius
597 1811 671 1862 iusu-
706 1807 787 1859 itastis
808 1809 915 1860 llorstio
936 1809 1128 1872 ignobilitatem
1149 1825 1234 1876 geue-

141 1897 190 1949 per
206 1883 389 1936 acerbissimis
405 1885 543 1946 conviciis,
563 1885 669 1936 Persius
706 1883 742 1932 ris
760 1895 843 1947 saepe
860 1883 1043 1947 exprobratum
1068 1897 1150 1948 quem
1167 1899 1234 1937 con-

140 1957 268 2010 vilissime
279 1961 359 2010 utens
371 1973 436 2024 erga
448 1961 559 2010 Brutum
575 1958 670 2010 edula·
707 1956 844 2007 tumeliam
867 1956 970 2008 ulturus
992 1961 1071 2023 poeta
1095 1973 1158 2011 eum
1182 1961 1233 2011 hac

141 2033 222 2084 tione.
236 2031 357 2084 Tandem
368 2036 475 2086 Persius
483 2033 554 2085 salse
562 2033 670 2098 aliquod
706 2031 786 2082 sotira
808 2033 903 2092 irrisit,
930 2035 958 2082 et
981 2045 1033 2084 uon
1052 2034 1139 2085 solum
1163 2037 1236 2100 itepis

140 2109 243 2160 dictum
268 2109 294 2159 in
317 2107 501 2161 adversarium
519 2111 668 2174 expromit,
707 2119 856 2171 cognomen
878 2109 1045 2173 praeposuit,
1072 2112 1102 2160 ut
1122 2110 1184 2162 tude
1205 2125 1231 2162 v.

140 2183 212 2248 quod
235 2183 316 2234 totius
337 2183 490 2234 historiolae
508 2196 624 2235 acumen
642 2187 670 2234 et
706 2182 746 2232 35.
765 2183 855 2232 iocum
873 2185 997 2247 caperet,
1016 2185 1066 2236 sed
1083 2186 1164 2236 etiem
1179 2199 1233 2238 uou

142 2259 219 2322 quasi
249 2256 394 2309 medullam
423 2260 542 2310 continet
569 2260 607 2322 (v.
637 2259 669 2310 33
707 2258 765 2308 siue
782 2269 863 2308 causa
882 2259 1054 2321 proseptum
1072 2261 1232 2322 nominavit,

141 2333 228 2397 seqq.)
246 2335 329 2397 atque
351 2332 563 2384 narratiunculae
586 2334 668 2386 fluens
707 2333 769 2395 quio
801 2333 857 2396 ipse
885 2345 938 2383 uon
966 2335 1149 2398 proscriptus,
1184 2335 1234 2387 sed

140 2409 261 2472 imponit.
297 2408 370 2457 Zeus.
406 2407 529 2458 Horatius
545 2409 669 2460 tribunus
705 2407 800 2472 sponte
818 2419 866 2456 sua
884 2407 918 2456 ad
935 2409 1045 2459 Brutum
1062 2421 1093 2460 se
1110 2409 1233 2461 coutule-

141 2482 254 2534 militum
273 2481 343 2532 duce
360 2483 441 2533 Bruto
458 2485 516 2548 ipse
533 2483 670 2534 tuucCla·
705 2483 772 2530 ret.»
801 2481 893 2532 Srouu.
912 2483 1086 2534 innocentem
1097 2486 1185 2549 potius
1197 2485 1234 2536 io·

141 2558 261 2608 zomeuis
279 2556 384 2606 videtur
401 2556 521 2622 degisse,
541 2560 621 2622 atque
642 2573 666 2610 e.
706 2569 768 2608 cum
786 2556 917 2620 quaesivi
936 2557 962 2607 iu
980 2559 1173 2623 compositione
1190 2557 1233 2610 illa

142 2645 166 2682 u.
189 2645 212 2682 c.
239 2631 297 2681 443.
322 2631 437 2695 primum
463 2633 532 2684 hauc
557 2645 668 2685 suarum
706 2643 755 2696 per
777 2644 807 2682 se
824 2629 935 2681 ridicula
947 2633 1107 2696 prmcrtpms
1126 2636 1153 2685 et
1168 2635 1231 2684 lter.

141 2709 283 2757 satirarum
293 2707 487 2770 composuisse
501 2708 670 2773 dequepen·
705 2707 762 2756 lam
794 2707 928 2770 cruquius
959 2705 994 2758 de
1026 2706 1232 2760 Scholiastarum

141 2781 203 2832 inde
221 2781 303 2830 etism
321 2780 493 2834 iudicandum
514 2795 667 2846 censemus,
707 2778 919 2831 narratiuncula:
948 2781 1020 2831 «Hoc
1036 2783 1066 2836 ut
1088 2783 1229 2844 incertum,

141 2856 239 2917 idest,
260 2854 543 2907 baudnimissevere.
575 2859 669 2920 (Minus
706 2855 741 2904 its
764 2855 828 2906 mibi
853 2867 903 2919 pro
926 2857 1064 2920 comperto
1086 2859 1141 2916 est,
1169 2869 1232 2908 eum

141 2935 214 2982 recte
232 2929 378 2981 Groteiend
393 2932 503 2982 satiram
519 2932 588 2982 hanc
599 2933 670 2984 scri-
706 2941 759 2979 uon
776 2927 836 2994 plus
853 2927 955 2994 Rupilio
967 2943 1049 2992 quam
1066 2931 1158 2980 Persio
1170 2942 1231 2981 esse

141 3008 214 3071 ptam
240 3007 335 3056 censet
361 3019 432 3056 anno
457 3006 568 3056 demum
597 3008 667 3068 746„
706 3015 816 3067 gravem
833 3001 873 3066 (id
891 3005 945 3064 est,
972 3003 1052 3054 misse
1073 3003 1230 3068 intensum).

142 3081 241 3131 Franks
259 3092 285 3130 a.
303 3079 373 3139 its..
391 3094 445 3144 quo
462 3093 527 3132 saue
546 3084 669 3146 tempore
706 3081 758 3130 cet.
793 3080 886 3142 Aeque
903 3090 970 3130 saue
986 3077 1097 3129 ridicula
1116 3081 1231 3144 utraque

140 3167 235 3206 versus
252 3154 278 3204 3.
297 3155 369 3204 omni
387 3153 442 3206 sule
459 3156 607 3218 caruisset.)
705 3163 822 3218 persons
839 3153 863 3202 ei
880 3151 1030 3203 videbatur.
1045 3179 1074 3190 -
1090 3153 1148 3218 pus]
1161 3165 1232 3204 mor-

173 3229 230 3278 4-3.
256 3229 403 3292 aucupii]
425 3230 462 3280 Ex
483 3230 535 3280 hoc
555 3231 669 3282 tortasse
706 3227 809 3278 dacitas
826 3228 854 3276 et
870 3225 1056 3278 maledicentia
1074 3227 1178 3292 impure
1198 3241 1231 3278 ec

141 3317 166 3352 r.
184 3305 274 3353 ortam
297 3315 360 3354 esse
380 3317 438 3369 seq.
461 3303 669 3356 Scholiasterum
705 3299 843 3366 pestilens.
879 3303 949 3352 Nos:
969 3301 1036 3364 tht
1051 3302 1114 3352 oud
1130 3301 1228 3352 Galle.

142 3375 280 3437 tabellam,
306 3390 340 3427 «o
361 3377 455 3428 ciuibus
472 3379 668 3444 (municipibus)
705 3377 748 3426 Sic
764 3373 863 3427 Lucilio
881 3377 925 3436 45,
944 3374 968 3427 l.
989 3375 1066 3440 lueri.
1084 3390 1112 3442 p.
1131 3375 1182 3439 39.)
1200 3377 1229 3426 i..

141 3451 308 3502 monis
340 3451 368 3500 io
400 3453 506 3503 4444444444
538 3456 666 3515 missas»,
705 3448 852 3502 trebellius
870 3449 1030 3501 emendante
1052 3451 1172 3502 Bectrero
1189 3451 1232 3502 est

142 3525 259 3576 bucher
274 3528 349 3576 recte
363 3527 493 3591 suspicari
509 3527 623 3579 videtur.
638 3553 665 3566 -
703 3525 795 3590 sedus,
821 3525 931 3587 moiun,
948 3528 1071 3589 comosa,
1086 3539 1145 3589 pos.
1175 3525 1229 3576 Cir.

142 3599 214 3664 lisois
225 3599 319 3664 lirtplli]
333 3601 377 3650 «P.
391 3600 509 3666 Rupilius
520 3604 574 3654 lter
588 3606 670 3655 Prae·
705 3599 804 3651 liitscbl
827 3602 934 3664 Pererg.
957 3602 977 3651 1.
998 3614 1025 3666 p.
1050 3601 1108 3652 480.
1129 3625 1156 3636 -
1177 3599 1233 3661 Hg-

142 3675 275 3734 uestium,
296 3687 382 3738 eques
399 3677 546 3740 ltomenus,
565 3691 589 3728 a.
609 3679 667 3730 toa.
705 3674 787 3738 brido]
806 3673 1007 3726 «Clazomenius
1024 3675 1096 3726 euim
1113 3675 1160 3724 luit
1171 3676 1233 3724 Per-

142 3749 270 3812 msgister
285 3747 504 3812 publicanorum,
524 3753 570 3815 qui
587 3753 669 3803 iulti-
704 3750 775 3810 sius,
803 3751 879 3813 petre
906 3751 1034 3811 Asiatico,
1064 3751 1150 3799 matre
1178 3749 1231 3798 lto-

142 3823 234 3885 tbynia
250 3822 389 3887 vectigalis
407 3825 562 3888 exigebant,
584 3827 670 3877 brerut
706 3836 795 3874 manu.
830 3823 969 3874 Civitatem
983 3822 1231 3874 tameultomanam

144 3897 207 3960 [Cic.
225 3897 262 3948 ad
281 3899 351 3949 Fam.
366 3898 412 3960 43,
431 3899 460 3960 9,
479 3901 515 3962 4.)
532 3904 561 3950 et
575 3903 670 3966 postea
707 3897 864 3948 obtinuerat.
900 3899 968 3948 Eum
985 3897 1064 3960 igitur
1080 3899 1110 3947 ut
1120 3897 1232 3948 semiro-

144 3972 282 4024 acivibus
308 3973 486 4024 Praenestinis
511 3973 537 4024 iu
562 3973 669 4026 exilium
707 3983 817 4022 menum
834 3971 940 4023 deridet
958 3972 1109 4022 Horatius.»
1137 3971 1229 4020 soson.

144 4050 254 4110 missus,
277 4048 329 4099 sub
346 4051 374 4099 P.
393 4050 592 4102 arduvinus.
610 4051 668 4102 707.
707 4045 772 4098 Pliu.
792 4048 822 4097 44.
841 4049 872 4097 N.
891 4046 925 4107 8,
941 4047 987 4096 is:
1013 4046 1043 4096 bs
1058 4045 1127 4096 sotto
1143 4057 1233 4108 gerim

143 4123 168 4174 iu
180 4123 267 4174 atrion
281 4123 343 4186 (uon
354 4124 381 4174 io
392 4125 487 4184 Attico,
506 4127 536 4174 ut
547 4128 588 4176 est
598 4125 669 4189 epud
707 4135 786 4184 oeqtts
801 4121 885 4184 facilis
902 4123 991 4184 (etque
1009 4122 1035 4171 iu
1052 4119 1154 4182 suibus)
1165 4120 1233 4169 mio

144 4197 229 4248 Scbcl.
257 4197 312 4250 Clr.
340 4199 440 4250 Caesar
465 4200 494 4249 B.
517 4199 546 4249 C.
571 4201 600 4260 4,
627 4200 668 4250 34.
707 4198 924 4260 turcmrmsero,
949 4196 1232 4258 mmltternowscoti-

145 4272 197 4322 cic.
210 4285 261 4337 pru
273 4272 359 4336 Ligar.
373 4275 400 4330 4,
419 4272 454 4336 3.)
467 4273 598 4337 stipendia
611 4285 670 4326 roe-
707 4275 750 4335 qut
770 4272 900 4336 hybridas
920 4271 1053 4323 uocabant.
1090 4271 1231 4335 (Eugenius

145 4350 242 4398 ruerat.
279 4351 309 4398 Λ.
323 4348 495 4399 'ittitomse
512 4350 621 4412 praetor
631 4349 670 4399 ts·
707 4349 742 4399 de
759 4347 909 4410 ambigenis
925 4361 951 4396 v.
968 4348 996 4396 u:
1015 4347 1089 4409 ,ipro
1105 4351 1233 4406 otqosuts
