3174 4974
547 523 552 534 .
642 449 701 500 tre.
720 449 750 500 ll.
786 449 883 500 EPlSl'.
903 451 921 500 l.
1261 447 1324 512 635

280 604 359 670 Cum
381 623 550 689 speramus
573 623 614 670 eo
636 625 704 670 rem
727 615 909 682 venturam,
934 616 968 670 ut
990 604 1084 672 simul
1107 615 1204 692 atque
1269 663 1275 676 .

279 725 426 792 Carmina
448 725 599 792 rescieris
617 747 680 792 nos
702 725 838 814 lingere,
862 727 1053 794 commodus
1076 725 1160 792 ultro

279 851 433 913 Arcessas
455 856 608 934 elegere
631 858 721 914 vetas
743 859 776 916 et
796 849 941 916 seribere
963 869 1070 937 cogas.

279 967 344 1034 Sed
367 979 472 1036 temen
494 979 545 1036 est
565 991 687 1058 operae
709 971 847 1057 pretium
870 990 1084 1058 cognoscere,
1109 971 1222 1060 quales

278 1090 433 1156 Aedituos
454 1090 571 1158 hebeat
591 1090 669 1158 belli
691 1103 834 1179 spectata
857 1091 1011 1180 domique
1260 1097 1323 1160 230

278 1213 383 1278 Virtus
406 1212 535 1300 indigno
558 1233 622 1280 non
645 1213 873 1282 committendo
894 1221 1019 1302 politae.

279 1333 396 1400 Gratus
417 1331 599 1400 Alexandro
622 1336 689 1423 regi
712 1337 826 1424 Magno
848 1337 907 1402 luit
928 1336 981 1404 ille

280 1455 462 1532 Choerilus,
487 1455 613 1524 incultis
635 1458 691 1543 qui
713 1457 862 1524 versibus
885 1467 917 1525 et
938 1457 1021 1526 mele
1043 1460 1125 1526 natis

302 1665 360 1714 ἥδ.
378 1677 509 1727 speremus
526 1665 583 1716 ilem
598 1665 654 1728 lore
669 1669 802 1714 ιιοιιιιιιιιιιι
818 1665 836 1714 b
854 1668 881 1716 el
898 1677 938 1729 pr.
958 1665 984 1716 d.
1004 1690 1030 1702 -
1051 1667 1107 1716 228.
1127 1667 1291 1717 decertosSd

269 1742 296 1790 et
312 1739 365 1790 duo
383 1740 517 1790 Schmidii.
540 1765 566 1776 -
587 1741 643 1790 2³0.
664 1740 724 1790 lello
741 1741 758 1789 S
775 1743 802 1790 et
819 1740 920 1804 primus
938 1741 1073 1791 Schmidii.
1095 1765 1122 1776 —
1142 1741 1198 1790 23³.
1218 1743 1292 1792 cnoe-

268 1816 329 1864 ro‘los
345 1813 487 1866 Bentleius.

236 2004 279 2063 to,
298 2003 354 2052 420.
373 2002 418 2063 58,
436 2003 493 2054 ⁴23.
513 2029 541 2040 -
558 2017 609 2054 ooo
626 2005 760 2066 oppmre]
798 2003 857 2063 des,
868 2016 1085 2067 nequeunquam
1097 2005 1194 2054 eumin
1207 2005 1323 2056 hoolora

237 2089 308 2128 enon
325 2079 374 2136 itu,
401 2079 430 2126 ιιι
447 2077 591 2140 deberent,
620 2080 646 2128 in
669 2077 761 2130 oeulos
798 2076 939 2128 Alexandri
953 2080 987 2130 ll.
1004 2077 1131 2140 similem,
1150 2079 1194 2142 qui
1213 2079 1324 2130 Choeri-

236 2154 366 2216 ouiusqua
386 2154 523 2204 incurrere
544 2157 571 2204 et
597 2157 687 2205 mente
704 2156 761 2206 sive
797 2151 868 2212 lum,
887 2151 987 2204 malum
1004 2155 1124 2216 poetam,
1144 2155 1217 2216 regie
1232 2166 1324 2204 remu-

236 2227 363 2279 auditoris
379 2229 435 2278 slve
452 2227 560 2280 lectoris
574 2231 689 2293 perspici
701 2231 763 2280 rite-
798 2229 907 2278 neretue
918 2229 961 2279 sit.
981 2229 1154 2288 «Quoetrmp
1169 2230 1262 2291 inquit,
1276 2229 1322 2288 «is,

236 2315 289 2366 que
306 2303 467 2354 aestimari.»
488 2331 514 2340 -·
533 2303 640 2366 totores]
660 2307 689 2354 ιιι
706 2303 761 2354 itali
799 2304 844 2366 qui
868 2301 920 2354 sibi
936 2303 1060 2354 eonseius
1077 2315 1130 2352 noo
1147 2304 1182 2352 sit
1198 2315 1227 2354 se
1245 2302 1324 2366 digna

234 2377 338 2440 leticie,
366 2377 496 2440 imprimis
513 2376 547 2427 de
565 2376 681 2442 diligenti
699 2378 761 2429 lima
798 2379 917 2440 Augusto
929 2378 1277 2441 earminaoomposilurum,
1289 2377 1324 2427 ob

236 2453 264 2502 et
279 2451 313 2500 de
337 2449 473 2501 recondito
492 2451 625 2512 doctrina,
650 2465 682 2503 ex
700 2451 762 2504 Ale·
799 2451 851 2503 lroe
869 2453 976 2516 inoepto
992 2464 1103 2516 prorsus
1120 2451 1279 2502 abstineto.-
1295 2479 1320 2490 -

236 2525 370 2576 xandrinis
387 2525 472 2589 poetis
482 2528 600 2578 maxime
612 2527 716 2578 hausta.
732 2553 760 2564 -
798 2532 833 2578 ert
844 2539 935 2589 operae
943 2528 1062 2592 pretim]
1075 2525 1187 2578 lormule
1196 2528 1323 2578 Enniana.

235 2602 303 2650 torui
320 2599 383 2663 oet]
408 2600 541 2664 frequenti
558 2603 673 2664 imagine
690 2615 705 2652 a
723 2601 762 2651 lo·
800 2602 839 2653 Ci.
853 2604 907 2652 Sat.
921 2603 932 2651 l
944 2641 949 2662 ,
962 2603 987 2662 2,
1000 2601 1041 2652 37.
1060 2603 1112 2652 Sat.
1127 2603 1153 2662 ι,
1166 2601 1191 2663 l,
1204 2601 1245 2652 63.
1264 2604 1326 2652 Per·

236 2675 325 2726 nilieio
346 2673 426 2724 ducta
447 2677 564 2726 carmina
583 2674 712 2738 elegantia
729 2689 762 2726 oo
799 2676 855 2726 sius
866 2677 891 2733 6,
905 2677 933 2725 9:
952 2677 1035 2726 ιιιιιιιι
1048 2681 1161 2737 portum,
1179 2681 1324 2738 estoporae,

236 2750 327 2800 suario
340 2752 529 2812 comparantur
538 2762 600 2801 oum
612 2751 680 2800 ιοιιιιι
691 2749 735 2800 lilo
747 2764 762 2800 ιι
799 2751 947 2814 eopnosotle,
965 2751 1038 2800 ciues
1057 2751 1107 2800 Cor
1116 2749 1182 2799 iubat
1192 2750 1237 2800 lroo
1248 2751 1323 2800 lintri.

236 2822 294 2874 eolo
311 2824 426 2882 osonum
446 2824 526 2875 etiam
538 2823 669 2874 absolute.
689 2825 760 2886 Virg.
802 2849 829 2860 -
842 2823 966 2886 Aedilem]
984 2823 1073 2873 Virtus
1084 2824 1194 2892 Augusti
1208 2825 1250 2873 est
1260 2824 1326 2872 tam·

235 2896 334 2958 uoto,
348 2898 377 2946 o:
405 2897 536 2948 deductum
552 2899 634 2948 dteere
649 2911 761 2948 omen.
799 2910 881 2962 quarn
909 2897 974 2958 dea,
1009 2909 1079 2961 quae
1105 2896 1202 2947 aedem
1227 2897 1324 2956 habau

237 2971 373 3022 Horatium
385 2971 501 3022 imitatus
514 2975 555 3022 est
565 2970 709 3022 Columella
720 2971 760 3032 ⁴0,
799 2975 895 3036 poetae
907 2972 997 3035 igitur,
1016 2983 1078 3022 oum
1090 2969 1266 3036 panegyricos
1277 2971 1326 3022 ali-

236 3045 281 3096 tt:
303 3045 412 3094 Pierides
431 3046 499 3095 tarni
518 3045 629 3096 deducite
649 3047 764 3096 eulmine
800 3061 849 3097 ave
858 3047 977 3097 earmina
986 3047 1127 3109 insegesti
1136 3045 1244 3098 leudem
1253 3060 1326 3098 oom-

236 3121 332 3170 lineae.
356 3119 432 3170 idem
445 3120 491 3180 tt,
509 3121 569 3170 227:
593 3121 686 3184 procot
702 3133 763 3170 coo-
800 3124 915 3186 ponunt,
940 3123 1003 3172 sunt
1019 3119 1087 3171 illius
1103 3120 1171 3171 deae
1189 3123 1264 3184 quasi
1281 3135 1327 3172 oe-

236 3195 519 3258 emmerammum.
539 3196 614 3246 Coni.
629 3197 682 3245 Sat.
695 3196 720 3254 ι,
736 3197 761 3257 ι,
800 3197 872 3246 ιιιιιιι.
902 3196 946 3246 Sio
963 3193 1035 3246 euim
1055 3193 1217 3260 templorum
1234 3198 1326 3246 eusto-

237 3269 261 3320 ι.
271 3270 426 3320 Lachmann
436 3271 470 3320 ed
483 3269 689 3333 tueretpdoo.
701 3271 763 3320 Pro·
801 3271 867 3330 des,
887 3265 1091 3340 ἱεροφύλακες,
1113 3265 1267 3338 asemper,
1285 3271 1327 3320 vi-

237 3357 269 3394 ve
291 3342 369 3394 lectio
391 3356 522 3406 sperem
543 3345 602 3394 item
624 3338 681 3400 lore
701 3357 763 3394 ven-
800 3345 922 3396 sentibus
944 3347 1055 3394 oemunt
1069 3339 1184 3410 μύθους
1202 3345 1259 3394 eius
1276 3356 1327 3394 ou·

236 3424 322 3469 torum
341 3419 398 3468 orta
422 3421 464 3470 est
486 3431 518 3468 ex
542 3420 673 3483 trequenti
697 3432 763 3470 eon·
801 3419 894 3480 minis,
913 3420 955 3470 oui
973 3419 1136 3479 ministrent,
1155 3422 1327 3483 etquaeoun·

237 3494 339 3545 lusione
356 3493 504 3544 litterarum
520 3495 543 3544 Ε
560 3496 587 3544 et
603 3495 631 3543 F.
648 3521 674 3530 —
693 3507 763 3544 oom-
800 3495 897 3557 quein
915 3494 983 3544 oede
1006 3495 1064 3559 ipso
1082 3495 1191 3546 donaria
1209 3496 1239 3545 et
1250 3495 1326 3557 signa

236 3568 332 3634 modste]
347 3566 445 3618 «lecilis
457 3582 488 3618 ec
500 3566 630 3628 liberalis,
649 3581 763 3619 eaeor·
801 3571 858 3620 visu
874 3569 991 3620 mamme
1003 3570 1082 3633 digna
1094 3572 1165 3631 sunt,
1179 3571 1327 3620 monstrant

236 3642 399 3703 lrommeod,
413 3643 573 3708 pasdllip.»
592 3642 687 3694 Ci.0d.
699 3643 723 3704 t,
736 3643 761 3704 8,
800 3645 881 3706 atque
893 3643 1056 3694 describunt.
1072 3671 1099 3680 -
1117 3644 1253 3707 edomitos]
1269 3646 1326 3694 Non

237 3718 261 3766 ι.
277 3743 304 3754 -
318 3729 389 3780 apere
404 3717 477 3778 oetas]
496 3716 593 3782 durgis
605 3717 763 3770 muneribus
800 3717 920 3777 Samius,
946 3716 995 3768 sed
1012 3719 1127 3769 lossensis
1145 3713 1273 3779 (Ἰασεύς,
1291 3717 1326 3766 eb

238 3803 286 3842 nos
304 3791 429 3842 efficias.»
458 3789 511 3841 Sed
528 3791 639 3842 ridicule
656 3805 764 3857 expres·
800 3793 874 3852 leso,
900 3793 993 3842 Cariae
1011 3793 1132 3857 oppido),
1155 3805 1248 3844 eomes
1264 3791 1327 3842 Ale-

236 3879 312 3918 sum:
337 3868 477 3930 «egestate
495 3878 545 3916 nos
562 3864 673 3926 liberes,
694 3870 763 3917 lam·
800 3866 956 3927 sanduli..
976 3867 1011 3918 de
1028 3879 1082 3930 quo
1098 3867 1152 3918 vid.
1170 3871 1200 3918 lt.
1215 3869 1243 3917 P.
1256 3867 1325 3926 357„

237 3953 319 4005 quom
331 3941 379 3992 tihi
396 3942 445 4005 ipsi
457 3953 515 3990 rem
526 3953 690 4004 magnopere
702 3953 763 4003 gra·
800 3941 845 3992 ubi
867 3942 928 3993 vide
951 3941 1159 3992 seholiestmum
1177 3943 1327 3992 narratiun-

237 4019 293 4066 tam
305 4016 431 4076 lecturos,
444 4016 466 4065 si
480 4027 532 4066 non
544 4015 597 4066 iam
609 4027 761 4078 egeamus.»
800 4015 874 4067 eules
892 4016 1033 4068 iebulosas.
1061 4018 1100 4068 Cl.
1113 4017 1203 4068 Naekil
1219 4017 1327 4067 Choeri-

269 4087 412 4140 ἳιῠ-ιδι.
439 4089 489 4140 Sed
513 4095 596 4140 ιιιιιιοιι
619 4087 680 4152 oet]
707 4090 762 4140 lam
800 4089 855 4140 lum
873 4092 991 4142 Samium
1008 4104 1033 4155 p.
1048 4091 1188 4151 496456,
1207 4092 1249 4142 oui
1267 4091 1327 4154 qui-

237 4164 443 4216 oommonelaoit
467 4162 594 4226 aequales
617 4176 680 4214 suos
704 4167 763 4215 tan·
801 4163 864 4214 dem
881 4165 980 4214 Horatii
997 4165 1031 4214 de
1049 4163 1092 4214 illo
1109 4165 1235 4216 iudicium
1248 4166 1327 4216 nimis

237 4239 376 4302 tummodo
394 4251 409 4288 a
427 4239 660 4303 praestantissimis
676 4239 763 4302 politis
800 4251 926 4290 severum
943 4239 1030 4288 visum
1048 4241 1098 4289 est.
1128 4241 1232 4304 inspice
1245 4241 1326 4290 eliam

238 4313 316 4378 digne
334 4313 464 4366 celebrari
481 4326 561 4379 posse
579 4313 688 4376 Augusti
706 4311 764 4364 lau·
801 4309 904 4364 lldtzell
921 4311 955 4363 ad
974 4313 1094 4364 Curtium
1111 4314 1138 4374 8,
1157 4315 1197 4364 ιι.
1222 4327 1249 4379 p.
1267 4315 1325 4366 llil.
