3082 4968
650 405 779 456 llOlillTll
796 404 977 457 shrinhntlhi

311 567 444 630 Postera
465 561 520 629 lun
542 562 643 628 oritur
665 559 764 628 multo
788 560 986 648 gratissime;
1009 579 1150 646 nemque

311 685 432 753 Plotius
455 694 487 752 et
507 683 621 752 Verius
644 683 819 750 Sinuessae
842 680 1058 770 virgiliusque

209 883 217 892 ,
314 808 512 884 Occurrunt,
537 805 676 884 animae,
700 803 814 893 quales
837 822 945 890 neque
967 800 1173 870 candidiores

312 931 410 996 Terra
432 927 502 994 tulit
524 947 632 1015 neque
655 926 729 1014 quis
751 945 804 992 me
826 923 867 990 sit
889 923 1068 991 devinctior
1089 922 1178 990 elter.

311 1052 340 1118 Ο
363 1049 418 1139 qui
444 1048 633 1137 complexus
658 1056 691 1114 et
713 1045 831 1135 gaudie
853 1055 973 1134 quanta
988 1045 1136 1118 luerunt!

312 1171 361 1240 Nil
385 1192 448 1260 ego
471 1169 662 1239 contulerim
685 1167 826 1236 iucundo
849 1187 949 1234 sanus
972 1166 1085 1234 amico.

337 1407 377 1458 to.
400 1408 480 1458 44444
496 1405 550 1458 bcd
568 1407 595 1456 et
611 1407 719 1470 praeter
735 1416 818 1456 unum
832 1405 856 1454 4.
876 1415 970 1454 omues
989 1403 1113 1453 Pottierii.
1134 1403 1174 1466 (iit
1190 1417 1251 1462 nos,
1269 1405 1324 1470 54.)

268 1595 361 1647 Plotius
377 1592 440 1658 444.)
458 1593 510 1642 Set.
530 1593 557 1652 4,
577 1591 622 1652 40,
641 1590 685 1642 844
703 1589 795 1640 4444444
832 1587 965 1642 Urbanum
983 1587 1114 1640 coloniam
1132 1601 1226 1642 rursus
1242 1591 1284 1641 iil.
1301 1589 1356 1641 mii.

226 1657 228 1662 '
269 1674 294 1720 4
323 1668 428 1728 vasus,
456 1668 589 1718 4444444
619 1665 792 1728 veracemque.
831 1675 902 1728 pass.
922 1663 1065 1715 mentem
1083 1676 1098 1714 a
1116 1665 1197 1715 ronse
1211 1666 1357 1730 campano,

269 1744 318 1794 Est
333 1743 424 1793 eutem
434 1741 526 1791 Plotires
536 1741 570 1792 44.
584 1738 681 1790 Plotius
696 1739 793 1800 Tucca,
832 1737 881 1788 sed
897 1739 1005 1802 proprie
1022 1739 1125 1804 eccipio
1144 1738 1177 1789 de
1194 1737 1256 1790 ville
1268 1738 1355 1803 eliqua

270 1817 378 1867 criticus
402 1815 491 1880 potius
517 1827 599 1878 quem
623 1815 719 1878 poeta,
750 1812 796 1877 qui
832 1812 937 1863 modice
946 1812 1206 1878 pontiilliproxime,
1219 1815 1245 1865 in
1258 1815 1359 1878 quesi-

269 1894 364 1956 postee
387 1903 440 1940 444
465 1902 527 1940 cum
549 1890 577 1940 L.
595 1889 676 1939 Vario
697 1887 796 1951 tregieo
831 1899 929 1939 nuesse
941 1889 1002 1938 4444
1014 1887 1279 1952 vesperemproiecti
1294 1901 1358 1952 per-

271 1979 303 2015 44
310 1965 420 2028 Augusti
431 1963 559 2015 mandatu
567 1961 665 2026 Virgilii
676 1961 794 2012 Aeneide
832 1962 981 2012 necterent.
1008 1960 1131 2013 Nonnulli
1142 1962 1258 2013 4444444444
1274 1964 1301 2013 44
1313 1961 1360 2011 444·

270 2038 363 2090 edidit.
382 2039 421 2089 De
442 2038 532 2098 Vario,
557 2036 591 2088 de
610 2049 663 2100 quo
681 2036 795 2088 diximus
831 2035 963 2088 44444484.
976 2035 1011 2086 de
1023 2033 1091 2088 villis
1102 2035 1215 2101 puhlicis
1226 2039 1359 2102 iuterpre-

270 2113 305 2163 ad
322 2111 370 2162 04.
390 2114 418 2172 4,
441 2112 469 2172 6,
488 2112 523 2172 4.,
545 2109 725 2162 consulendus
742 2110 796 2160 isrn
833 2111 935 2172 tantur,
960 2111 987 2161 44
1005 2123 1072 2175 ques
1090 2111 1232 2162 devertere
1249 2114 1360 2176 possent

270 2187 401 2251 imprimis
412 2183 538 2236 Welclrer
550 2186 701 2249 l'ropoediee
712 2184 754 2234 iii.
769 2197 794 2248 p.
833 2184 1017 2248 magistratus,
1036 2183 1114 2250 legati
1132 2187 1184 2236 444.
1203 2187 1253 2237 iter
1270 2183 1358 2250 eliquo

271 2260 345 2312 4446.
363 2263 444 2323 utque
462 2259 496 2310 de
509 2260 566 2310 eius
582 2259 698 2322 Thyeste
711 2259 797 2322 Bergk
833 2257 974 2312 hebentes.
1003 2261 1080 2325 npnd
1093 2262 1237 2326 scriptores
1249 2261 1359 2325 quidem

270 2335 385 2386 Zetteehr.
397 2335 416 2398 f.
428 2333 457 2384 4.
473 2333 545 2384 itte.
558 2345 585 2398 p.
599 2332 640 2384 84,
655 2333 722 2384 44444
734 2333 796 2383 Phi-
833 2335 938 2384 constet
954 2334 989 2385 de
1005 2348 1058 2386 une
1074 2334 1212 2386 dumtaxat
1227 2335 1288 2386 ville
1306 2349 1359 2400 pu-

270 2408 370 2473 lergyri
381 2409 467 2460 444444
480 2408 584 2471 (quarto
595 2421 622 2472 p.
636 2408 698 2459 Chr.
711 2421 738 2458 4.
751 2419 797 2458 se·
833 2407 903 2460 bliee
914 2415 990 2460 44444
1002 2409 1102 2472 Urbem,
1120 2412 1148 2461 44
1164 2425 1253 2474 444444
1263 2411 1359 2462 4444444

272 2482 339 2548 4444)
353 2483 524 2548 superstitem
536 2483 616 2534 luisse
627 2483 700 2532 414444
711 2482 797 2546 Thye-
833 2489 954 2534 44444444.
985 2483 1076 2547 (Varro
1088 2485 1117 2535 n.
1131 2485 1160 2536 44.
1173 2484 1201 2546 3,
1220 2485 1249 2545 4,
1270 2485 1280 2533 4
1296 2497 1356 2548 sqq.

271 2562 341 2612 stem
358 2558 450 2609 docuit
461 2558 610 2620 Wagnerus
622 2557 649 2607 in
661 2557 755 2608 0444444.
768 2559 797 2607 de
835 2558 890 2608 444.
909 2557 956 2619 33,
979 2557 1030 2622 si.)
1057 2559 1225 2622 Quemquam
1249 2559 1360 2622 propter

271 2635 420 2697 Phiicrppro
428 2635 456 2682 P.
464 2633 483 2682 i.
493 2631 567 2696 pec.
575 2629 794 2696 (erneghem).
834 2631 1014 2696 parochorum
1039 2633 1219 2694 mentionem,
1247 2633 1292 2696 qui
1316 2630 1359 2683 vel

271 2709 323 2760 Pis.
342 2708 403 2758 444
422 2707 555 2756 4444444444
570 2706 797 2770 (4444444444444-
834 2709 860 2757 44
887 2706 932 2757 teli
956 2705 1017 2756 ville
1041 2708 1099 2772 ipse
1115 2705 1159 2758 vel
1184 2705 1279 2758 saltem
1295 2719 1360 2771 pro·

272 2787 321 2832 tem
333 2781 434 2846 4444444
450 2785 521 2845 peste
535 2783 618 2832 444444
632 2780 756 2846 4444444.)
768 2809 794 2818 -
833 2782 905 2832 rium
922 2779 1043 2832 habitere
1061 2780 1213 2844 debebunt,
1232 2779 1295 2832 illud
1306 2795 1359 2833 444

271 2857 389 2907 8444444444
406 2857 448 2906 444
464 2854 588 2904 ultimum
604 2856 630 2904 44
647 2857 731 2920 Appia
751 2857 798 2906 Le·
833 2868 944 2921 prorsus
956 2854 1131 2920 improbabile
1141 2869 1191 2907 444
1203 2858 1360 2908 444444444-

272 2932 300 2982 tii
317 2930 460 2994 oppidum,
479 2930 567 2980 livill.
579 2931 614 2980 44.
628 2930 655 2980 P.
668 2929 797 2982 distensa
834 2934 891 2981 tum
908 2931 959 2981 est.
980 2957 1007 2966 -
1022 2931 1138 2996 parochi]
1156 2926 1295 3001 κάροχοι,
1312 2931 1360 2981 hc-

271 3005 396 3065 Formiis‚
422 3004 503 3054 hodie
526 3003 635 3068 Bcpscti
662 3003 795 3068 (44144444),
834 3004 933 3064 mines,
958 3004 1004 3068 qui
1020 3003 1128 3069 publico
1148 3007 1258 3068 sumptu
1274 3005 1360 3070 megi·

271 3092 356 3144 prope
373 3079 519 3130 Minturnas
531 3077 677 3144 (44444444).
694 3107 721 3116 -
735 3089 798 3141 444-
834 3076 962 3129 strutibus
977 3091 1009 3129 ec
1026 3078 1118 3142 legatis
1135 3079 1185 3129 iter
1201 3079 1358 3131 incientibus

271 3153 313 3216 444]
325 3154 422 3205 eedem
434 3155 644 3214 constructione,
663 3168 717 3218 que
732 3167 797 3206 usus
834 3151 1019 3204 ministrabunt
1030 3167 1062 3204 44
1073 3151 1204 3215 utensilia,
1220 3165 1289 3217 quse
1301 3153 1358 3204 siue

272 3232 315 3282 est
324 3228 407 3294 Epod.
421 3229 449 3290 o,
466 3229 518 3289 59„
536 3241 586 3292 pro
599 3230 719 3279 44444444
731 3227 797 3279 44444
834 3228 950 3278 maxime
967 3227 1089 3279 molestie
1111 3227 1145 3278 eb
1171 3228 1234 3292 ipsis
1259 3229 1359 3293 portori

272 3304 385 3368 quibust
404 3304 455 3352 cet.
475 3328 504 3339 -
518 3303 583 3366 tulit]
602 3302 734 3367 «protulit,
753 3315 798 3365 ge·
834 3315 887 3351 non
904 3303 1036 3365 poterent,
1056 3301 1176 3365 utligne‚
1195 3301 1291 3364 selem,
1305 3303 1360 3353 ioe-

271 3379 353 3438 44444
372 3378 401 3425 44
417 3376 465 3426 od.
485 3376 515 3434 3,
535 3377 564 3436 6,
583 3375 624 3426 ie.
643 3378 713 3440 virg.
729 3378 794 3427 hen.
834 3387 907 3424 num.
943 3375 1073 3438 copiosos
1097 3379 1176 3429 vocet
1200 3376 1357 3441 Porphyris.

272 3453 319 3510 44,
345 3449 410 3500 4844
440 3451 469 3499 Si
494 3451 543 3500 444
569 3454 707 3511 praetem
735 3451 797 3500 44444
835 3447 887 3499 Cir.
907 3449 1037 3513 imprimis
1060 3451 1115 3500 Cic.
1137 3451 1171 3502 ed
1191 3453 1242 3502 444.
1261 3453 1292 3512 4,
1317 3452 1356 3502 46.

270 3526 349 3576 idaea
365 3523 458 3574 tulisset
476 3523 554 3574 Terre
569 3525 701 3574 44444444.
717 3552 743 3560 -
757 3538 798 3574 44-
835 3551 863 3562 -
889 3523 952 3573 44444
978 3525 1043 3589 444.)
1071 3525 1156 3576 «iiiuc
1180 3529 1289 3592 postero
1315 3525 1358 3577 die

271 3599 326 3665 444)
346 3597 489 3663 «quamdiu
508 3610 574 3648 4444
597 3599 686 3649 mente
709 3611 796 3650 sum.»
832 3597 943 3663 proiecti
958 3611 1022 3650 curn
1033 3611 1168 3662 essemus,
1186 3605 1304 3664 tenpore,
1317 3601 1359 3652 s'e·

271 3677 365 3726 Ponrs.
833 3673 866 3724 tis
888 3674 1048 3737 tempestive
1065 3673 1278 3740 (4442444444),
1306 3676 1358 3726 Ce-

304 3749 389 3800 ieet.
408 3747 538 3811 Campano
545 3748 625 3813 ponet]
638 3749 708 3800 Pons
720 3751 798 3800 Cam·
834 3760 928 3813 puem,
947 3761 1016 3812 quee
1034 3761 1049 3798 4
1067 3751 1150 3800 Ponte
1167 3750 1304 3814 Campano
1316 3749 1359 3800 di·

273 3837 358 3888 44444
386 3821 474 3886 (hodie
499 3828 575 3886 ponte
601 3823 721 3888 6444444)
749 3825 798 3875 Se·
833 3822 922 3874 4444444
943 3823 1020 3874 xliii.
1039 3825 1073 3876 44.
1097 3825 1136 3885 4.,
1160 3826 1358 3889 pervenimus.»

272 3897 333 3949 voni
349 3897 452 3948 iiumini
469 3899 609 3964 impositus
626 3899 667 3949 ili.
687 3899 721 3950 44.
740 3900 796 3949 Ρ.4
833 3898 937 3950 Veteris
960 3901 1051 3949 eutem
1073 3899 1180 3964 Cepuee
1203 3899 1270 3950 situs
1287 3900 1358 3962 eret,

272 3973 406 4023 Sinuessa.
446 3974 496 4036 (Sic
519 3974 633 4025 correxit
655 3973 798 4024 444444444-
833 3972 880 4024 444
897 3987 968 4025 nune
985 3976 1027 4024 est
1043 3974 1118 4024 vicus
1135 3973 1218 4024 844444
1232 3973 1360 4024 44444444

272 4044 337 4106 4444;
364 4047 391 4096 44
413 4047 471 4097 itin.
496 4047 624 4100 Hierosol.
648 4049 690 4098 est
710 4049 743 4100 44.
766 4049 794 4098 Ρ.
833 4049 920 4112 Capsa
946 4049 998 4113 (444
1024 4047 1154 4112 walch),
1177 4049 1219 4099 lli.
1242 4049 1276 4100 44.
1295 4050 1323 4099 Ρ.
1343 4061 1358 4099 4

272 4121 314 4171 lli.
342 4133 395 4171 nou
421 4123 514 4172 conire
539 4122 644 4173 dicente
671 4119 797 4174 44444444-
833 4124 967 4187 praesenti
989 4121 1057 4173 urhe
1080 4123 1189 4176 distans.
1215 4124 1359 4174 -tusum

273 4197 383 4260 neeric.)
416 4197 504 4248 Vitiulo
525 4199 615 4249 eutem
636 4196 679 4248 vix
696 4195 797 4260 signiti-
833 4225 847 4234 -
865 4225 879 4234 -
896 4197 1039 4262 444444444444]
1057 4198 1127 4250 Scite
1144 4197 1358 4250 antzeredno-

273 4284 334 4323 cere
351 4275 448 4338 potest,
475 4275 504 4324 ut
529 4271 583 4323 volt
608 4270 795 4336 domnellus,
834 4274 885 4334 444,
903 4272 945 4325 his
961 4271 1051 4325 verbis
1064 4274 1201 4338 aptissime
1213 4274 1265 4324 hoc
1277 4273 1358 4337 signi·
