3178 4972
303 449 364 518 464
658 449 788 501 itonam
806 449 1026 502 aersrottnuu

343 610 413 674 Non
435 616 542 673 cessat
562 603 705 672 laudare.
750 604 842 672 Videt
864 604 1013 692 ridetque
1035 603 1216 693 Philippus,

345 730 395 806 Et,
420 727 481 794 sibi
504 727 582 793 dum
604 726 767 814 requiem,
797 725 875 792 dum
897 727 982 792 risus
1003 725 1149 815 undique
1171 727 1312 814 quaerit,

344 851 428 916 Dum
449 859 574 938 septem
595 848 695 915 donat
716 847 879 926 sestertia,
904 856 1014 914 mutua
1036 857 1161 935 septem
1349 851 1390 912 80

342 971 510 1049 Promittit,
534 969 712 1061 persuadet
731 969 777 1035 uti
799 977 961 1036 mercetur
983 967 1132 1058 agellum.

343 1095 511 1159 lleroatur.
555 1093 602 1158 Ne
624 1101 655 1158 te
676 1090 781 1179 longis
802 1089 994 1177 ambagibus
1015 1088 1099 1156 ultra

343 1217 448 1294 Quam
471 1215 549 1280 satis
571 1223 621 1280 est
642 1232 765 1290 morer,
789 1232 830 1279 ex
851 1210 952 1278 nitido
974 1209 1010 1277 fit
1031 1211 1171 1280 rusticus
1193 1223 1290 1301 atque

344 1335 460 1403 Suloos
483 1345 515 1402 et
535 1333 643 1401 vineta
664 1341 776 1421 crepat
797 1353 904 1412 mera;
926 1342 1101 1421 praeparat
1123 1333 1247 1409 ulmos,

344 1456 528 1524 lmmoritur
550 1453 664 1522 studiis
687 1464 851 1522 elamore
873 1454 1015 1522 senescit
1036 1454 1186 1523 habendi.
1332 1449 1391 1523 Ι85

344 1581 462 1646 Verum
483 1576 539 1644 ubi
561 1597 640 1643 oves
663 1575 761 1652 furto,
786 1575 900 1643 morbo
922 1576 1052 1665 periere
1074 1577 1255 1666 capellae,

366 1805 407 1856 80.
426 1806 495 1856 llam
511 1816 645 1870 supersor.
667 1803 728 1854 lion
744 1805 770 1853 S.
790 1829 819 1840 -
839 1804 879 1854 85.
899 1805 1037 1856 inmoritur
1054 1817 1077 1854 o.
1140 1775 1144 1784 ⁴

300 2012 380 2064 batur
399 2013 507 2064 metus.
544 2009 620 2062 llaud
640 2013 728 2076 magni
746 2011 828 2062 aesti-
864 2025 915 2064 nae
941 2025 1066 2064 sermone
1091 2013 1157 2064 scito
1183 2013 1282 2075 utitur,
1309 2025 1392 2077 quem

300 2087 386 2138 matos
397 2099 459 2138 esse
470 2084 566 2136 landos
575 2085 828 2138 Sabinosmonstrat
864 2085 998 2138 deformat
1013 2085 1174 2138 Marklandi:
1200 2088 1329 2139 lter-octus
1351 2086 1393 2150 (oe

300 2160 393 2212 catull.
412 2159 459 2222 44,
479 2162 511 2209 t:
535 2160 647 2224 Ostende
662 2166 759 2222 norm,
785 2175 828 2212 seo
864 2162 1068 2228 teu-morer)
1087 2162 1390 2228 ecoitidotltrttetteua.

299 2235 392 2286 Sabine
407 2249 451 2284 eeu
468 2233 571 2294 Titum
594 2236 663 2285 Nom
679 2241 702 2286 te
718 2249 769 2287 erse
786 2237 828 2286 tt-
865 2237 920 2287 Cio.
939 2237 973 2287 ad
991 2238 1063 2288 Fam.
1083 2237 1129 2299 46,
1144 2238 1192 2298 at,
1210 2239 1243 2288 l:
1262 2239 1393 2300 Deponen-

299 2309 396 2359 biom
423 2313 573 2371 autwraoot,
603 2310 691 2372 qudem
714 2325 765 2362 noo
792 2316 828 2361 ert
864 2311 912 2360 doe
936 2309 980 2360 tibi
1003 2315 1061 2361 saort
1083 2311 1256 2362 urbanitates:
1283 2311 1393 2362 maino

300 2384 375 2435 Cordi
400 2383 525 2434 emadan
550 2385 662 2446 leodem
689 2391 717 2436 at
740 2386 828 2448 qulam
863 2386 1083 2450 Roooonurscotus
1094 2400 1126 2436 es.
1142 2385 1270 2450 -nitidol
1283 2386 1392 2436 homine

299 2459 370 2508 cordi
394 2464 442 2521 est,
467 2460 559 2522 &eoois
580 2459 703 2510 Setinum
721 2460 828 2524 menore
863 2472 913 2523 pro
925 2459 1178 2511 suisiortunlssatis
1191 2459 1318 2524 eleganti,
1333 2473 1393 2510 ma·

299 2547 350 2586 etse
360 2535 518 2585 contaedeat.
531 2563 559 2571 -
571 2535 632 2584 doro
642 2537 753 2596 requiem
764 2536 826 2601 cet]
864 2534 948 2596 xime,
967 2535 1044 2597 puto,
1064 2547 1097 2584 ex
1114 2547 1167 2598 quo
1179 2533 1290 2599 Philippi
1307 2535 1393 2599 quoti-

301 2608 381 2659 adum
398 2609 450 2660 sibi
465 2609 588 2670 undique,
610 2621 718 2673 quoquo
735 2608 826 2672 modo,
865 2606 960 2658 dianm
971 2610 1082 2659 conviva
1095 2609 1179 2660 iactus
1191 2611 1274 2659 erat.»
1287 2631 1317 2646 ι-
1331 2609 1392 2660 Sut-

300 2681 506 2734 obleotationem
531 2695 564 2733 ac
592 2683 787 2735 recreationem
812 2697 827 2734 a
864 2696 906 2734 eos
922 2688 945 2733 et
960 2683 1151 2748 maduerepat]
1170 2685 1331 2749 «semperin
1344 2697 1391 2734 ora

300 2755 451 2808 lorensibus
477 2758 589 2820 negotiis
613 2761 703 2822 parat,
724 2761 829 2823 praevi·
865 2757 973 2808 habet.»
1000 2757 1048 2808 0d.
1073 2759 1102 2820 4,
1128 2759 1174 2820 48,
1193 2762 1226 2811 t:
1254 2759 1314 2821 Quia
1334 2763 1393 2821 poet

300 2832 382 2895 dens,
408 2845 490 2895 quarn
507 2831 633 2884 ridiculus
653 2834 769 2885 rusticus
785 2833 828 2884 lu-
864 2834 926 2884 otoo
942 2846 1047 2896 graver
1056 2833 1174 2883 mititiam
1184 2839 1230 2884 oia
1243 2833 1392 2896 permotam

300 2908 376 2958 turus
402 2908 475 2958 esset
495 2920 594 2972 praeco
616 2905 659 2958 ille
677 2907 829 2959 subrostra-
864 2906 973 2971 crepat?
996 2907 1039 2957 Sic
1056 2907 1136 2958 etiam
1148 2911 1261 2978 κροτεῖν
1272 2908 1300 2957 et
1312 2907 1389 2969 loqui.

198 2975 201 2980 ’
300 2995 376 3032 nus.»
404 2983 453 3042 Qut
470 2979 616 3046 explicant:
645 2981 829 3033 cdeversorio·
866 2984 921 3034 cic.
939 2982 973 3032 ad
990 2983 1042 3032 att.
1061 2982 1089 3046 a,
1108 2983 1137 3044 4,
1156 2983 1188 3032 3;
1210 2984 1310 3034 Cardia
1324 2983 1393 3033 venit

299 3054 355 3106 lum
376 3053 483 3120 aliquod
505 3057 575 3106 inter
591 3054 689 3108 Urbem
706 3057 734 3106 ot
750 3055 828 3106 Sabi·
864 3057 927 3107 nillil
942 3057 991 3106 aiot
1006 3056 1096 3106 classes
1112 3057 1246 3118 laquearet
1256 3058 1390 3108 eoadem.

300 3141 365 3180 num
382 3142 477 3192 auum,
501 3129 548 3180 uhi
570 3131 622 3180 iter
638 3129 738 3202 iaciens
755 3129 827 3194 apud
866 3131 913 3195 (Cf.
933 3132 986 3182 Sat.
1005 3131 1033 3193 4,
1052 3129 1081 3191 3,
1102 3131 1152 3194 43.)
1179 3159 1206 3168 -
1228 3132 1308 3197 moa]
1334 3132 1389 3183 Cic.

299 3205 406 3256 lienam
431 3204 555 3256 clientem
572 3203 672 3268 aliquot
688 3205 769 3255 horas
786 3206 827 3256 in·
865 3205 899 3256 ad
917 3206 968 3256 att.
988 3205 1016 3268 9,
1036 3204 1080 3266 43,
1100 3206 1132 3255 l:
1158 3219 1231 3257 mero
1246 3207 1340 3258 mera
1356 3208 1393 3258 lo-

300 3278 408 3330 terdum
432 3279 575 3343 degerem·
607 3279 659 3329 hoc
684 3280 711 3330 in
736 3278 827 3331 verbis
865 3285 985 3343 quantur.
1005 3279 1029 3344 5.
1043 3279 1073 3330 8:
1092 3279 1225 3330 Dolabella
1240 3281 1393 3332 amttam

299 3354 363 3418 ipsis
379 3355 469 3404 inesse
482 3354 667 3405 demonstrare
680 3353 825 3405 debebant.
864 3367 978 3405 merum
994 3353 1083 3404 oetan
1100 3353 1219 3416 loquitur.
1249 3381 1276 3392 -
1301 3353 1391 3420 ulam]

302 3455 330 3465 -
347 3429 422 3492 deus]
449 3428 568 3479 «ridendi
590 3430 757 3480 materiam.»
785 3428 824 3480 Cf.
866 3427 1179 3480 «maritandasvltibusn
1198 3429 1389 3492 Cl.0d.2,tt,

299 3503 354 3552 Sat.
372 3503 400 3564 Ξ,
419 3503 449 3564 t,
463 3503 520 3553 407.
541 3529 568 3540 -
586 3504 654 3554 Dum
672 3503 734 3568 oet]
759 3503 827 3554 Con-
864 3505 889 3554 5.
904 3531 931 3540 -
944 3503 1098 3568 lmmom'tur]
1113 3507 1248 3555 emacerat
1258 3507 1285 3554 et
1297 3507 1392 3555 enecat

300 3574 370 3628 sulto
395 3575 584 3641 negligentiore
610 3591 735 3629 sermone
761 3591 826 3630 usus
864 3592 894 3629 ee
914 3592 996 3643 opera
1014 3581 1113 3630 rustico
1130 3582 1239 3631 strenue
1259 3591 1393 3630 exercen-

300 3654 342 3702 est
357 3665 406 3716 pro
423 3653 464 3702 his
482 3651 555 3702 lere:
579 3665 627 3703 «eo
644 3653 718 3717 quod
733 3654 825 3703 Menae
864 3653 925 3703 do.»
940 3681 968 3689 -
986 3653 1081 3717 stodiis]
1099 3653 1218 3716 dativus,
1236 3656 1267 3703 ut
1283 3651 1389 3714 Quintil.

300 3725 382 3777 donat
398 3725 534 3778 dimidiam
549 3730 654 3792 partem
666 3728 752 3791 pretii,
772 3739 825 3791 quo
865 3727 895 3788 9,
914 3727 943 3789 3,
962 3727 1011 3778 73:
1035 3729 1135 3778 menori
1157 3729 1284 3792 legationi.
1305 3755 1333 3765 -
1351 3741 1392 3780 se-

300 3800 399 3865 agellus
416 3803 469 3852 ami
489 3803 607 3867 poterat,
635 3798 747 3852 alteram
765 3813 826 3850 mu·
863 3801 948 3867 nescit]
967 3798 1113 3868 «τήκεται,
1138 3804 1282 3854 macrescit
1301 3807 1329 3854 et
1344 3817 1392 3856 oa-

299 3879 372 3927 tuam
390 3876 447 3938 dat,
467 3877 491 3926 ei
508 3876 671 3940 persuadet»
690 3876 741 3926 cat.
775 3875 827 3925 Le·
865 3879 975 3928 nescit.»
994 3877 1032 3928 Cl.
1051 3879 1118 3942 Eup.
1136 3879 1165 3940 2,
1183 3879 1212 3940 2,
1231 3879 1272 3930 82.

299 3951 379 4000 ctioni
397 3951 458 4002 lim
474 3950 549 4003 locus
561 3953 635 4003 certe
652 3963 706 4000 non
723 3953 766 4002 est
781 3963 827 4000 ne·
898 3951 986 4002 87-93.
1012 3953 1124 4017 mentito]
1142 3953 1181 4003 Ci.
1201 3953 1237 4003 ad
1254 3954 1302 4004 Od.
1321 3954 1346 4014 3,
1365 3955 1389 4012 4,

300 4037 352 4089 que
378 4025 546 4077 Praedioowii
571 4025 635 4076 lam.
658 4049 685 4060 -
712 4030 827 4087 repum-
864 4025 905 4076 30.
933 4025 1175 4090 sil.1tat.t‚too.
1199 4026 1234 4078 de
1257 4041 1321 4092 agro
1341 4029 1392 4078 Fa·

298 4100 418 4164 sestertiu]
436 4101 544 4164 Septem
560 4099 631 4150 mille
647 4100 695 4150 llS.
709 4099 827 4150 efficiunt
863 4099 955 4152 lerno:
981 4102 1058 4152 Diues
1081 4114 1112 4152 eo
1133 4108 1157 4152 et
1173 4115 1304 4166 nunquam
1321 4102 1393 4152 tellas

299 4173 405 4223 circiter
421 4173 485 4225 4400
502 4176 543 4225 Fr.
560 4174 624 4226 Gall.
639 4199 666 4210 -
685 4173 824 4238 Macota]
862 4175 1069 4226 meruitoeolooo.
1088 4175 1213 4242 Calpurn.
1227 4175 1282 4228 Ecl.
1295 4175 1321 4238 l,
1332 4177 1389 4228 lid:

300 4247 355 4296 «lle
381 4259 446 4297 vera
466 4249 587 4312 sequitur
603 4247 714 4314 Philippi
735 4249 826 4300 consi·
862 4249 947 4312 Coepit
971 4255 995 4301 et
1018 4251 1132 4314 tadmor,
1158 4252 1232 4302 salet
1248 4251 1392 4316 fallemur

298 4319 390 4381 lium,»
416 4322 463 4372 llio
480 4335 588 4387 quoque
605 4324 674 4375 vitae
691 4323 824 4388 quotidia-
862 4323 934 4388 olion,
960 4325 1106 4377 emersere
1123 4339 1199 4390 aeger.
1228 4353 1257 4364 -
1283 4327 1390 4392 eatena]
