<?xml version="1.0" encoding="UTF-8"?>
<!DOCTYPE html PUBLIC "-//W3C//DTD XHTML 1.0 Transitional//EN"
    "http://www.w3.org/TR/xhtml1/DTD/xhtml1-transitional.dtd">
<html xmlns="http://www.w3.org/1999/xhtml" xml:lang="en" lang="en">
 <head>
  <title>
</title>
<meta http-equiv="Content-Type" content="text/html;charset=utf-8" />
  <meta name='ocr-system' content='tesseract 3.04.00' />
  <meta name='ocr-capabilities' content='ocr_page ocr_carea ocr_par ocr_line ocrx_word'/>
</head>
<body>
  <div class='ocr_page' id='page_1' title='image "./qhoratiusflaccu01baitgoog_0203.png"; bbox 0 0 3116 4968; ppageno 0'>
   <div class='ocr_carea' id='block_1_1' title="bbox 608 877 1048 983">
    <p class='ocr_par' dir='ltr' id='par_1_1' title="bbox 608 877 1048 983">
     <span class='ocr_line' id='line_1_1' title="bbox 608 877 1048 983; baseline -0.027 0"><span class='ocrx_word' id='word_1_1' title='bbox 608 878 648 983; x_wconf 81' lang='lat' dir='ltr'>Q·</span> <span class='ocrx_word' id='word_1_2' title='bbox 675 877 864 973; x_wconf 77' lang='lat' dir='ltr'>lionam</span> <span class='ocrx_word' id='word_1_3' title='bbox 889 878 1048 973; x_wconf 75' lang='lat' dir='ltr'>illuct</span> 
     </span>
    </p>
   </div>
   <div class='ocr_carea' id='block_1_2' title="bbox 485 1105 1173 1287">
    <p class='ocr_par' dir='ltr' id='par_1_2' title="bbox 485 1105 1173 1287">
     <span class='ocr_line' id='line_1_2' title="bbox 485 1105 1173 1287; baseline 0.003 -5"><span class='ocrx_word' id='word_1_4' title='bbox 485 1105 1173 1287; x_wconf 76' lang='lat' dir='ltr'>Slllltllttlll</span> 
     </span>
    </p>
   </div>
   <div class='ocr_carea' id='block_1_3' title="bbox 645 1401 1003 1473">
    <p class='ocr_par' dir='ltr' id='par_1_3' title="bbox 645 1401 1003 1473">
     <span class='ocr_line' id='line_1_3' title="bbox 645 1401 1003 1473; baseline 0 -5"><span class='ocrx_word' id='word_1_5' title='bbox 645 1403 764 1470; x_wconf 82' lang='lat' dir='ltr'><strong>LIBER</strong></span> <span class='ocrx_word' id='word_1_6' title='bbox 786 1401 1003 1473; x_wconf 88' lang='lat' dir='ltr'>SECUNDUS.</span> 
     </span>
    </p>
   </div>
   <div class='ocr_carea' id='block_1_4' title="bbox 328 1663 1273 2034">
    <p class='ocr_par' dir='ltr' id='par_1_4' title="bbox 328 1663 1273 2034">
     <span class='ocr_line' id='line_1_4' title="bbox 690 1663 965 1772; baseline 0.007 -2"><span class='ocrx_word' id='word_1_7' title='bbox 690 1663 901 1771; x_wconf 72' lang='lat' dir='ltr'>sam</span> <span class='ocrx_word' id='word_1_8' title='bbox 928 1709 965 1772; x_wconf 85' lang='lat'>1.</span> 
     </span>
     <span class='ocr_line' id='line_1_5' title="bbox 330 1820 1257 1912; baseline 0.001 -21"><span class='ocrx_word' id='word_1_9' title='bbox 330 1826 426 1901; x_wconf 84' lang='lat' dir='ltr'><strong>Sunt,</strong></span> <span class='ocrx_word' id='word_1_10' title='bbox 454 1821 575 1912; x_wconf 84' lang='lat' dir='ltr'>quibus</span> <span class='ocrx_word' id='word_1_11' title='bbox 596 1822 629 1888; x_wconf 91' lang='lat' dir='ltr'>in</span> <span class='ocrx_word' id='word_1_12' title='bbox 651 1821 749 1890; x_wconf 86' lang='lat' dir='ltr'>satira</span> <span class='ocrx_word' id='word_1_13' title='bbox 769 1820 884 1888; x_wconf 91' lang='lat' dir='ltr'>videor</span> <span class='ocrx_word' id='word_1_14' title='bbox 905 1820 1000 1888; x_wconf 86' lang='lat' dir='ltr'>nimis</span> <span class='ocrx_word' id='word_1_15' title='bbox 1023 1841 1099 1890; x_wconf 89' lang='lat' dir='ltr'>acer</span> <span class='ocrx_word' id='word_1_16' title='bbox 1120 1833 1153 1892; x_wconf 90' lang='lat' dir='ltr'>et</span> <span class='ocrx_word' id='word_1_17' title='bbox 1173 1822 1257 1892; x_wconf 89' lang='lat' dir='ltr'>ultra</span> 
     </span>
     <span class='ocr_line' id='line_1_6' title="bbox 328 1941 1273 2034; baseline 0 -22"><span class='ocrx_word' id='word_1_18' title='bbox 328 1947 447 2034; x_wconf 82' lang='lat' dir='ltr'>Legem</span> <span class='ocrx_word' id='word_1_19' title='bbox 469 1943 605 2012; x_wconf 91' lang='lat' dir='ltr'>tendere</span> <span class='ocrx_word' id='word_1_20' title='bbox 628 1963 727 2032; x_wconf 89' lang='lat' dir='ltr'>opus;</span> <span class='ocrx_word' id='word_1_21' title='bbox 752 1943 822 2010; x_wconf 89' lang='lat' dir='ltr'>sine</span> <span class='ocrx_word' id='word_1_22' title='bbox 843 1941 952 2010; x_wconf 88' lang='lat' dir='ltr'>nervis</span> <span class='ocrx_word' id='word_1_23' title='bbox 975 1942 1090 2022; x_wconf 88' lang='lat' dir='ltr'>altera,</span> <span class='ocrx_word' id='word_1_24' title='bbox 1113 1944 1273 2034; x_wconf 90' lang='lat' dir='ltr'>quidquid</span> 
     </span>
    </p>
   </div>
   <div class='ocr_carea' id='block_1_5' title="bbox 318 2120 1342 2337">
    <p class='ocr_par' dir='ltr' id='par_1_5' title="bbox 318 2120 1342 2337">
     <span class='ocr_line' id='line_1_7' title="bbox 351 2120 1342 2191; baseline -0.004 -16"><span class='ocrx_word' id='word_1_25' title='bbox 351 2125 419 2175; x_wconf 76' lang='lat' dir='ltr'><strong>SAT.</strong></span> <span class='ocrx_word' id='word_1_26' title='bbox 438 2125 458 2174; x_wconf 89' lang='lat' dir='ltr'>l.</span> <span class='ocrx_word' id='word_1_27' title='bbox 494 2125 517 2174; x_wconf 89' lang='lat' dir='ltr'>t.</span> <span class='ocrx_word' id='word_1_28' title='bbox 535 2123 624 2174; x_wconf 76' lang='lat' dir='ltr'>videor</span> <span class='ocrx_word' id='word_1_29' title='bbox 641 2123 743 2184; x_wconf 71' lang='lat' dir='ltr'>babet</span> <span class='ocrx_word' id='word_1_30' title='bbox 764 2124 793 2173; x_wconf 89' lang='lat' dir='ltr'>et</span> <span class='ocrx_word' id='word_1_31' title='bbox 813 2134 891 2174; x_wconf 79' lang='lat' dir='ltr'>«cum</span> <span class='ocrx_word' id='word_1_32' title='bbox 908 2120 1089 2174; x_wconf 83' lang='lat' dir='ltr'>dimidiatam</span> <span class='ocrx_word' id='word_1_33' title='bbox 1109 2123 1233 2174; x_wconf 91' lang='lat' dir='ltr'>codicum</span> <span class='ocrx_word' id='word_1_34' title='bbox 1249 2127 1342 2191; x_wconf 80' lang='lat' dir='ltr'>parte»</span> 
     </span>
     <span class='ocr_line' id='line_1_8' title="bbox 318 2197 1341 2260; baseline 0.003 -12"><span class='ocrx_word' id='word_1_35' title='bbox 318 2197 462 2248; x_wconf 89' lang='lat' dir='ltr'>Bentleins.</span> <span class='ocrx_word' id='word_1_36' title='bbox 490 2197 529 2260; x_wconf 80' lang='lat' dir='ltr'>(tlt</span> <span class='ocrx_word' id='word_1_37' title='bbox 544 2210 608 2258; x_wconf 87' lang='lat' dir='ltr'>nos,</span> <span class='ocrx_word' id='word_1_38' title='bbox 627 2197 680 2260; x_wconf 91' lang='lat' dir='ltr'>Sdp</span> <span class='ocrx_word' id='word_1_39' title='bbox 698 2198 725 2246; x_wconf 91' lang='lat' dir='ltr'>et</span> <span class='ocrx_word' id='word_1_40' title='bbox 741 2199 847 2260; x_wconf 78' lang='lat' dir='ltr'><strong>septem</strong></span> <span class='ocrx_word' id='word_1_41' title='bbox 863 2197 999 2260; x_wconf 86' lang='lat' dir='ltr'>Pottierii.)</span> <span class='ocrx_word' id='word_1_42' title='bbox 1020 2224 1046 2234; x_wconf 89' lang='lat'><em>-</em></span> <span class='ocrx_word' id='word_1_43' title='bbox 1071 2199 1095 2248; x_wconf 79' lang='lat'>2.</span> <span class='ocrx_word' id='word_1_44' title='bbox 1114 2199 1239 2250; x_wconf 68' lang='lat' dir='ltr'>inundet-e</span> <span class='ocrx_word' id='word_1_45' title='bbox 1255 2199 1341 2252; x_wconf 84' lang='lat' dir='ltr'>codd.</span> 
     </span>
     <span class='ocr_line' id='line_1_9' title="bbox 319 2269 1289 2337; baseline 0 -13"><span class='ocrx_word' id='word_1_46' title='bbox 319 2271 381 2336; x_wconf 86' lang='lat' dir='ltr'>aliq.</span> <span class='ocrx_word' id='word_1_47' title='bbox 401 2269 496 2334; x_wconf 79' lang='lat' dir='ltr'>(nullus</span> <span class='ocrx_word' id='word_1_48' title='bbox 513 2283 637 2322; x_wconf 89' lang='lat' dir='ltr'>meorum</span> <span class='ocrx_word' id='word_1_49' title='bbox 654 2283 705 2321; x_wconf 90' lang='lat' dir='ltr'>nec</span> <span class='ocrx_word' id='word_1_50' title='bbox 721 2269 832 2322; x_wconf 79' lang='lat' dir='ltr'>Bentleii</span> <span class='ocrx_word' id='word_1_51' title='bbox 849 2283 900 2322; x_wconf 89' lang='lat' dir='ltr'>nec</span> <span class='ocrx_word' id='word_1_52' title='bbox 917 2271 1053 2334; x_wconf 85' lang='lat' dir='ltr'>Pottierii),</span> <span class='ocrx_word' id='word_1_53' title='bbox 1071 2273 1289 2337; x_wconf 78' lang='lat' dir='ltr'>cuninghamius.</span> 
     </span>
    </p>
   </div>
   <div class='ocr_carea' id='block_1_6' title="bbox 287 2417 1384 3526">
    <p class='ocr_par' dir='ltr' id='par_1_6' title="bbox 287 2417 1384 3526">
     <span class='ocr_line' id='line_1_10' title="bbox 320 2417 1375 2486; baseline 0.005 -15"><span class='ocrx_word' id='word_1_54' title='bbox 320 2420 341 2471; x_wconf 87' lang='lat'>1.</span> <span class='ocrx_word' id='word_1_55' title='bbox 359 2417 492 2470; x_wconf 77' lang='lat' dir='ltr'><strong>simulans</strong></span> <span class='ocrx_word' id='word_1_56' title='bbox 508 2433 538 2472; x_wconf 89' lang='lat' dir='ltr'>se</span> <span class='ocrx_word' id='word_1_57' title='bbox 556 2420 586 2471; x_wconf 86' lang='lat' dir='ltr'>C.</span> <span class='ocrx_word' id='word_1_58' title='bbox 599 2418 753 2471; x_wconf 77' lang='lat' dir='ltr'>Trebatium</span> <span class='ocrx_word' id='word_1_59' title='bbox 764 2421 813 2470; x_wconf 76' lang='lat' dir='ltr'>l’e-</span> <span class='ocrx_word' id='word_1_60' title='bbox 849 2421 892 2469; x_wconf 86' lang='lat' dir='ltr'>eto</span> <span class='ocrx_word' id='word_1_61' title='bbox 910 2419 1024 2480; x_wconf 86' lang='lat' dir='ltr'>timebo,</span> <span class='ocrx_word' id='word_1_62' title='bbox 1043 2434 1076 2472; x_wconf 89' lang='lat' dir='ltr'>ne</span> <span class='ocrx_word' id='word_1_63' title='bbox 1093 2422 1217 2486; x_wconf 83' lang='lat' dir='ltr'>polentas</span> <span class='ocrx_word' id='word_1_64' title='bbox 1234 2423 1336 2476; x_wconf 89' lang='lat' dir='ltr'>amicos</span> <span class='ocrx_word' id='word_1_65' title='bbox 1359 2437 1375 2475; x_wconf 92' lang='lat' dir='ltr'>a</span> 
     </span>
     <span class='ocr_line' id='line_1_11' title="bbox 287 2492 1374 2562; baseline 0.001 -12"><span class='ocrx_word' id='word_1_66' title='bbox 287 2498 370 2558; x_wconf 85' lang='lat' dir='ltr'>stem,</span> <span class='ocrx_word' id='word_1_67' title='bbox 389 2495 520 2558; x_wconf 76' lang='lat' dir='ltr'>insignem</span> <span class='ocrx_word' id='word_1_68' title='bbox 532 2494 596 2546; x_wconf 90' lang='lat' dir='ltr'>iuris</span> <span class='ocrx_word' id='word_1_69' title='bbox 608 2495 735 2558; x_wconf 88' lang='lat' dir='ltr'>peritum,</span> <span class='ocrx_word' id='word_1_70' title='bbox 750 2507 813 2546; x_wconf 90' lang='lat' dir='ltr'>con·</span> <span class='ocrx_word' id='word_1_71' title='bbox 849 2506 893 2544; x_wconf 89' lang='lat' dir='ltr'>ma</span> <span class='ocrx_word' id='word_1_72' title='bbox 916 2492 1097 2545; x_wconf 82' lang='lat' dir='ltr'>abalienem.·</span> <span class='ocrx_word' id='word_1_73' title='bbox 1139 2497 1195 2548; x_wconf 87' lang='lat' dir='ltr'>Iam</span> <span class='ocrx_word' id='word_1_74' title='bbox 1220 2498 1374 2562; x_wconf 88' lang='lat' dir='ltr'>Trebatius,</span> 
     </span>
     <span class='ocr_line' id='line_1_12' title="bbox 288 2567 1376 2635; baseline 0.004 -13"><span class='ocrx_word' id='word_1_75' title='bbox 288 2568 391 2630; x_wconf 76' lang='lat' dir='ltr'>sinere,</span> <span class='ocrx_word' id='word_1_76' title='bbox 404 2568 469 2632; x_wconf 91' lang='lat' dir='ltr'>quid</span> <span class='ocrx_word' id='word_1_77' title='bbox 480 2569 507 2619; x_wconf 90' lang='lat' dir='ltr'>in</span> <span class='ocrx_word' id='word_1_78' title='bbox 518 2570 591 2619; x_wconf 91' lang='lat' dir='ltr'>tanta</span> <span class='ocrx_word' id='word_1_79' title='bbox 602 2567 812 2620; x_wconf 75' lang='lat' dir='ltr'>obtrectatorum</span> <span class='ocrx_word' id='word_1_80' title='bbox 849 2568 895 2631; x_wconf 89' lang='lat' dir='ltr'>qui</span> <span class='ocrx_word' id='word_1_81' title='bbox 919 2569 973 2618; x_wconf 89' lang='lat' dir='ltr'>ICti</span> <span class='ocrx_word' id='word_1_82' title='bbox 998 2570 1089 2632; x_wconf 86' lang='lat' dir='ltr'>partes</span> <span class='ocrx_word' id='word_1_83' title='bbox 1112 2583 1163 2635; x_wconf 87' lang='lat' dir='ltr'>per</span> <span class='ocrx_word' id='word_1_84' title='bbox 1179 2571 1248 2622; x_wconf 89' lang='lat' dir='ltr'>banc</span> <span class='ocrx_word' id='word_1_85' title='bbox 1264 2574 1376 2626; x_wconf 87' lang='lat' dir='ltr'>satiram</span> 
     </span>
     <span class='ocr_line' id='line_1_13' title="bbox 287 2641 1378 2708; baseline 0.004 -13"><span class='ocrx_word' id='word_1_86' title='bbox 287 2647 316 2695; x_wconf 94' lang='lat' dir='ltr'>in</span> <span class='ocrx_word' id='word_1_87' title='bbox 332 2657 362 2695; x_wconf 89' lang='lat' dir='ltr'>sa</span> <span class='ocrx_word' id='word_1_88' title='bbox 379 2643 529 2706; x_wconf 87' lang='lat' dir='ltr'>satirasque</span> <span class='ocrx_word' id='word_1_89' title='bbox 547 2655 610 2694; x_wconf 88' lang='lat' dir='ltr'>suas</span> <span class='ocrx_word' id='word_1_90' title='bbox 628 2643 765 2707; x_wconf 88' lang='lat' dir='ltr'>iniquitate</span> <span class='ocrx_word' id='word_1_91' title='bbox 777 2643 814 2694; x_wconf 87' lang='lat' dir='ltr'>la·</span> <span class='ocrx_word' id='word_1_92' title='bbox 850 2641 1025 2693; x_wconf 85' lang='lat' dir='ltr'>dramatieam</span> <span class='ocrx_word' id='word_1_93' title='bbox 1043 2645 1148 2708; x_wconf 86' lang='lat' dir='ltr'>egregia</span> <span class='ocrx_word' id='word_1_94' title='bbox 1170 2646 1274 2708; x_wconf 89' lang='lat' dir='ltr'>tuetur,</span> <span class='ocrx_word' id='word_1_95' title='bbox 1301 2647 1378 2699; x_wconf 87' lang='lat' dir='ltr'>lasti-</span> 
     </span>
     <span class='ocr_line' id='line_1_14' title="bbox 288 2717 1384 2786; baseline 0.003 -17"><span class='ocrx_word' id='word_1_96' title='bbox 288 2719 356 2774; x_wconf 85' lang='lat' dir='ltr'>ciat,</span> <span class='ocrx_word' id='word_1_97' title='bbox 387 2717 479 2768; x_wconf 87' lang='lat' dir='ltr'>tamen</span> <span class='ocrx_word' id='word_1_98' title='bbox 507 2717 560 2768; x_wconf 88' lang='lat' dir='ltr'>hoe</span> <span class='ocrx_word' id='word_1_99' title='bbox 588 2729 687 2781; x_wconf 84' lang='lat' dir='ltr'>genera</span> <span class='ocrx_word' id='word_1_100' title='bbox 712 2721 813 2772; x_wconf 90' lang='lat' dir='ltr'>omisso</span> <span class='ocrx_word' id='word_1_101' title='bbox 848 2727 911 2768; x_wconf 84' lang='lat' dir='ltr'>vam</span> <span class='ocrx_word' id='word_1_102' title='bbox 928 2717 1016 2766; x_wconf 87' lang='lat' dir='ltr'>iuveni</span> <span class='ocrx_word' id='word_1_103' title='bbox 1033 2719 1284 2770; x_wconf 91' lang='lat' dir='ltr'>amicocautionem</span> <span class='ocrx_word' id='word_1_104' title='bbox 1298 2734 1384 2786; x_wconf 87' lang='lat' dir='ltr'>prae-</span> 
     </span>
     <span class='ocr_line' id='line_1_15' title="bbox 289 2791 1378 2859; baseline -0.003 -13"><span class='ocrx_word' id='word_1_105' title='bbox 289 2795 410 2846; x_wconf 88' lang='lat' dir='ltr'>Caesaris</span> <span class='ocrx_word' id='word_1_106' title='bbox 427 2793 585 2856; x_wconf 82' lang='lat' dir='ltr'>magestas,</span> <span class='ocrx_word' id='word_1_107' title='bbox 603 2794 743 2856; x_wconf 89' lang='lat' dir='ltr'>iustitiam,</span> <span class='ocrx_word' id='word_1_108' title='bbox 763 2796 814 2847; x_wconf 69' lang='lat' dir='ltr'>tor</span> <span class='ocrx_word' id='word_1_109' title='bbox 850 2791 1078 2855; x_wconf 85' lang='lat' dir='ltr'>scriptionemque</span> <span class='ocrx_word' id='word_1_110' title='bbox 1106 2793 1237 2858; x_wconf 82' lang='lat' dir='ltr'>praecipit</span> <span class='ocrx_word' id='word_1_111' title='bbox 1262 2795 1322 2859; x_wconf 83' lang='lat' dir='ltr'>(etr.</span> <span class='ocrx_word' id='word_1_112' title='bbox 1341 2795 1378 2847; x_wconf 89' lang='lat' dir='ltr'>ad</span> 
     </span>
     <span class='ocr_line' id='line_1_16' title="bbox 288 2867 1378 2933; baseline -0.001 -13"><span class='ocrx_word' id='word_1_113' title='bbox 288 2867 428 2920; x_wconf 89' lang='lat' dir='ltr'>titudinem</span> <span class='ocrx_word' id='word_1_114' title='bbox 437 2868 556 2918; x_wconf 85' lang='lat' dir='ltr'>carmine</span> <span class='ocrx_word' id='word_1_115' title='bbox 566 2868 643 2930; x_wconf 91' lang='lat' dir='ltr'>eplco</span> <span class='ocrx_word' id='word_1_116' title='bbox 650 2872 813 2933; x_wconf 82' lang='lat' dir='ltr'>panegyrico</span> <span class='ocrx_word' id='word_1_117' title='bbox 848 2879 875 2916; x_wconf 84' lang='lat' dir='ltr'>v.</span> <span class='ocrx_word' id='word_1_118' title='bbox 893 2867 942 2929; x_wconf 80' lang='grc'>5.),</span> <span class='ocrx_word' id='word_1_119' title='bbox 963 2879 1017 2916; x_wconf 75' lang='lat' dir='ltr'>ane</span> <span class='ocrx_word' id='word_1_120' title='bbox 1034 2879 1154 2930; x_wconf 87' lang='lat' dir='ltr'>unquam</span> <span class='ocrx_word' id='word_1_121' title='bbox 1170 2869 1242 2918; x_wconf 83' lang='lat' dir='ltr'>mulo</span> <span class='ocrx_word' id='word_1_122' title='bbox 1258 2871 1378 2920; x_wconf 70' lang='lat' dir='ltr'>conadae</span> 
     </span>
     <span class='ocr_line' id='line_1_17' title="bbox 288 2940 1376 3008; baseline 0.002 -16"><span class='ocrx_word' id='word_1_123' title='bbox 288 2940 444 3008; x_wconf 89' lang='lat' dir='ltr'>praedicare</span> <span class='ocrx_word' id='word_1_124' title='bbox 464 2940 584 2992; x_wconf 88' lang='lat' dir='ltr'>nondum</span> <span class='ocrx_word' id='word_1_125' title='bbox 596 2953 626 2992; x_wconf 86' lang='lat' dir='ltr'>se</span> <span class='ocrx_word' id='word_1_126' title='bbox 638 2942 738 2994; x_wconf 88' lang='lat' dir='ltr'>audere</span> <span class='ocrx_word' id='word_1_127' title='bbox 750 2944 815 2995; x_wconf 84' lang='lat' dir='ltr'>dax·</span> <span class='ocrx_word' id='word_1_128' title='bbox 850 2941 1021 3005; x_wconf 68' lang='lat' dir='ltr'>componat·</span> <span class='ocrx_word' id='word_1_129' title='bbox 1048 2953 1165 3005; x_wconf 81' lang='lat' dir='ltr'>eumque</span> <span class='ocrx_word' id='word_1_130' title='bbox 1190 2943 1217 2992; x_wconf 94' lang='lat' dir='ltr'>in</span> <span class='ocrx_word' id='word_1_131' title='bbox 1242 2956 1376 3006; x_wconf 87' lang='lat' dir='ltr'>generoso</span> 
     </span>
     <span class='ocr_line' id='line_1_18' title="bbox 289 3013 1378 3083; baseline 0.002 -16"><span class='ocrx_word' id='word_1_132' title='bbox 289 3017 398 3067; x_wconf 85' lang='lat' dir='ltr'>terrime</span> <span class='ocrx_word' id='word_1_133' title='bbox 427 3014 558 3078; x_wconf 85' lang='lat' dir='ltr'>significat</span> <span class='ocrx_word' id='word_1_134' title='bbox 582 3015 614 3079; x_wconf 78' lang='lat' dir='ltr'>(a</span> <span class='ocrx_word' id='word_1_135' title='bbox 637 3029 691 3080; x_wconf 87' lang='lat' dir='ltr'>quo</span> <span class='ocrx_word' id='word_1_136' title='bbox 714 3030 813 3081; x_wconf 87' lang='lat' dir='ltr'>genere</span> <span class='ocrx_word' id='word_1_137' title='bbox 850 3015 986 3080; x_wconf 91' lang='lat' dir='ltr'>proposito</span> <span class='ocrx_word' id='word_1_138' title='bbox 1004 3013 1153 3066; x_wconf 85' lang='lat' dir='ltr'>confirmat.</span> <span class='ocrx_word' id='word_1_139' title='bbox 1188 3016 1218 3067; x_wconf 86' lang='lat' dir='ltr'>ld</span> <span class='ocrx_word' id='word_1_140' title='bbox 1238 3029 1304 3068; x_wconf 87' lang='lat' dir='ltr'>sane</span> <span class='ocrx_word' id='word_1_141' title='bbox 1326 3031 1378 3083; x_wconf 89' lang='lat' dir='ltr'>per</span> 
     </span>
     <span class='ocr_line' id='line_1_19' title="bbox 288 3087 1378 3152; baseline 0 -10"><span class='ocrx_word' id='word_1_142' title='bbox 288 3103 354 3142; x_wconf 90' lang='lat' dir='ltr'>suae</span> <span class='ocrx_word' id='word_1_143' title='bbox 375 3089 455 3142; x_wconf 90' lang='lat' dir='ltr'>indoli</span> <span class='ocrx_word' id='word_1_144' title='bbox 476 3091 608 3141; x_wconf 84' lang='lat' dir='ltr'>contrario</span> <span class='ocrx_word' id='word_1_145' title='bbox 632 3093 740 3144; x_wconf 90' lang='lat' dir='ltr'>omnino</span> <span class='ocrx_word' id='word_1_146' title='bbox 763 3093 814 3144; x_wconf 93' lang='lat' dir='ltr'>ab-</span> <span class='ocrx_word' id='word_1_147' title='bbox 851 3101 881 3140; x_wconf 87' lang='lat' dir='ltr'>se</span> <span class='ocrx_word' id='word_1_148' title='bbox 898 3087 995 3152; x_wconf 87' lang='lat' dir='ltr'>liquet,</span> <span class='ocrx_word' id='word_1_149' title='bbox 1014 3089 1097 3138; x_wconf 87' lang='lat' dir='ltr'>totam</span> <span class='ocrx_word' id='word_1_150' title='bbox 1111 3088 1332 3142; x_wconf 88' lang='lat' dir='ltr'>consultationem</span> <span class='ocrx_word' id='word_1_151' title='bbox 1343 3091 1378 3142; x_wconf 82' lang='lat' dir='ltr'>fl·</span> 
     </span>
     <span class='ocr_line' id='line_1_20' title="bbox 288 3162 1378 3229; baseline 0.001 -15"><span class='ocrx_word' id='word_1_152' title='bbox 288 3164 444 3227; x_wconf 80' lang='lat' dir='ltr'>horrebat),</span> <span class='ocrx_word' id='word_1_153' title='bbox 471 3167 564 3216; x_wconf 90' lang='lat' dir='ltr'>eontra</span> <span class='ocrx_word' id='word_1_154' title='bbox 584 3167 611 3218; x_wconf 92' lang='lat' dir='ltr'>in</span> <span class='ocrx_word' id='word_1_155' title='bbox 632 3168 720 3220; x_wconf 86' lang='lat' dir='ltr'>satiris</span> <span class='ocrx_word' id='word_1_156' title='bbox 737 3179 814 3220; x_wconf 90' lang='lat' dir='ltr'>eom·</span> <span class='ocrx_word' id='word_1_157' title='bbox 851 3167 920 3214; x_wconf 89' lang='lat' dir='ltr'>ctam</span> <span class='ocrx_word' id='word_1_158' title='bbox 939 3175 1015 3222; x_wconf 88' lang='lat' dir='ltr'>esse;</span> <span class='ocrx_word' id='word_1_159' title='bbox 1039 3175 1135 3214; x_wconf 84' lang='lat' dir='ltr'>verum</span> <span class='ocrx_word' id='word_1_160' title='bbox 1151 3162 1229 3229; x_wconf 87' lang='lat' dir='ltr'>longa</span> <span class='ocrx_word' id='word_1_161' title='bbox 1246 3164 1378 3216; x_wconf 85' lang='lat' dir='ltr'>difficilior</span> 
     </span>
     <span class='ocr_line' id='line_1_21' title="bbox 288 3237 1377 3307; baseline -0.005 -17"><span class='ocrx_word' id='word_1_162' title='bbox 288 3239 432 3305; x_wconf 88' lang='lat' dir='ltr'>ponendis,</span> <span class='ocrx_word' id='word_1_163' title='bbox 456 3239 560 3301; x_wconf 90' lang='lat' dir='ltr'>Lucilii,</span> <span class='ocrx_word' id='word_1_164' title='bbox 583 3240 617 3291; x_wconf 89' lang='lat' dir='ltr'>de</span> <span class='ocrx_word' id='word_1_165' title='bbox 634 3256 689 3307; x_wconf 86' lang='lat' dir='ltr'>quo</span> <span class='ocrx_word' id='word_1_166' title='bbox 706 3245 814 3306; x_wconf 84' lang='lat' dir='ltr'>aequis·</span> <span class='ocrx_word' id='word_1_167' title='bbox 851 3239 893 3288; x_wconf 84' lang='lat' dir='ltr'>cst</span> <span class='ocrx_word' id='word_1_168' title='bbox 909 3237 1044 3300; x_wconf 77' lang='lat' dir='ltr'>quaestio,</span> <span class='ocrx_word' id='word_1_169' title='bbox 1063 3239 1154 3289; x_wconf 88' lang='lat' dir='ltr'>utrum</span> <span class='ocrx_word' id='word_1_170' title='bbox 1171 3239 1295 3290; x_wconf 76' lang='lat' dir='ltr'>Horatius</span> <span class='ocrx_word' id='word_1_171' title='bbox 1307 3240 1377 3291; x_wconf 75' lang='lat' dir='ltr'>adeo</span> 
     </span>
     <span class='ocr_line' id='line_1_22' title="bbox 289 3311 1377 3381; baseline 0.001 -16"><span class='ocrx_word' id='word_1_172' title='bbox 289 3315 357 3366; x_wconf 87' lang='lat' dir='ltr'>sime</span> <span class='ocrx_word' id='word_1_173' title='bbox 375 3312 485 3374; x_wconf 89' lang='lat' dir='ltr'>iudicat,</span> <span class='ocrx_word' id='word_1_174' title='bbox 505 3313 628 3378; x_wconf 85' lang='lat' dir='ltr'>exemplo</span> <span class='ocrx_word' id='word_1_175' title='bbox 646 3316 696 3366; x_wconf 92' lang='lat' dir='ltr'>sibi</span> <span class='ocrx_word' id='word_1_176' title='bbox 714 3330 811 3381; x_wconf 89' lang='lat' dir='ltr'>propo-</span> <span class='ocrx_word' id='word_1_177' title='bbox 851 3311 984 3363; x_wconf 76' lang='lat' dir='ltr'>familiaris</span> <span class='ocrx_word' id='word_1_178' title='bbox 1002 3311 1080 3362; x_wconf 89' lang='lat' dir='ltr'>luerit</span> <span class='ocrx_word' id='word_1_179' title='bbox 1096 3312 1225 3375; x_wconf 83' lang='lat' dir='ltr'>Trebatii,</span> <span class='ocrx_word' id='word_1_180' title='bbox 1244 3315 1274 3364; x_wconf 88' lang='lat' dir='ltr'>ut</span> <span class='ocrx_word' id='word_1_181' title='bbox 1284 3316 1377 3366; x_wconf 85' lang='lat' dir='ltr'>iocoso</span> 
     </span>
     <span class='ocr_line' id='line_1_23' title="bbox 289 3384 1378 3454; baseline 0.004 -18"><span class='ocrx_word' id='word_1_182' title='bbox 289 3387 355 3446; x_wconf 86' lang='lat' dir='ltr'>sito,</span> <span class='ocrx_word' id='word_1_183' title='bbox 381 3387 463 3435; x_wconf 89' lang='lat' dir='ltr'>etiam</span> <span class='ocrx_word' id='word_1_184' title='bbox 482 3386 654 3449; x_wconf 87' lang='lat' dir='ltr'>postmodum</span> <span class='ocrx_word' id='word_1_185' title='bbox 671 3401 702 3438; x_wconf 87' lang='lat' dir='ltr'>se</span> <span class='ocrx_word' id='word_1_186' title='bbox 719 3402 815 3454; x_wconf 88' lang='lat' dir='ltr'>perse-</span> <span class='ocrx_word' id='word_1_187' title='bbox 850 3400 915 3437; x_wconf 90' lang='lat' dir='ltr'>sene</span> <span class='ocrx_word' id='word_1_188' title='bbox 927 3384 1002 3436; x_wconf 84' lang='lat' dir='ltr'>tacite</span> <span class='ocrx_word' id='word_1_189' title='bbox 1015 3385 1041 3437; x_wconf 93' lang='lat' dir='ltr'>id</span> <span class='ocrx_word' id='word_1_190' title='bbox 1058 3387 1230 3450; x_wconf 87' lang='lat' dir='ltr'>permittente</span> <span class='ocrx_word' id='word_1_191' title='bbox 1242 3387 1378 3453; x_wconf 79' lang='lat' dir='ltr'>dialogum</span> 
     </span>
     <span class='ocr_line' id='line_1_24' title="bbox 288 3461 1377 3526; baseline 0.004 -16"><span class='ocrx_word' id='word_1_192' title='bbox 288 3462 461 3519; x_wconf 84' lang='lat' dir='ltr'>voraturum,</span> <span class='ocrx_word' id='word_1_193' title='bbox 495 3461 622 3523; x_wconf 87' lang='lat' dir='ltr'>quoniam</span> <span class='ocrx_word' id='word_1_194' title='bbox 650 3462 702 3512; x_wconf 89' lang='lat' dir='ltr'>boc</span> <span class='ocrx_word' id='word_1_195' title='bbox 729 3476 814 3526; x_wconf 89' lang='lat' dir='ltr'>genus</span> <span class='ocrx_word' id='word_1_196' title='bbox 851 3461 923 3510; x_wconf 90' lang='lat' dir='ltr'>bunc</span> <span class='ocrx_word' id='word_1_197' title='bbox 947 3461 1152 3526; x_wconf 84' lang='lat' dir='ltr'>conscripserit,</span> <span class='ocrx_word' id='word_1_198' title='bbox 1181 3476 1214 3513; x_wconf 97' lang='lat' dir='ltr'>an</span> <span class='ocrx_word' id='word_1_199' title='bbox 1242 3463 1315 3514; x_wconf 90' lang='lat' dir='ltr'>baud</span> <span class='ocrx_word' id='word_1_200' title='bbox 1340 3465 1377 3514; x_wconf 85' lang='lat' dir='ltr'>ita</span> 
     </span>
    </p>
   </div>
   <div class='ocr_carea' id='block_1_7' title="bbox 189 3533 1377 3599">
    <p class='ocr_par' dir='ltr' id='par_1_7' title="bbox 189 3533 1377 3599">
     <span class='ocr_line' id='line_1_25' title="bbox 189 3533 1377 3599; baseline 0.003 -15"><span class='ocrx_word' id='word_1_201' title='bbox 189 3557 190 3566; x_wconf 25' lang='grc' dir='ltr'><strong>κ</strong></span> <span class='ocrx_word' id='word_1_202' title='bbox 289 3546 355 3584; x_wconf 88' lang='lat' dir='ltr'>suae</span> <span class='ocrx_word' id='word_1_203' title='bbox 376 3533 486 3584; x_wconf 89' lang='lat' dir='ltr'>naturae</span> <span class='ocrx_word' id='word_1_204' title='bbox 509 3535 625 3584; x_wconf 81' lang='lat' dir='ltr'>maxima</span> <span class='ocrx_word' id='word_1_205' title='bbox 648 3536 682 3586; x_wconf 82' lang='lat' dir='ltr'>eit</span> <span class='ocrx_word' id='word_1_206' title='bbox 699 3549 815 3588; x_wconf 88' lang='lat' dir='ltr'>eonsen-</span> <span class='ocrx_word' id='word_1_207' title='bbox 851 3535 896 3586; x_wconf 90' lang='lat' dir='ltr'>dtu</span> <span class='ocrx_word' id='word_1_208' title='bbox 911 3536 971 3599; x_wconf 92' lang='lat' dir='ltr'>post</span> <span class='ocrx_word' id='word_1_209' title='bbox 983 3535 1055 3585; x_wconf 89' lang='lat' dir='ltr'>senis</span> <span class='ocrx_word' id='word_1_210' title='bbox 1068 3535 1193 3587; x_wconf 88' lang='lat' dir='ltr'>omnibns</span> <span class='ocrx_word' id='word_1_211' title='bbox 1205 3539 1260 3588; x_wconf 90' lang='lat' dir='ltr'>noti</span> <span class='ocrx_word' id='word_1_212' title='bbox 1272 3536 1377 3588; x_wconf 90' lang='lat' dir='ltr'>obitum</span> 
     </span>
    </p>
   </div>
   <div class='ocr_carea' id='block_1_8' title="bbox 289 3607 1378 4346">
    <p class='ocr_par' dir='ltr' id='par_1_8' title="bbox 289 3607 1378 4121">
     <span class='ocr_line' id='line_1_26' title="bbox 289 3607 1377 3675; baseline 0.001 -14"><span class='ocrx_word' id='word_1_213' title='bbox 289 3612 407 3661; x_wconf 65' lang='lat' dir='ltr'>uncum.</span> <span class='ocrx_word' id='word_1_214' title='bbox 435 3607 576 3670; x_wconf 76' lang='lat' dir='ltr'>avarum»,</span> <span class='ocrx_word' id='word_1_215' title='bbox 594 3608 691 3672; x_wconf 85' lang='lat' dir='ltr'>inquit,</span> <span class='ocrx_word' id='word_1_216' title='bbox 711 3611 814 3675; x_wconf 80' lang='lat' dir='ltr'>«inpo-</span> <span class='ocrx_word' id='word_1_217' title='bbox 851 3609 908 3659; x_wconf 89' lang='lat' dir='ltr'>eius</span> <span class='ocrx_word' id='word_1_218' title='bbox 924 3621 1040 3672; x_wconf 84' lang='lat' dir='ltr'>persona</span> <span class='ocrx_word' id='word_1_219' title='bbox 1060 3610 1095 3660; x_wconf 86' lang='lat' dir='ltr'>ita</span> <span class='ocrx_word' id='word_1_220' title='bbox 1107 3611 1142 3661; x_wconf 89' lang='lat' dir='ltr'>sit</span> <span class='ocrx_word' id='word_1_221' title='bbox 1158 3624 1238 3673; x_wconf 89' lang='lat' dir='ltr'>usus,</span> <span class='ocrx_word' id='word_1_222' title='bbox 1257 3610 1291 3661; x_wconf 95' lang='lat' dir='ltr'>ad</span> <span class='ocrx_word' id='word_1_223' title='bbox 1303 3611 1377 3675; x_wconf 83' lang='lat' dir='ltr'>quod</span> 
     </span>
     <span class='ocr_line' id='line_1_27' title="bbox 289 3681 1374 3748; baseline -0.001 -12"><span class='ocrx_word' id='word_1_224' title='bbox 289 3687 392 3736; x_wconf 83' lang='lat' dir='ltr'>aterum</span> <span class='ocrx_word' id='word_1_225' title='bbox 414 3683 440 3733; x_wconf 89' lang='lat' dir='ltr'>in</span> <span class='ocrx_word' id='word_1_226' title='bbox 463 3695 510 3733; x_wconf 91' lang='lat' dir='ltr'>eos</span> <span class='ocrx_word' id='word_1_227' title='bbox 527 3681 665 3734; x_wconf 80' lang='lat' dir='ltr'>dumtaxat</span> <span class='ocrx_word' id='word_1_228' title='bbox 689 3685 812 3748; x_wconf 86' lang='lat' dir='ltr'>invehar,</span> <span class='ocrx_word' id='word_1_229' title='bbox 850 3683 938 3746; x_wconf 88' lang='lat' dir='ltr'>potius</span> <span class='ocrx_word' id='word_1_230' title='bbox 950 3683 1122 3734; x_wconf 89' lang='lat' dir='ltr'>statuendum</span> <span class='ocrx_word' id='word_1_231' title='bbox 1139 3683 1248 3735; x_wconf 86' lang='lat' dir='ltr'>inclinat</span> <span class='ocrx_word' id='word_1_232' title='bbox 1259 3685 1374 3735; x_wconf 90' lang='lat' dir='ltr'>animus.</span> 
     </span>
     <span class='ocr_line' id='line_1_28' title="bbox 289 3756 1377 3823; baseline -0.001 -14"><span class='ocrx_word' id='word_1_233' title='bbox 289 3759 335 3823; x_wconf 87' lang='lat' dir='ltr'>qul</span> <span class='ocrx_word' id='word_1_234' title='bbox 347 3771 390 3808; x_wconf 91' lang='lat' dir='ltr'>me</span> <span class='ocrx_word' id='word_1_235' title='bbox 402 3756 471 3808; x_wconf 91' lang='lat' dir='ltr'>ultro</span> <span class='ocrx_word' id='word_1_236' title='bbox 480 3757 598 3822; x_wconf 74' lang='lat' dir='ltr'>aggressi</span> <span class='ocrx_word' id='word_1_237' title='bbox 611 3757 735 3818; x_wconf 77' lang='lat' dir='ltr'>luerint;=</span> <span class='ocrx_word' id='word_1_238' title='bbox 749 3773 815 3823; x_wconf 85' lang='lat' dir='ltr'>quo-</span> <span class='ocrx_word' id='word_1_239' title='bbox 851 3758 952 3821; x_wconf 88' lang='lat' dir='ltr'>Soripta</span> <span class='ocrx_word' id='word_1_240' title='bbox 970 3757 1039 3808; x_wconf 90' lang='lat' dir='ltr'>baec</span> <span class='ocrx_word' id='word_1_241' title='bbox 1050 3759 1132 3808; x_wconf 88' lang='lat' dir='ltr'>Satira</span> <span class='ocrx_word' id='word_1_242' title='bbox 1144 3759 1251 3809; x_wconf 83' lang='lat' dir='ltr'>videtur</span> <span class='ocrx_word' id='word_1_243' title='bbox 1266 3759 1377 3810; x_wconf 83' lang='lat' dir='ltr'>Frankio</span> 
     </span>
     <span class='ocr_line' id='line_1_29' title="bbox 291 3830 1377 3897; baseline 0 -13"><span class='ocrx_word' id='word_1_244' title='bbox 291 3847 352 3884; x_wconf 88' lang='lat' dir='ltr'>rum</span> <span class='ocrx_word' id='word_1_245' title='bbox 369 3832 737 3897; x_wconf 87' lang='lat' dir='ltr'>hacipsaoccasioneoblata</span> <span class='ocrx_word' id='word_1_246' title='bbox 750 3847 816 3886; x_wconf 86' lang='lat' dir='ltr'>non·</span> <span class='ocrx_word' id='word_1_247' title='bbox 851 3833 879 3882; x_wconf 89' lang='lat' dir='ltr'>el</span> <span class='ocrx_word' id='word_1_248' title='bbox 900 3830 1070 3882; x_wconf 82' lang='lat' dir='ltr'>Grotalendio</span> <span class='ocrx_word' id='word_1_249' title='bbox 1093 3845 1117 3881; x_wconf 86' lang='lat' dir='ltr'>a.</span> <span class='ocrx_word' id='word_1_250' title='bbox 1137 3845 1164 3883; x_wconf 92' lang='lat' dir='ltr'>u.</span> <span class='ocrx_word' id='word_1_251' title='bbox 1183 3846 1207 3883; x_wconf 89' lang='lat' dir='ltr'>e.</span> <span class='ocrx_word' id='word_1_252' title='bbox 1226 3831 1295 3894; x_wconf 74' lang='lat' dir='ltr'>tal..</span> <span class='ocrx_word' id='word_1_253' title='bbox 1319 3830 1377 3884; x_wconf 87' lang='lat' dir='ltr'>aliis</span> 
     </span>
     <span class='ocr_line' id='line_1_30' title="bbox 289 3904 1378 3972; baseline 0.001 -14"><span class='ocrx_word' id='word_1_254' title='bbox 289 3906 375 3959; x_wconf 91' lang='lat' dir='ltr'>nullos</span> <span class='ocrx_word' id='word_1_255' title='bbox 392 3909 489 3958; x_wconf 86' lang='lat' dir='ltr'>aeriter</span> <span class='ocrx_word' id='word_1_256' title='bbox 505 3905 618 3958; x_wconf 88' lang='lat' dir='ltr'>vellicat.</span> <span class='ocrx_word' id='word_1_257' title='bbox 654 3906 746 3958; x_wconf 74' lang='lat' dir='ltr'>u&#39;lales</span> <span class='ocrx_word' id='word_1_258' title='bbox 765 3921 814 3958; x_wconf 90' lang='lat' dir='ltr'>au·</span> <span class='ocrx_word' id='word_1_259' title='bbox 851 3920 875 3958; x_wconf 93' lang='lat' dir='ltr'>a.</span> <span class='ocrx_word' id='word_1_260' title='bbox 895 3907 952 3956; x_wconf 69' lang='lat'>726,</span> <span class='ocrx_word' id='word_1_261' title='bbox 987 3905 1086 3955; x_wconf 91' lang='lat' dir='ltr'>Verum</span> <span class='ocrx_word' id='word_1_262' title='bbox 1105 3904 1146 3955; x_wconf 91' lang='lat' dir='ltr'>illa</span> <span class='ocrx_word' id='word_1_263' title='bbox 1160 3907 1228 3958; x_wconf 90' lang='lat' dir='ltr'>ratio</span> <span class='ocrx_word' id='word_1_264' title='bbox 1245 3905 1323 3972; x_wconf 88' lang='lat' dir='ltr'>longe</span> <span class='ocrx_word' id='word_1_265' title='bbox 1336 3921 1378 3959; x_wconf 87' lang='lat' dir='ltr'>re-</span> 
     </span>
     <span class='ocr_line' id='line_1_31' title="bbox 290 3979 1377 4046; baseline 0.002 -14"><span class='ocrx_word' id='word_1_266' title='bbox 290 3985 346 4032; x_wconf 89' lang='lat' dir='ltr'>tem</span> <span class='ocrx_word' id='word_1_267' title='bbox 357 3979 520 4032; x_wconf 76' lang='lat' dir='ltr'>nebulones·</span> <span class='ocrx_word' id='word_1_268' title='bbox 538 3982 647 4046; x_wconf 76' lang='lat' dir='ltr'>(pergit,</span> <span class='ocrx_word' id='word_1_269' title='bbox 666 3985 813 4033; x_wconf 85' lang='lat' dir='ltr'>memorata</span> <span class='ocrx_word' id='word_1_270' title='bbox 851 3985 919 4034; x_wconf 87' lang='lat' dir='ltr'>otior</span> <span class='ocrx_word' id='word_1_271' title='bbox 935 3984 989 4042; x_wconf 90' lang='lat' dir='ltr'>est,</span> <span class='ocrx_word' id='word_1_272' title='bbox 1014 3993 1046 4031; x_wconf 85' lang='lat' dir='ltr'>ex</span> <span class='ocrx_word' id='word_1_273' title='bbox 1064 3994 1117 4044; x_wconf 84' lang='lat' dir='ltr'>qua</span> <span class='ocrx_word' id='word_1_274' title='bbox 1140 3982 1219 4033; x_wconf 91' lang='lat' dir='ltr'>huius</span> <span class='ocrx_word' id='word_1_275' title='bbox 1236 3981 1296 4034; x_wconf 92' lang='lat' dir='ltr'>libri</span> <span class='ocrx_word' id='word_1_276' title='bbox 1313 3986 1377 4034; x_wconf 86' lang='lat' dir='ltr'>tnnc</span> 
     </span>
     <span class='ocr_line' id='line_1_32' title="bbox 290 4051 1228 4121; baseline -0.003 -13"><span class='ocrx_word' id='word_1_277' title='bbox 290 4054 379 4108; x_wconf 83' lang='lat' dir='ltr'>Lucilii</span> <span class='ocrx_word' id='word_1_278' title='bbox 396 4068 459 4106; x_wconf 89' lang='lat' dir='ltr'>cum</span> <span class='ocrx_word' id='word_1_279' title='bbox 476 4057 598 4121; x_wconf 86' lang='lat' dir='ltr'>Scipione</span> <span class='ocrx_word' id='word_1_280' title='bbox 615 4059 643 4107; x_wconf 91' lang='lat' dir='ltr'>et</span> <span class='ocrx_word' id='word_1_281' title='bbox 660 4054 748 4108; x_wconf 87' lang='lat' dir='ltr'>Laelio</span> <span class='ocrx_word' id='word_1_282' title='bbox 765 4071 815 4108; x_wconf 91' lang='lat' dir='ltr'>ne-</span> <span class='ocrx_word' id='word_1_283' title='bbox 852 4056 915 4108; x_wconf 90' lang='lat' dir='ltr'>editi</span> <span class='ocrx_word' id='word_1_284' title='bbox 932 4055 1007 4119; x_wconf 83' lang='lat' dir='ltr'>qnasi</span> <span class='ocrx_word' id='word_1_285' title='bbox 1025 4051 1150 4119; x_wconf 76' lang='lat' dir='ltr'>prologus</span> <span class='ocrx_word' id='word_1_286' title='bbox 1168 4058 1228 4106; x_wconf 78' lang='lat' dir='ltr'>erit,</span> 
     </span>
    </p>

    <p class='ocr_par' dir='ltr' id='par_1_9' title="bbox 290 4127 1377 4346">
     <span class='ocr_line' id='line_1_33' title="bbox 290 4127 1377 4197; baseline 0 -15"><span class='ocrx_word' id='word_1_287' title='bbox 290 4127 452 4182; x_wconf 87' lang='lat' dir='ltr'>cessitudine</span> <span class='ocrx_word' id='word_1_288' title='bbox 477 4129 518 4181; x_wconf 84' lang='lat' dir='ltr'>vel</span> <span class='ocrx_word' id='word_1_289' title='bbox 545 4133 656 4197; x_wconf 94' lang='lat' dir='ltr'>propter</span> <span class='ocrx_word' id='word_1_290' title='bbox 679 4143 815 4182; x_wconf 87' lang='lat' dir='ltr'>summam</span> <span class='ocrx_word' id='word_1_291' title='bbox 885 4129 940 4180; x_wconf 85' lang='lat' dir='ltr'>t-t.</span> <span class='ocrx_word' id='word_1_292' title='bbox 959 4129 1023 4180; x_wconf 82' lang='lat' dir='ltr'>Sunt</span> <span class='ocrx_word' id='word_1_293' title='bbox 1039 4129 1283 4192; x_wconf 57' lang='lat' dir='ltr'>quibam-uideor]</span> <span class='ocrx_word' id='word_1_294' title='bbox 1304 4131 1377 4182; x_wconf 88' lang='lat' dir='ltr'>llaec</span> 
     </span>
     <span class='ocr_line' id='line_1_34' title="bbox 290 4201 1376 4270; baseline 0 -14"><span class='ocrx_word' id='word_1_295' title='bbox 290 4203 359 4256; x_wconf 90' lang='lat' dir='ltr'>illius</span> <span class='ocrx_word' id='word_1_296' title='bbox 381 4201 532 4254; x_wconf 87' lang='lat' dir='ltr'>libertatem</span> <span class='ocrx_word' id='word_1_297' title='bbox 550 4218 687 4270; x_wconf 89' lang='lat' dir='ltr'>nunquam</span> <span class='ocrx_word' id='word_1_298' title='bbox 704 4205 813 4270; x_wconf 64' lang='lat' dir='ltr'>dissntm</span> <span class='ocrx_word' id='word_1_299' title='bbox 851 4205 1012 4255; x_wconf 85' lang='lat' dir='ltr'>constructio</span> <span class='ocrx_word' id='word_1_300' title='bbox 1030 4204 1137 4254; x_wconf 86' lang='lat' dir='ltr'>Horatio</span> <span class='ocrx_word' id='word_1_301' title='bbox 1154 4203 1229 4256; x_wconf 86' lang='lat' dir='ltr'>solita</span> <span class='ocrx_word' id='word_1_302' title='bbox 1241 4204 1267 4255; x_wconf 92' lang='lat' dir='ltr'>b.</span> <span class='ocrx_word' id='word_1_303' title='bbox 1281 4202 1298 4255; x_wconf 89' lang='lat' dir='ltr'>l.</span> <span class='ocrx_word' id='word_1_304' title='bbox 1312 4207 1376 4257; x_wconf 69' lang='lat' dir='ltr'>sads</span> 
     </span>
     <span class='ocr_line' id='line_1_35' title="bbox 291 4276 1374 4346; baseline 0.006 -22"><span class='ocrx_word' id='word_1_305' title='bbox 291 4277 354 4330; x_wconf 78' lang='lat' dir='ltr'>«nbi</span> <span class='ocrx_word' id='word_1_306' title='bbox 365 4277 556 4341; x_wconf 85' lang='lat' dir='ltr'>perstrinxero,</span> <span class='ocrx_word' id='word_1_307' title='bbox 575 4291 713 4344; x_wconf 87' lang='lat' dir='ltr'>nunqnam</span> <span class='ocrx_word' id='word_1_308' title='bbox 724 4279 815 4346; x_wconf 85' lang='lat' dir='ltr'>prola·</span> <span class='ocrx_word' id='word_1_309' title='bbox 852 4277 932 4330; x_wconf 71' lang='lat' dir='ltr'>edam</span> <span class='ocrx_word' id='word_1_310' title='bbox 949 4291 964 4328; x_wconf 87' lang='lat' dir='ltr'>a</span> <span class='ocrx_word' id='word_1_311' title='bbox 983 4276 1068 4330; x_wconf 87' lang='lat' dir='ltr'>codd.</span> <span class='ocrx_word' id='word_1_312' title='bbox 1085 4277 1215 4332; x_wconf 86' lang='lat' dir='ltr'>firmatur.</span> <span class='ocrx_word' id='word_1_313' title='bbox 1251 4278 1304 4331; x_wconf 84' lang='lat' dir='ltr'>cir.</span> <span class='ocrx_word' id='word_1_314' title='bbox 1321 4281 1374 4331; x_wconf 85' lang='lat' dir='ltr'>sat.</span> 
     </span>
    </p>
   </div>
   <div class='ocr_carea' id='block_1_9' title="bbox 0 0 1564 4968">
    <p class='ocr_par' dir='ltr' id='par_1_10' title="bbox 0 0 1564 4968">
     <span class='ocr_line' id='line_1_36' title="bbox 0 0 1564 4968; baseline 0 0"><span class='ocrx_word' id='word_1_315' title='bbox 0 0 1564 4968; x_wconf 95' lang='lat' dir='ltr'> </span> 
     </span>
    </p>
   </div>
  </div>
 </body>
</html>
