3192 4974
271 441 334 506 380
630 443 759 494 nonani
777 441 1001 503 anissoninvu

315 601 370 666 list
392 600 517 666 animus
541 598 612 674 tibi,
637 609 711 664 sunt
732 619 841 664 mores
864 609 896 664 et
917 596 1027 685 lingua
1049 595 1212 685 fidesque,

337 790 378 840 57.
397 789 437 839 ts.
457 789 565 839 inverso
583 787 675 838 ordine
693 789 743 850 dE,
762 790 863 839 Veneta
882 788 970 849 ii8i.,
990 789 1048 838 Ltli.
1066 789 1226 839 Nostrorum
1243 789 1327 840 Codd.
1434 789 1440 804 ⁸

304 862 341 913 bs
358 861 481 913 ordinem
499 861 624 927 praetulit
641 863 694 913 iam
711 863 854 927 cruquius.
891 863 927 924 (In
944 879 961 912 ν
978 875 1072 913 versus
1089 863 1130 912 liti.
1149 863 1219 912 inter
1235 877 1329 915 versus

305 938 333 987 64
354 939 381 986 et
398 938 438 988 62.
459 938 561 1001 positus
579 938 639 1000 est.)
660 962 687 973 -
707 942 730 988 ct
747 938 835 1002 linquo
854 937 950 1002 deEp
973 940 1000 988 et
1021 949 1116 988 omnes
1138 938 1268 989 Pottierii:
1294 943 1329 988 est

304 1012 392 1075 linqua
409 1025 424 1062 e
443 1011 527 1062 Codd.
548 1013 626 1074 (inter
642 1026 710 1076 quos
728 1011 795 1062 alter
812 1011 920 1075 collegii
941 1012 1080 1074 Trinitatis)
1104 1011 1252 1073 Bentleius,
1274 1013 1328 1064 oni.

271 1183 335 1231 cline
352 1181 434 1244 telos.)
462 1181 516 1231 Nisi
534 1181 622 1230 omnia
635 1193 679 1231 me
696 1179 796 1240 iallunt,
838 1193 883 1230 mo
908 1180 977 1230 inter
1002 1179 1197 1230 numerandam
1220 1181 1363 1244 pecuniam

271 1268 366 1306 versus
388 1253 456 1304 illius
478 1254 549 1304 bene
571 1255 667 1305 tornad
691 1253 798 1304 fortuito
837 1253 1046 1313 defraudentur,
1079 1253 1195 1319 ideoque
1222 1267 1275 1305 non
1304 1255 1361 1306 sine

273 1331 297 1379 ei
314 1329 427 1380 venitin
439 1331 570 1389 mentem,
590 1341 644 1392 quo
656 1327 799 1392 aliquando
837 1327 960 1378 molestia
977 1329 1027 1393 ipsi
1044 1327 1144 1380 locarius
1161 1330 1276 1393 gestent.
1310 1330 1361 1379 Ve-

273 1405 459 1455 centnrionum
487 1404 684 1454 Venusinorum
713 1402 796 1464 iiiios,
837 1415 898 1454 rum
916 1415 1004 1453 nonne
1022 1402 1074 1452 hoc
1092 1403 1204 1454 nimium
1221 1416 1253 1456 ac
1271 1404 1313 1452 vix
1328 1403 1363 1455 de

273 1477 399 1543 aequales
430 1491 508 1541 suos,
544 1479 569 1528 in
599 1477 677 1528 Flavii
705 1477 799 1529 ludum
836 1476 940 1528 ludaeis
978 1476 1173 1529 feneratoribus
1211 1477 1363 1529 credibile?

272 1567 335 1604 cum
352 1555 434 1614 irent,
453 1551 529 1604 nullis
542 1553 668 1617 capsariis
683 1553 715 1604 iis
727 1551 799 1602 locu·
837 1551 898 1601 Mihi
915 1551 1025 1615 quidem
1037 1551 1105 1603 haec
1116 1551 1214 1613 verba,
1233 1552 1271 1602 uti
1283 1565 1364 1618 praa-

272 1628 312 1679 los
339 1625 480 1690 (librorum
505 1629 667 1692 chartaeque
693 1627 798 1691 stiliqua
837 1625 959 1676 cedentia
984 1627 1099 1676 recinunt
1124 1627 1234 1688 dictato,
1262 1628 1363 1690 tropice

272 1703 437 1766 repositoria)
455 1703 638 1766 portantibus,
661 1703 709 1754 sed
727 1704 799 1767 ipsos
836 1701 897 1748 κατ’
923 1701 1069 1772 εἰρωνείαν
1095 1699 1251 1764 accipienda
1274 1702 1363 1765 potius

272 1777 339 1827 haec
351 1775 459 1841 puerilis
469 1775 623 1842 disciplinae
634 1777 799 1828 instrumen-
837 1774 978 1825 videntur:
1009 1775 1150 1825 «Proiecto
1179 1777 1263 1825 totam
1292 1775 1362 1826 hanc

272 1853 299 1902 ta
317 1853 465 1916 gestantes,
492 1853 585 1904 iestive
608 1853 796 1917 descripserat.
836 1850 1019 1900 usurariorum
1042 1849 1177 1900 nationem
1199 1861 1261 1899 oum
1282 1849 1364 1899 disci-

271 1928 328 1978 lam
351 1940 414 1978 cnm
439 1927 507 1977 haec
530 1929 619 1992 imago
644 1941 740 1979 senum
766 1939 798 1976 ac
837 1925 906 1991 pulis
929 1926 1130 1990 quodammodo
1153 1927 1363 1991 comparandam

273 2001 398 2052 iuvenum
416 2001 450 2052 ad
475 2003 568 2053 Ionum
585 2003 705 2053 medium
727 2000 799 2052 velut
838 2002 923 2064 duco,
950 2000 1043 2066 quales
1065 2015 1115 2065 ego
1140 2003 1167 2052 in
1193 2003 1277 2067 patria
1301 1999 1363 2052 olim

272 2077 299 2126 in
317 2075 407 2128 schola
430 2075 511 2127 ialsae
533 2078 677 2140 sapientiae
700 2076 798 2126 dictata
837 2077 890 2127 vidi
908 2080 977 2127 cet.»
1007 2077 1133 2128 Ceterum
1151 2077 1177 2126 h.
1195 2075 1212 2127 l.
1230 2078 1364 2127 Herman-

159 2175 163 2193 =
273 2151 399 2214 magistro
416 2151 586 2201 reddentium
604 2153 627 2202 ei
649 2155 709 2201 unte
732 2164 799 2201 ocu·
838 2165 888 2204 nus
905 2152 947 2202 his
964 2151 1095 2204 inlocalis
1108 2150 1364 2204 nonoalculoscon-

272 2223 312 2276 los
337 2229 502 2288 versaretur,
530 2227 620 2276 statim
641 2225 705 2276 vidit
730 2237 798 2275 nova
838 2227 907 2278 ditos
930 2239 1007 2289 esse,
1034 2225 1083 2277 sed
1110 2229 1252 2291 pecuniam
1278 2227 1363 2291 ipsam

273 2299 324 2350 hac
346 2304 373 2350 et
394 2299 487 2350 callida
512 2301 632 2350 iunctura
655 2301 797 2363 imaginem
837 2303 911 2350 recte
930 2301 1028 2350 statuit.
1064 2303 1107 2351 Sic
1118 2305 1208 2352 autem
1226 2301 1252 2352 h.
1265 2299 1282 2351 Ι.
1295 2303 1364 2352 inter

273 2372 344 2424 illam
362 2375 397 2424 ita
415 2373 529 2435 absolvi,
553 2373 616 2424 nihil
634 2379 664 2424 ut
680 2374 799 2426 iestivius
838 2387 868 2425 se
886 2377 963 2439 aptae
981 2377 1044 2426 sunt
1060 2377 1222 2426 sententiae:
1247 2379 1364 2440 ahrgen·

273 2451 392 2514 magisve
409 2450 551 2502 ridiculum
569 2453 711 2516 excogitari
734 2465 800 2516 pos·
838 2450 909 2512 tarii,
936 2450 1001 2499 dum
1024 2450 1100 2501 lenus
1122 2463 1201 2502 snum
1223 2452 1362 2510 exercent,

273 2527 323 2576 set.
352 2523 544 2577 admirabilem
565 2528 634 2578 hanc
651 2527 732 2578 veluti
757 2529 799 2592 pi·
838 2521 919 2574 veluti
935 2523 1034 2573 docent
1050 2536 1145 2575 omues
1163 2523 1280 2588 reliquos
1291 2526 1364 2576 cives

274 2603 378 2651 cturam
396 2601 593 2664 deformant,
621 2604 710 2666 etqui
728 2602 800 2652 hunc
839 2611 963 2648 nummos
975 2601 1036 2648 unte
1052 2600 1176 2649 virtutem
1195 2598 1364 2662 quaerendos

273 2687 299 2724 v.
322 2679 511 2738 resecuerunt,
539 2680 566 2726 et
591 2679 635 2742 qui
661 2679 801 2742 proposuit
838 2685 914 2732 esse;
933 2672 1014 2724 talem
1032 2673 1179 2723 doctrinam
1193 2673 1365 2737 cupidearri·

273 2763 388 2812 meapte
410 2755 433 2800 44
455 2753 550 2814 Laevo,
577 2757 606 2802 ut
629 2754 719 2804 essent
745 2756 799 2803 tres
837 2749 941 2812 pientes
964 2751 992 2798 et
1015 2749 1127 2798 iuvenes
1151 2751 1178 2798 et
1199 2761 1278 2799 senes
1296 2749 1364 2799 haec

273 2827 388 2887 aetates,
402 2829 488 2890 pueri,
501 2828 622 2888 iuvenes,
635 2841 729 2887 senes,
750 2840 800 2877 nec
838 2825 976 2886 tamquam
993 2820 1114 2886 discipuli
1127 2823 1253 2885 magistro
1266 2821 1363 2872 dictata

274 2900 362 2950 minus
380 2913 395 2950 a
411 2914 477 2950 vero
499 2901 637 2964 aberrant,
665 2903 710 2966 qui
735 2915 800 2966 pro·
838 2897 970 2961 reddunt,
992 2911 1023 2948 uo
1040 2898 1160 2962 proiecto
1177 2899 1242 2948 mihi
1259 2911 1364 2962 nequa-

274 2975 330 3038 prie
343 2973 474 3039 explicant
486 2975 520 3026 de
533 2976 649 3039 civibus,
669 2977 723 3040 qui,
738 2989 799 3026 cum
838 2987 919 3038 quam
945 2973 1043 3024 diversi
1069 2973 1193 3023 videntur
1209 2987 1225 3024 a
1246 2973 1364 3038 puerulis

274 3050 378 3111 negotia
394 3052 547 3113 pecuniaria
565 3063 627 3101 cum
645 3053 800 3115 argentariis
838 3051 864 3100 in
888 3047 981 3100 ludum
1003 3047 1158 3099 litterarium
1176 3061 1191 3097 a
1209 3049 1364 3113 paedagogo

273 3122 418 3186 haberent,
442 3125 494 3174 hoo
514 3125 572 3190 ipso
590 3123 696 3186 habitu,
724 3124 800 3176 laevo
839 3124 973 3184 deductis,
995 3135 1062 3187 qnos
1080 3121 1143 3173 olim
1160 3124 1199 3173 sic
1217 3123 1361 3188 descripsi:

274 3195 385 3248 brachio
403 3197 522 3251 tabulam
540 3203 566 3250 et
583 3199 684 3251 loculos
697 3203 801 3264 gestan·
838 3201 920 3250 laevo
932 3200 1001 3249 cet.»
1015 3195 1146 3262 (Similiter
1158 3199 1214 3262 ipse
1226 3210 1289 3248 suos
1303 3210 1366 3249 ver-

274 3273 315 3323 tes
333 3271 367 3323 ad
384 3272 488 3324 illorum
506 3287 613 3326 mensas
626 3277 798 3326 accesserint:
839 3289 885 3328 sus
903 3275 1008 3339 repetiit
1025 3274 1148 3324 lloratius
1166 3275 1219 3323 Sat.
1235 3274 1258 3336 4,
1278 3273 1303 3336 2,
1323 3273 1362 3323 43.

275 3360 337 3398 nam
354 3347 389 3399 ad
405 3347 467 3398 talia
484 3351 613 3413 portanda
624 3349 701 3401 liberi
712 3353 801 3402 homi-
838 3352 866 3400 et
882 3351 911 3400 Α.
932 3351 959 3400 P.
978 3348 1035 3400 iai.
1054 3349 1107 3398 Sat.
1123 3350 1153 3410 4,
1171 3349 1200 3410 3,
1219 3349 1260 3397 27.
1285 3349 1313 3397 et
1330 3349 1361 3408 4,

275 3437 322 3474 nes
335 3425 362 3473 et
372 3424 509 3487 pecuniosi
520 3437 613 3476 servos
625 3425 798 3477 adhibebant.
838 3423 866 3486 4,
885 3424 926 3474 lii.
956 3422 1022 3473 ibid.
1036 3424 1066 3484 3,
1086 3423 1113 3484 3,
1133 3421 1191 3472 463.
1210 3425 1237 3472 et
1255 3422 1360 3486 lippi,

274 3499 463 3562 Dignissimus,
490 3501 536 3563 qui
559 3499 593 3550 de
611 3501 638 3550 h.
660 3500 677 3551 l.
698 3500 801 3565 legatur
838 3498 866 3558 6,
885 3499 926 3549 28.
950 3497 1025 3563 [Epp.
1040 3499 1068 3558 4,
1089 3497 1132 3557 44,
1151 3496 1192 3549 34.
1213 3501 1240 3547 et
1257 3496 1360 3562 lippi,

275 3573 356 3624 estC.
370 3573 397 3623 F.
411 3573 720 3639 HermennusinProgr.
734 3577 801 3626 llar-
840 3573 883 3633 48,
902 3571 954 3636 tlh]
972 3571 1064 3632 Odi,
1085 3572 1129 3632 itt,
1149 3573 1172 3622 4.
1191 3573 1219 3622 et
1235 3570 1265 3634 4,
1285 3572 1313 3632 4,
1336 3573 1361 3621 b.

274 3646 351 3710 burg.
370 3647 443 3698 4838.
464 3647 531 3710 (Vld.
544 3662 626 3713 supra
644 3664 670 3715 p.
685 3650 732 3701 ⁴26
748 3649 799 3714 sq.)
838 3647 886 3698 Od.
900 3646 929 3708 3,
947 3647 994 3707 ili,
1013 3645 1054 3696 20.
1074 3649 1102 3696 et
1118 3644 1148 3706 4,
1168 3646 1198 3708 3,
1218 3645 1270 3708 33.)

274 3725 301 3772 et
318 3723 343 3772 in
360 3723 498 3788 hesponso
513 3723 705 3776 adOhbarium
717 3725 800 3775 misso
871 3721 912 3772 ot.
933 3721 974 3771 448.
1001 3721 1046 3770 Est
1065 3721 1280 3770 animno--sed
1298 3731 1365 3782 quu-

275 3799 300 3848 in
318 3797 525 3850 Zimmermannl
545 3799 660 3850 Zeitochr.
680 3797 753 3849 teia.
772 3813 798 3863 p.
839 3795 984 3860 4444944444]
1004 3795 1080 3846 llunc
1097 3807 1225 3846 versuum
1242 3794 1365 3846 ordinem

274 3872 343 3934 339,
361 3873 409 3923 ubi
426 3873 574 3934 contendit,
593 3885 712 3925 summas
730 3875 802 3924 iene-
839 3871 1023 3933 lectionesque
1046 3875 1069 3920 et
1091 3869 1192 3933 tingite,
1218 3871 1366 3921 sed--oe-

274 3948 393 3996 ratarum
416 3947 511 3998 sordes
533 3959 696 4011 caecamque
714 3949 802 3997 avari-
838 3953 895 3998 erati
915 3946 975 3997 idco
996 3943 1123 4010 praetuli,
1148 3945 1221 4009 quod
1239 3959 1302 3996 cnm
1323 3947 1366 3995 to-

275 4021 339 4070 tiam
356 4021 399 4070 hic
415 4021 487 4085 tangi
508 4024 589 4085 atque
611 4021 730 4081 irrideri,
757 4024 802 4072 ut·
840 4025 866 4072 to
884 4022 962 4073 huius
979 4019 1112 4087 Epistulae
1130 4021 1286 4072 charactere
1305 4019 1366 4070 rhe-

272 4097 337 4167 pota
366 4096 412 4159 qui
440 4095 482 4148 vel
513 4099 637 4161 sumptus
663 4096 801 4148 vitabundi
840 4097 923 4148 torico
935 4095 1031 4147 melius
1043 4097 1186 4147 concinere
1195 4095 1363 4148 videbantur.

276 4171 361 4222 servis
373 4171 500 4236 capsariis
518 4185 571 4222 non
583 4173 691 4221 utantur
701 4170 743 4223 vel
755 4185 802 4236 po-
840 4173 940 4223 Rursus
956 4173 1029 4223 euim
1047 4172 1131 4224 habes
1146 4172 1307 4223 sententiam
1319 4169 1366 4220 ab·

276 4246 327 4296 tius
345 4247 478 4306 metuant,
497 4260 531 4296 ne
548 4261 563 4296 a
582 4244 689 4308 talibus,
708 4259 801 4311 quam·
839 4249 946 4312 ruptam
963 4249 1169 4313 list-patetque
1186 4259 1249 4297 cum
1270 4257 1366 4311 paren-

275 4321 315 4372 via
326 4333 410 4386 prope
420 4321 600 4384 adstantibus,
612 4321 653 4374 vel
663 4334 716 4373 uno
726 4335 801 4374 num·
840 4323 909 4374 thesi
920 4323 970 4374 Sed
980 4350 1009 4361 --
1020 4323 1120 4386 44444444,
1139 4328 1166 4374 et
1178 4321 1366 4373 brevissimam
