3030 4988
587 411 662 462 VlTA
679 409 819 464 nondun.
1184 409 1247 474 905

161 565 312 655 epistola:
339 564 496 633 «Pertulit
515 563 557 632 ad
579 585 633 632 me
655 565 831 655 Dionysius
853 563 997 633 libellum
1019 575 1124 644 mum,
1148 587 1246 654 quem

161 708 240 776 ego,
271 698 307 754 nt
327 706 480 754 accusem
501 695 547 764 te,
582 685 888 776 quantuluscunque
909 697 972 762 est,
1003 687 1080 754 boni
1102 685 1246 756 consulo.

161 809 271 876 Vereri
287 817 394 876 autem
409 807 487 874 mihi
503 805 640 886 videris,
663 829 705 876 ne
722 809 863 878 maiores
877 807 977 876 libelli
992 811 1037 876 tui
1053 810 1128 890 sint,
1149 830 1247 900 quam

162 929 232 1018 ipse
255 949 302 996 es.
332 927 414 1004 Sed,
438 929 465 995 si
480 929 536 995 tibi
552 937 673 996 statura
688 927 795 1007 deest,
819 927 1047 1017 corpusculum
1066 951 1131 998 non
1146 931 1247 999 deest.

161 1053 274 1138 ltaque
301 1049 410 1118 licebit
436 1050 468 1116 in
498 1046 671 1119 sextariolo
701 1049 840 1128 scribas,
872 1071 947 1118 cum
975 1051 1128 1120 circuitus
1157 1052 1248 1121 volu-

163 1171 258 1238 minis
280 1173 325 1238 tui
349 1173 390 1239 sit
411 1169 672 1259 cruentaretur,
699 1171 783 1238 siout
808 1182 859 1239 est
879 1172 1046 1240 ventriculi
1068 1173 1142 1240 tui.»
1188 1173 1248 1263 [dd

164 1315 218 1362 res
245 1314 403 1362 venereas
431 1292 695 1382 intemperantior
722 1292 871 1374 traditur;
902 1315 977 1360 nam
1003 1293 1170 1384 speculato
1192 1315 1250 1362 cu-

163 1416 272 1484 biculo
302 1425 410 1483 scorta
442 1414 560 1482 dicitur
588 1413 741 1481 babuisse
764 1413 935 1503 disposita,
967 1425 1016 1492 ut,
1052 1436 1249 1506 quocunque
1297 1489 1300 1496 ,

164 1537 369 1625 respexisset
386 1535 430 1604 ibi
444 1537 475 1604 ei
492 1537 599 1624 imago
614 1536 717 1604 coitus
732 1533 929 1625 referretur]
939 1537 958 1623 ¹)
982 1537 1064 1605 Vixit
1076 1536 1249 1626 plurimum

164 1661 196 1725 in
220 1679 353 1726 secessu
376 1657 461 1725 ruris
483 1658 533 1724 sni
556 1655 665 1724 Sabini
695 1667 750 1724 aut
771 1657 939 1736 Tiburtini,
974 1656 1156 1748 domusque
1178 1659 1249 1728 eius

165 1779 344 1848 ostenditur
365 1779 452 1847 circa
473 1779 603 1847 Tiburni
624 1779 774 1847 luculum.
805 1782 967 1848 Venerunt
983 1781 1016 1846 in
1031 1801 1145 1849 manus
1159 1801 1250 1848 meas

165 1913 198 1970 et
226 1901 310 1989 elegi
339 1900 400 1969 sub
429 1903 501 1969 eius
531 1901 621 1968 titulo
651 1912 684 1969 et
711 1901 847 1990 epistola
868 1923 967 1990 prosa
988 1903 1133 1970 oratione
1154 1903 1249 1992 quasi

165 2023 420 2092 commendantis
442 2045 478 2092 se
501 2025 697 2090 Maecenati:
721 2023 781 2091 sed
802 2033 940 2113 unaque
959 2023 1038 2092 falsa
1058 2033 1153 2112 puto,
1175 2045 1249 2090 nam

165 2145 248 2233 elegi
269 2144 435 2233 volgares,
464 2145 601 2233 epistola
630 2143 726 2212 etiam
748 2145 905 2212 obscura:
933 2165 1000 2234 quo
1021 2145 1098 2212 vitio
1119 2145 1251 2213 minime

167 2267 344 2334 tenebatur.
380 2269 479 2333 Natus
508 2275 558 2334 est
583 2276 675 2334 sexto
697 2265 773 2332 ldns
794 2265 1007 2342 Decembres,
1038 2267 1138 2334 Lucio
1160 2254 1251 2334 Cotta

166 2399 198 2456 et
217 2389 318 2457 Lucio
339 2390 500 2477 Torquato
522 2387 710 2456 consulibus
718 2389 752 2474 ²).
788 2387 936 2474 Decessit
955 2389 1068 2476 quinto
1089 2387 1251 2455 Kalendas

165 2509 379 2588 Decembres,
415 2511 492 2578 Caio
519 2511 639 2578 ldarcio
668 2511 845 2579 Censorino
877 2521 910 2576 et
930 2510 1008 2594 Caio
1029 2509 1138 2577 Asinio
1160 2507 1251 2576 Gallo

165 2632 402 2718 oonsulibusll,
436 2643 510 2721 post
538 2633 711 2721 septimum
739 2642 772 2699 et
796 2631 1099 2718 quinquagesimum
1121 2651 1249 2704 annum,

166 2751 289 2821 herede
318 2756 461 2841 Augusto
494 2753 601 2841 palam
632 2761 833 2839 nuncupato,
868 2771 942 2818 curn
973 2761 1108 2837 urgente
1136 2751 1167 2817 vi
1196 2771 1252 2817 va-

165 2872 317 2942 letudinis
345 2895 410 2940 non
432 2873 595 2942 sufficeret
615 2873 658 2942 ad
679 2871 894 2960 obsignandas
916 2873 1096 2940 testamenti
1116 2871 1251 2940 tabulas.

167 2997 324 3064 Humatus
352 3006 385 3065 et
412 2995 560 3064 conditus
589 3005 639 3063 est
660 2995 812 3063 extremis
834 2993 985 3083 Esquiliis
1019 2994 1105 3061 iuxta
1127 2995 1252 3062 blaecc-

167 3117 250 3184 natis
270 3117 437 3186 tumulum.

657 3289 727 3372 'u

602 3447 820 3500 ANONTMl.

232 3605 365 3685 Qornrus
388 3605 540 3676 Homrms
562 3605 697 3672 chcus
720 3608 817 3690 po'eta
838 3601 896 3668 suit
910 3599 1032 3693 lyricus
1046 3611 1079 3670 et
1093 3601 1253 3693 satyricus

170 3726 272 3812 patria
295 3725 489 3802 Venusinus,
513 3724 640 3792 dicente
663 3723 813 3794 Iuvenale
837 3725 953 3814 Satyra
974 3724 1078 3812 prima
1088 3726 1131 3812 ⁴):
1219 3755 1223 3766 ·

238 3954 253 4016 Ι)
272 3954 346 4014 Quae
363 3949 453 4003 verbis
470 3949 576 4002 inclusis
594 3953 749 4014 narrantur,
768 3953 803 4003 ad
820 3951 941 4005 Hostium
959 3951 1093 4016 quendam
1112 3949 1192 4002 relert
1209 3953 1255 4002 se·

171 4048 238 4086 neca
255 4037 373 4096 Quaestt.
392 4035 461 4086 Nntt.
481 4035 504 4097 4,
522 4033 562 4096 46,
580 4035 604 4085 2.

236 4121 254 4179 ²)
272 4123 302 4170 Α.
321 4132 346 4169 n.
367 4132 390 4169 c.
409 4119 465 4170 689.
491 4132 515 4168 e.
535 4119 597 4168 Cbr.
616 4118 657 4168 ct.
687 4118 726 4170 Cl.
745 4117 793 4170 od.
813 4120 837 4180 3,
856 4121 897 4179 at,
917 4119 940 4170 4.
968 4118 1051 4184 Epod.
1069 4119 1114 4182 43,
1133 4119 1157 4170 6.
1185 4119 1250 4186 Epp.

172 4203 197 4264 t,
214 4203 257 4264 20,
275 4203 307 4253 at
323 4215 365 4267 sq.

237 4287 253 4345 ⁸t
272 4287 301 4336 Α.
320 4299 347 4336 ιι.
366 4299 390 4337 c.
409 4285 465 4340 tto.
484 4299 510 4346 a.
529 4285 590 4338 Chr.
609 4287 634 4338 8.
658 4309 687 4324 ··
713 4281 730 4350 ⁴]
749 4299 774 4337 v.
793 4286 833 4338 tt.
