3116 4968
581 417 640 470 ua.
659 421 690 471 ιι.
726 419 794 472 sar.
815 421 855 472 ιιι.
1207 425 1263 494 tit

227 575 362 662 «Accipe
385 574 474 663 quod
497 597 662 664 nunquam
685 577 804 644 reddas
827 577 941 655 mibi»,
965 581 992 645 si
1016 581 1072 648 tibi
1096 582 1215 662 dicam,

225 697 314 762 Tune
338 697 472 764 insanus
494 700 577 774 eris,
602 699 629 765 si
653 699 843 788 acceperis?
865 721 906 766 aa
928 702 1030 790 magis
1052 723 1168 771 excors

224 819 354 886 Reiecta
375 819 513 906 praeda,
537 841 636 910 quam
657 841 814 910 praesens
836 823 1015 890 Mercurius
1036 824 1120 892 iert‘t

226 938 339 1006 Scribe
362 939 477 1008 decern
500 961 519 1007 a
541 943 654 1022 Nerio;
678 925 742 1010 non
765 955 815 1010 est
837 944 933 1011 satis:
957 944 1042 1012 adde
1066 947 1199 1017 Cicutae

224 1060 345 1128 Nodosi
367 1061 494 1129 tabulas
516 1074 659 1142 eentum,
682 1063 769 1132 mille
791 1065 876 1132 adde
898 1077 1046 1134 catenas:
1227 1073 1268 1137 70

227 1181 364 1271 Effugiet
385 1193 491 1252 maren
515 1184 595 1252 haec
617 1185 794 1254 sceleratus
815 1188 943 1255 vincula
965 1191 1110 1257 Proteus.

247 1363 288 1413 67.
309 1363 371 1414 lion
387 1364 496 1416 Bentleii
514 1379 613 1429 operae
630 1365 738 1418 amstel.
762 1395 788 1404 -
815 1369 855 1418 69.
875 1370 1060 1420 cerasumto
1078 1371 1095 1420 S
1112 1373 1237 1424 omittunt

215 1436 325 1489 Aldinae
343 1442 371 1489 et
387 1438 475 1490 Sobel.
494 1441 618 1500 Persii,
639 1439 679 1491 tt.

181 1609 294 1661 compos
320 1600 362 1649 est
390 1599 447 1650 eius
476 1599 601 1650 creditor.
645 1599 708 1650 Esto
745 1601 832 1651 meret
844 1601 938 1662 moen,
957 1608 1068 1664 eentum,
1088 1618 1267 1670 nequaquam,

180 1671 270 1721 boel»
297 1671 404 1724 idest:
433 1673 635 1725 «concedamus
660 1672 708 1723 all·
744 1675 774 1724 ut
790 1674 883 1725 volunt
907 1675 963 1737 alii,
991 1679 1131 1740 significari
1157 1685 1270 1745 possunt

181 1748 339 1811 quantisper
355 1747 517 1799 creditorem
536 1747 608 1800 illum
627 1761 708 1814 sape-
745 1747 850 1799 tabulae
869 1752 972 1814 accepti
994 1753 1021 1802 et
1042 1756 1166 1817 expensi,
1192 1755 1270 1806 Rect-

181 1833 226 1880 re;
253 1833 349 1872 verum
366 1835 428 1872 mox
445 1822 620 1888 probabimur
637 1823 708 1874 hune
743 1823 899 1887 senodocii,
926 1837 980 1888 quo
997 1825 1107 1889 quidem
1128 1827 1270 1881 inclinabat

180 1896 269 1960 ipsum
286 1897 372 1960 magis
388 1898 467 1948 etiam
488 1899 603 1949 insanire
627 1909 708 1962 quarn
743 1899 822 1949 Beier
832 1898 866 1948 ad
878 1900 932 1950 Cic.
944 1899 1017 1950 Oltlc.
1029 1903 1103 1952 lom.
1118 1903 1147 1953 tl.
1162 1916 1189 1967 p.
1199 1905 1267 1956 lillis

180 1970 401 2035 Damasippum.»
412 1971 535 2036 Plerique
546 1975 641 2037 postu.
652 1985 707 2022 ere-
743 1985 838 2024 verum
856 1973 995 2026 manifesto
1019 1978 1082 2026 suut
1104 1980 1271 2044 syngrapha-

179 2047 591 2110 dltorsignuminterrogatioals
607 2059 708 2112 posue-
745 2061 805 2098 rum
823 2047 950 2099 termulae
968 2063 1051 2113 quam
1068 2053 1183 2104 maxime
1197 2055 1272 2104 certis

180 2124 256 2182 runt,
275 2133 329 2186 qun
341 2121 437 2174 clarius
449 2123 643 2186 significarent,
656 2123 707 2172 bac
743 2126 767 2171 et
783 2122 939 2173 sammon
953 2124 1034 2174 verbe
1050 2126 1136 2187 (Galus
1153 2128 1181 2188 l,
1201 2128 1270 2194 tta.)

180 2195 262 2246 dere
280 2197 429 2260 sapientem
446 2196 708 2248 vehementsrdubi·
745 2199 922 2261 compositae,
961 2199 1110 2249 cuiusmodi
1142 2199 1270 2265 plurimas

180 2273 247 2320 tare.
260 2270 361 2320 Verum
371 2263 517 2335 ἀντίθεσις
528 2271 707 2322 directainter
745 2273 925 2334 excogitarunt
947 2273 1041 2323 Nerius
1058 2275 1085 2323 et
1102 2274 1208 2336 Cicuta,
1236 2289 1271 2327 ne

180 2358 224 2394 vv.
235 2343 276 2395 ol.
291 2345 318 2394 et
327 2345 366 2394 ts.
385 2347 477 2409 utique
495 2345 704 2411 aptiorvldetur.
745 2343 880 2397 debitores
892 2345 1051 2398 solutionem
1070 2361 1187 2412 unquam
1204 2349 1271 2401 sub-

213 2417 302 2468 tir-70.
320 2419 410 2485 mepte]
429 2421 556 2485 «potiusn
586 2421 629 2471 Slo
648 2433 708 2471 mo-
745 2418 878 2483 teriugere
901 2423 1019 2486 possent.
1059 2423 1109 2482 Qui
1131 2437 1195 2474 vero
1217 2437 1272 2476 non

178 2495 219 2560 pis
242 2505 321 2556 mum
344 2507 394 2557 pro
419 2493 598 2560 irequeatiore
623 2497 709 2558 potius
745 2495 799 2543 tam
832 2492 959 2546 formulas
987 2509 1067 2560 quam
1102 2499 1270 2564 syngraphas

179 2579 258 2629 cumn
275 2566 347 2619 haud
365 2581 425 2618 raro
436 2569 505 2633 apud
519 2569 629 2620 Livium.
653 2569 705 2620 Cir.
744 2568 816 2631 ipsas
828 2573 1022 2634 exposuerunt,
1048 2571 1119 2622 baud
1142 2575 1206 2624 satis
1224 2587 1271 2624 eo-

180 2642 258 2692 Fabri
283 2643 319 2692 ad
341 2641 397 2693 Lib.
421 2643 469 2705 st,
492 2645 516 2694 t.
544 2671 571 2681 —
595 2645 706 2710 deiecto]
744 2642 859 2705 gltarunt
874 2645 952 2696 unius
970 2643 1053 2695 debiti
1071 2659 1123 2697 uon
1141 2647 1200 2712 plus
1217 2661 1270 2699 una

180 2716 363 2781 nrepudtate.»
393 2745 419 2753 -
443 2719 575 2784 prowm]
600 2719 707 2784 upropi·
745 2729 805 2768 esse
831 2729 911 2783 posse
937 2720 1098 2783 syngrapha.
1134 2723 1271 2786 (Ceterum

179 2793 259 2842 tinen
302 2790 376 2842 Ceut.
405 2793 458 2842 Sat.
482 2793 513 2852 Ξ,
543 2794 574 2853 2,
608 2791 648 2843 tt.
676 2820 704 2831 -
743 2793 1104 2858 Neriusquaestorisurbani
1120 2802 1272 2850 nomenest

177 2867 322 2917 Uenerius
337 2868 424 2918 omnis
441 2865 507 2918 lucri
525 2867 616 2929 dator,
634 2868 706 2919 unde
744 2867 771 2917 iu
788 2869 913 2919 nummis.
944 2869 1031 2919 lticcio
1047 2871 1082 2920 u.
1096 2871 1123 2920 F.
1137 2872 1165 2921 a.
1179 2884 1205 2935 p.
1219 2871 1271 2936 ol.)

179 2955 196 2991 a
226 2943 336 2993 Graecis
368 2945 480 2994 vocatur
510 2937 617 3014 Ἑρμῆς
649 2943 706 3015 ἐρι-
746 2969 774 2978 -
787 2942 888 2992 clectos
904 2942 1004 3006 Nodost']
1025 2942 1144 2995 Perillius
1157 2945 1190 3008 (v.
1204 2945 1268 3008 ltl,

179 3012 296 3080 ούνιος,
328 3013 461 3088 κερδῷος.
487 3043 514 3054 -
536 3019 621 3069 Scribo
644 3019 705 3083 cet]
744 3015 787 3065 eui
806 3019 917 3080 propter
933 3018 1106 3081 asperitatem
1123 3021 1150 3068 et
1172 3021 1271 3070 amarl-

179 3091 363 3152 Creditorem,
381 3091 408 3142 id
426 3093 497 3156 quod
514 3092 707 3157 probenotan-
744 3088 864 3141 tudinem
892 3103 1041 3154 cognomen
1071 3094 1128 3142 erat
1154 3093 1269 3156 Cicutae,

178 3164 245 3216 dum
263 3167 316 3225 est,
338 3179 390 3216 non
407 3166 571 3228 debitorem,
590 3167 632 3218 his
648 3181 708 3218 ver-
743 3164 879 3215 fenerator
890 3165 992 3214 cautior
1004 3167 1084 3216 etiarn
1097 3167 1188 3229 Nerio,
1203 3180 1271 3231 qua-

177 3239 221 3290 bis
243 3239 393 3304 alloquitur.
437 3243 522 3292 «Cura
548 3242 705 3294 scribendas
744 3242 853 3304 propter
869 3241 1110 3302 vocaturoodosau‚
1131 3243 1271 3307 «quispti-

178 3313 226 3364 tibi
259 3329 275 3364 a
309 3315 430 3366 debitore
468 3316 563 3367 decem
602 3317 706 3368 tabulas
743 3327 787 3364 me
804 3313 883 3365 callet
900 3314 985 3365 nodos
1003 3317 1030 3366 et
1051 3315 1162 3379 laqueos
1179 3316 1269 3381 legum

178 3389 583 3456 (Setotdscteinsormeto),
612 3391 705 3456 quales
743 3402 775 3439 ac
786 3388 961 3440 formularum
973 3391 1037 3440 iurls
1050 3390 1158 3444 civilis.»
1176 3394 1267 3443 luveu.

177 3479 192 3516 a
210 3467 304 3526 Nerio,
323 3465 424 3518 famoso
441 3465 509 3518 itlius
528 3469 656 3534 temporis
669 3469 706 3520 le·
742 3464 773 3524 8,
791 3465 838 3514 50:
858 3465 906 3526 Oui
922 3465 987 3514 iuris
1003 3467 1081 3517 nodos
1091 3471 1114 3516 et
1130 3468 1212 3532 epten
1223 3481 1269 3518 oe-

178 3543 317 3600 nemore,
334 3541 419 3590 morte
432 3542 574 3604 coniugum
585 3540 705 3606 locuple·
740 3539 858 3601 siponto
874 3539 962 3590 sotoot.
979 3567 1005 3577 -
1019 3541 1132 3606 soleam]
1151 3541 1267 3605 tutellige

177 3618 232 3666 teto
244 3613 341 3678 (Sobel.
352 3615 386 3664 ad
398 3617 472 3666 Pers.
485 3617 538 3666 Sat.
552 3617 580 3678 2,
595 3616 645 3680 tt.)
663 3617 705 3667 di·
741 3613 775 3663 de
793 3613 889 3664 iisdem
908 3615 1075 3666 cautionibus
1095 3617 1167 3666 iuris.

177 3691 244 3741 clari
270 3687 358 3740 soleat
389 3688 570 3752 debitoribus,
607 3690 703 3756 plenae
773 3689 814 3738 tt.
828 3689 869 3739 ts.
888 3689 1029 3753 sceleratus]
1041 3691 1184 3754 propterea
1196 3689 1268 3753 quod

177 3765 358 3816 cautionum.»
378 3791 405 3800 —
431 3779 448 3814 a
467 3765 553 3828 Nerio]
577 3764 701 3828 dictatas,
739 3764 872 3814 sexcentis
900 3763 987 3815 modis
1016 3761 1182 3814 consultores
1210 3760 1268 3814 elu-

176 3842 207 3890 ut
224 3839 278 3889 Cic.
301 3838 336 3889 ad
357 3839 408 3888 ao.
431 3839 477 3898 to,
496 3841 526 3901 7,
544 3841 576 3888 t:
603 3839 705 3890 domnii
740 3837 830 3888 debet.
866 3839 949 3888 Petite
966 3841 1008 3889 est
1025 3835 1264 3900 imagoedeyss.

174 3915 283 3964 edtotmu
307 3913 356 3976 tegi
378 3927 395 3962 α
418 3913 498 3963 Bruto
523 3914 700 3978 (acceptum).
738 3909 912 3976 d,lttbsqq.,
929 3912 976 3962 ubi
994 3910 1128 3964 Menelaus
1139 3913 1266 3964 Proteum

175 3985 300 4038 Fortunio
312 3987 481 4038 eutemhseo
493 3991 564 4038 erat:
583 3990 611 4038 L.
627 3989 703 4038 Tition
738 3985 849 4037 vinculis
873 3985 981 4037 taudem
1003 3987 1106 4037 iniectis
1129 3987 1266 4038 vaticinarl

175 4062 265 4124 scripsi
273 4063 619 4124 acceptassendaeoto
631 4062 703 4125 poto-
739 4059 790 4111 sibi
808 4061 896 4123 adigit.
932 4062 996 4112 'lota
1019 4061 1110 4110 autern
1133 4063 1265 4113 sententia

175 4137 255 4186 neers
270 4141 359 4186 mutulo
369 4143 505 4188 amoto
514 4137 576 4186 miti
590 4138 619 4188 de
629 4139 702 4187 dorae
738 4134 806 4185 haec
824 4137 878 4186 est:
899 4135 962 4186 «Ubi
981 4135 1102 4184 mutuam
1120 4134 1197 4186 dabis
1214 4137 1264 4187 de-

176 4209 212 4274 (td
228 4213 283 4272 est,
302 4223 335 4261 ex
352 4223 428 4273 arca,
450 4225 504 4261 aon
522 4225 537 4260 a
555 4224 648 4262 measa
660 4225 702 4261 ar-
738 4208 816 4259 bitori
834 4221 943 4273 prorsus
962 4209 1032 4273 inopi
1048 4208 1182 4274 simulque
1193 4213 1265 4262 astu-

175 4285 305 4350 gentarli).
341 4285 448 4337 raetos
464 4287 554 4337 numm
571 4297 634 4338 cnm
651 4297 702 4336 uu·
739 4285 841 4334 tissimo
853 4283 1008 4347 pecuniam,
1023 4283 1205 4338 nihilomnino
1217 4285 1263 4336 tibi

261 4377 354 4425 llosar.
370 4389 425 4426 ror..
441 4379 467 4425 ll.
499 4377 655 4425 sn.rra1.tll.
1064 4379 1092 4424 lt
