3156 4972
577 484 636 534 Llll.
655 483 686 534 11.
722 485 789 534 ssi.
808 485 873 534 viii.

232 638 365 707 Divitias
386 639 537 706 miseras!
561 639 627 706 Sed
651 644 724 728 quis
747 640 959 707 coenantibus
981 661 1060 718 una,

232 761 395 838 Fundani,
419 761 553 849 pulchre
576 760 767 837 meritrici,
792 783 889 828 nosse
911 761 1034 828 laboro.

233 885 384 951 Summus
407 904 469 972 ego
492 893 524 949 et
544 903 648 971 prope
670 903 722 949 me
738 883 849 950 Viscus
866 883 1024 949 Thurinus
1047 894 1080 951 et
1101 884 1189 964 infra,
1234 888 1276 955 20

232 1007 265 1073 Si
289 1007 433 1084 memini,
457 1005 585 1084 Varius,
609 1026 683 1071 cum
707 1004 843 1071 Servilio
865 1004 1034 1072 Balatrone

232 1127 390 1205 Vibidius,
414 1148 497 1215 quas
519 1128 689 1195 Maecenas
712 1126 893 1194 adduxerat
916 1128 1057 1195 umbras.

224 1309 299 1436 340ιί
318 1308 455 1395 illenim
471 1320 494 1357 c.
516 1331 543 1343 -
563 1308 604 1357 22.
618 1319 682 1368 4444
698 1319 831 1372 superscr.
846 1321 908 1370 qaas
922 1309 953 1370 S,
971 1321 1034 1370 quos
1049 1309 1133 1376 bEcp,
1152 1311 1204 1362 LCt
1217 1316 1244 1363 et

245 1397 279 1435 ea
300 1397 366 1436 eras.

190 1526 296 1586 rentur,
314 1523 393 1574 valde
410 1525 497 1574 ieiuna
514 1526 541 1574 et
557 1524 646 1588 inepta
662 1523 714 1574 du·
751 1523 866 1575 sebitdert
887 1525 1003 1586 44444444,
1030 1526 1060 1575 iat
1085 1539 1111 1576 es
1134 1529 1275 1590 4444444444,

190 1601 278 1658 cerei,
297 1601 389 1648 contra
407 1612 422 1648 a
439 1597 581 1649 Nasidieno
599 1597 712 1660 adiecta,
752 1599 810 1648 dass
825 1601 912 1650 444444
927 1599 1012 1663 44444,
1030 1613 1086 1650 was
1097 1602 1136 1651 die
1147 1603 1222 1653 Gdste
1233 1606 1279 1654 44-

190 1672 288 1736 quibus
299 1672 451 1723 divitiarum
468 1685 578 1723 suarum
595 1674 715 1723 ostenta-
751 1672 789 1722 bei
809 1675 936 1738 panarii,
963 1675 1016 1724 aad
1038 1675 1116 1726 datter
1134 1689 1169 1726 44
1187 1679 1278 1729 wissea

190 1747 305 1808 bouem,
324 1759 489 1810 quamquam
506 1745 606 1796 insulse
618 1746 715 1796 admo·
750 1749 872 1810 44444444,
887 1749 978 1799 4444444
988 1750 1111 1800 maenaa
1122 1750 1186 1800 44444
1196 1753 1279 1804 Mate

191 1821 270 1881 dum,
305 1823 382 1884 quasi
415 1821 549 1884 corrigere
578 1820 713 1882 studeret,
751 1835 862 1886 rapepen
877 1835 1013 1887 44444444.»
1034 1847 1061 1859 -
1072 1823 1177 1886 patene
1192 1827 1276 1892 faerit]

190 1896 305 1946 maxima
317 1896 342 1944 vi
360 1897 388 1945 et
404 1895 522 1946 efficacia
538 1893 640 1959 pollere
652 1907 716 1945 eon·
752 1897 805 1948 Cir.
820 1898 873 1947 Sat.
886 1897 915 1958 4,
934 1897 963 1958 4,
982 1897 1039 1947 iao.
1055 1925 1082 1933 -
1102 1897 1200 1963 laboro]
1219 1900 1245 1950 h.
1259 1900 1276 1951 l.

190 1969 322 2020 tenderet.
352 1969 453 2020 Verum
464 1971 486 2020 si
497 1968 632 2020 Nasidieni
644 1971 713 2029 suat,
753 1972 861 2035 asupio,
881 1984 973 2021 aveo.»

190 2057 243 2094 non
258 2045 393 2107 corrigant
410 2045 487 2094 istam
500 2045 713 2104 ostentationem,
783 2044 872 2096 40-44.
902 2045 1027 2110 smmum]
1044 2047 1083 2096 De
1102 2047 1195 2098 ordine
1213 2062 1279 2100 cou-

190 2120 238 2172 sed
256 2119 380 2170 simulato
392 2119 541 2170 divitiarum
559 2121 715 2182 contemptu
752 2121 874 2170 vivarum
897 2119 958 2170 vide
982 2119 1129 2171 Excursum
1154 2122 1189 2172 ad
1213 2124 1240 2173 h.
1259 2122 1276 2174 4.

190 2207 287 2244 novam
315 2194 441 2258 produnt.
491 2194 596 2244 Rectius
626 2195 714 2257 itaque
752 2195 867 2245 etlland
884 2195 959 2244 Ture.
979 2197 1021 2245 ili.
1041 2209 1067 2260 p.
1081 2195 1130 2246 375
1147 2210 1188 2261 sq.
1224 2199 1279 2249 No-

191 2271 284 2334 agnnt,
303 2271 349 2333 qai
366 2268 551 2329 Nasidienum,
571 2267 636 2318 dum
656 2267 715 2318 lau·
751 2281 813 2320 vern
831 2272 922 2320 autem
940 2275 1001 2320 sunt
1018 2271 1189 2322 convivaeex
1200 2271 1278 2323 solito

192 2348 233 2396 tos
257 2357 289 2394 ac
315 2343 431 2396 liberalis
456 2344 541 2394 videri
565 2342 635 2403 volt,
665 2344 715 2393 hac
751 2343 822 2409 apud
840 2346 974 2396 Romanos
991 2357 1067 2395 more
1087 2344 1177 2407 (Plaut.
1196 2348 1277 2398 Stich.

191 2420 248 2485 ipsa
275 2420 371 2469 iactata
397 2417 553 2468 liberalitate
579 2417 716 2468 sordidam
752 2419 782 2481 3,
800 2420 830 2482 2,
848 2419 890 2470 34.
919 2420 1003 2469 Varro
1016 2419 1087 2484 apud
1104 2419 1167 2470 Geli.
1182 2421 1277 2482 43,44,

190 2494 329 2544 arentiam
356 2494 517 2559 prodentem
544 2492 579 2543 ab
608 2493 715 2543 Horatio
752 2494 787 2552 2.)
808 2493 934 2557 idemque
959 2497 1099 2559 comparet
1123 2495 1150 2545 iu
1175 2495 1279 2547 triclinii

190 2567 308 2619 derideri
324 2569 483 2618 existimant.
517 2567 566 2618 Vel
582 2566 646 2618 illud
657 2568 715 2630 Sed,
752 2566 902 2632 anaglypho
918 2569 1039 2619 atestino
1056 2569 1127 2634 apud
1145 2569 1281 2621 Furlanet·

190 2643 262 2707 quod
281 2645 368 2693 statim
387 2643 521 2707 sequitur,
538 2643 658 2707 proxime
671 2655 718 2692 an·
752 2645 809 2693 turn
825 2644 886 2693 laer.
904 2643 930 2692 di
946 2643 1004 2693 44444
1021 2655 1047 2707 p.
1063 2643 1119 2694 4644.
1146 2671 1173 2681 -
1195 2646 1279 2696 Viscus

190 2717 341 2768 teeedentia
366 2719 473 2768 Horatio
490 2717 632 2768 adiudicat.
668 2719 717 2769 444-
753 2716 884 2781 iterium]
898 2716 1279 2783 Thuriis‚Calabriaeoppido,

191 2792 362 2844 tscherlichio
381 2794 488 2844 miserae
513 2795 577 2844 sunt
600 2793 715 2854 44444444,
753 2791 894 2852 oriundas,
922 2805 976 2855 quo
1003 2793 1161 2855 cognomine
1185 2793 1280 2845 distin-

190 2881 260 2931 quae
277 2868 429 2932 possessori
446 2869 716 2919 miseriasoreautac
753 2867 841 2930 guitur
862 2879 877 2915 a
900 2866 985 2916 Viscis
1011 2865 1151 2928 iratribus,
1180 2867 1280 2919 Horatii

190 2941 409 3004 sollicitudinem,
437 2945 466 2993 ut
490 2945 542 2993 Sat.
564 2943 593 3004 2,
618 2944 649 3006 6,
668 2943 713 2993 79:
753 2942 854 2992 amicis.
881 2941 934 2990 Sat.
951 2942 979 3001 4,
998 2941 1044 3002 44,
1063 2941 1103 2991 83.
1130 2968 1156 2977 -
1181 2943 1280 3008 Varias]

190 3019 316 3068 8444444444
335 3045 349 3055 -
369 3031 434 3080 opes.
482 3019 619 3084 Frequens
651 3032 716 3069 sane
753 3017 841 3078 po'eta.
860 3013 918 3064 Vid.
933 3016 985 3067 Sat.
1001 3017 1031 3077 4,
1049 3017 1080 3076 5,
1099 3014 1139 3065 io.
1154 3017 1281 3067 —seroi-

190 3093 331 3143 sententia.
376 3091 429 3142 Cir.
450 3093 553 3143 arrian.
577 3093 661 3156 Epist.
684 3093 714 3155 3,
753 3090 796 3153 tio]
814 3088 898 3140 tribus
918 3088 1026 3152 syllabis
1044 3090 1279 3152 pronuntiandum.

190 3167 235 3228 22,
248 3161 392 3217 27:²16sre
405 3163 473 3230 τοὺς
484 3164 536 3218 νῦν
547 3165 714 3230 πλουσίους,
754 3163 859 3228 Syllaba
872 3165 944 3215 enim
956 3162 1163 3227 antepenultima
1182 3165 1281 3228 produ-

191 3233 264 3306 ὅσης
289 3237 418 3308 οἰμωγῆς
435 3236 452 3290 ὁ
468 3239 535 3304 βίος
551 3236 647 3293 αὐτῶν
664 3257 717 3306 με-
753 3241 831 3289 citur.
861 3241 890 3289 ln
907 3239 1023 3288 nummis
1036 3241 1090 3288 ast:
1110 3238 1136 3289 G.
1150 3239 1278 3290 Ssarsnr.

190 3311 261 3378 στός
277 3314 365 3366 ἐστιν.
400 3316 500 3367 Vemm
512 3316 603 3368 malim
616 3330 717 3368 exser-
755 3313 910 3374 Horatiano,
929 3315 959 3363 ut
967 3325 1091 3372 scurrae,
1110 3311 1187 3377 volgo
1199 3312 1281 3364 daba-

191 3403 271 3441 mone
284 3389 439 3453 quotidiano
457 3392 638 3456 interpretari:
660 3392 718 3443 «di-
754 3393 798 3440 tur
808 3389 1016 3452 cognomentum
1027 3389 1143 3439 Balatro.
1163 3388 1278 3442 einflat.

189 3465 266 3516 vitias
278 3477 362 3529 prope
374 3465 512 3527 ridiculas,
526 3467 642 3516 maxime
655 3480 718 3530 pro-
756 3467 783 3526 4,
797 3464 827 3524 2,
846 3464 871 3514 2.
888 3491 915 3499 -
931 3462 1048 3528 Vibidius]
1065 3464 1147 3514 homo
1165 3465 1279 3528 ignotus.

189 3539 719 3606 ptersordes‚quaeeascoutinuocomi·
754 3541 823 3590 Eece
841 3539 900 3599 hio,
928 3541 957 3588 ut
973 3541 1025 3589 Sat.
1049 3540 1077 3601 4,
1096 3541 1123 3602 t,
1142 3541 1184 3590 54.
1214 3541 1280 3592 Sar-

189 3617 280 3664 tautur
298 3626 517 3678 nequeunquam
533 3613 639 3667 felicem
654 3616 718 3666 red·
753 3619 850 3664 matteis
866 3625 898 3663 ac
914 3614 1018 3663 Messias
1038 3613 1161 3675 Cicirrus,
1188 3615 1279 3666 homi·
1307 3675 1310 3683 Ι

190 3689 256 3740 dunt
267 3701 454 3754 possessorem
464 3691 486 3738 44
498 3691 608 3752 444444,
624 3691 719 3740 moero
756 3703 804 3741 nes
817 3690 852 3740 de
860 3691 1005 3753 parasitico
1013 3691 1173 3741 Maecenatis
1184 3704 1279 3754 measa,

187 3764 336 3813 4444444444
347 3764 474 3827 amelly.
487 3789 516 3800 -·
527 3764 576 3814 Sed
587 3768 643 3826 4444
654 3765 717 3830 eet]
754 3777 836 3829 quam
853 3763 1020 3814 iocabundus
1032 3765 1056 3813 ei
1069 3763 1215 3827 exprobrat
1224 3765 1280 3815 itu-

189 3839 260 3888 Scite
279 3836 334 3887 h.l.
348 3838 477 3887 Diiutzer:
504 3839 582 3888 «seir
597 3839 718 3903 9444444444
754 3841 846 3902 gustus
873 3839 900 3888 in
928 3836 1043 3902 Epistola
1072 3838 1143 3902 apud
1169 3839 1276 3889 Sueten.

188 3915 222 3963 tet
237 3926 263 3962 es
277 3925 335 3962 aem
351 3912 454 3962 Dichter
469 3913 641 3976 deperiebat,
661 3915 718 3964 dass
753 3914 803 3963 Vit.
828 3913 927 3963 Horatii
944 3925 971 3977 p.
997 3912 1053 3962 990.
1078 3911 1144 3962 Oud.
1161 3939 1188 3950 -
1205 3915 1278 3976 4444]

189 3988 255 4038 aiere
275 3987 360 4051 Frape
380 3985 442 4037 tiber
464 3987 504 4038 die
523 3989 620 4038 4444444
643 3989 719 4040 Gesta
753 3988 826 4038 Haec
843 3985 922 4038 lectio
938 3989 1059 4051 praestat
1075 3984 1150 4036 alteri
1168 4000 1229 4049 4444
1246 4001 1279 4039 ex

187 4063 256 4112 44444
279 4076 315 4112 ao
336 4063 384 4112 dea
408 4063 510 4126 Aasmtp
531 4065 575 4114 des
592 4065 718 4116 Gediebtes
753 4062 947 4114 cousuetudine
965 4062 1055 4112 Latina
1079 4058 1182 4125 (Salust.
1203 4062 1276 4114 Catil.

187 4137 240 4188 4444
254 4137 329 4198 sieut,
347 4137 455 4187 44444444
465 4139 514 4188 wie
524 4152 573 4188 444
584 4139 656 4189 satist
667 4139 718 4188 4444
753 4140 803 4190 58:
831 4137 875 4188 Est
890 4138 1030 4186 incarcere
1046 4136 1127 4198 locas,
1146 4139 1212 4198 qaod
1225 4139 1280 4189 Tal-

187 4211 437 4276 srpebenderstjetat
445 4213 559 4276 pertarit
566 4214 643 4273 44444,
652 4215 717 4264 dara
752 4215 850 4265 44444444
864 4211 1037 4274 adpraetati,
1057 4214 1085 4262 et
1100 4210 1201 4264 facilius
1213 4211 1275 4264 lem.

183 4288 261 4348 jerat,
279 4297 320 4334 wo
337 4285 376 4335 4444
391 4286 542 4336 4444444444
558 4287 659 4338 4444444
675 4289 717 4338 des
752 4291 779 4340 iu
801 4301 884 4338 masc.
905 4285 1045 4336 mutabant
1067 4299 1149 4350 quam
1172 4289 1275 4338 eontra.

192 4359 303 4410 Wirttea
318 4359 393 4409 44444
413 4361 441 4408 in
458 4361 556 4424 4444444
570 4362 654 4425 244944
670 4376 716 4426 pe·
756 4391 782 4400 -
800 4361 912 4427 4444444]
931 4361 1073 4412 «convivas
1095 4360 1128 4410 ab
1152 4362 1210 4426 ipso
1228 4361 1278 4411 do-

277 4451 370 4496 4444444.
389 4462 443 4496 ror..
461 4451 488 4496 ll.
518 4464 557 4497 aa.
575 4464 626 4498 ιιιι.
645 4453 679 4498 lli.
1046 4454 1074 4500 2³
