3022 4984
548 469 607 522 444
624 467 770 522 4444444,
942 427 952 438 ’
1147 477 1202 542 774

164 621 200 688 ld
223 621 277 688 tibi
301 621 454 690 iudicium
476 632 541 699 est,
566 645 606 690 44
628 647 730 693 mens.
775 627 807 696 Si
831 629 911 714 quid
934 641 1039 699 tamon
1060 632 1136 702 411444

164 743 355 830 scripseris,
379 744 410 810 in
433 745 533 812 llaecl
557 745 735 814 descendat
756 748 872 818 iudicis
894 771 990 818 aures

164 865 201 930 Et
223 865 322 952 putris
344 875 376 932 et
398 877 540 942 nostrus,
565 887 751 955 nonumque
773 881 939 956 prematur
961 873 993 938 in
1015 893 1149 954 annum,

163 985 356 1054 Membranis
379 987 464 1053 intus
486 988 615 1075 positis:
638 989 749 1058 delere
773 990 895 1069 licebit,

164 1107 258 1187 Quod
282 1128 346 1174 non
368 1107 528 1189 edideris;
551 1111 654 1178 nescit
675 1131 737 1178 vox
760 1113 858 1180 misse
879 1117 1007 1182 reverti.
1145 1119 1207 1184 390

165 1227 335 1296 Silvestres
357 1229 504 1298 homines
525 1253 620 1300 44444
641 1233 866 1322 interpresque
888 1235 1024 1304 deorum

156 1379 212 1428 384.
232 1380 312 1430 144444
328 1378 475 1431 Bentleius:
491 1373 571 1432 ’444444
586 1384 619 1444 44,
637 1385 729 1434 4444444
744 1383 773 1447 β,
791 1387 865 1436 444444·
881 1388 926 1448 Tc,
944 1403 971 1453 y,
989 1389 1054 1440 44444
1065 1401 1134 1441 4444.
1148 1408 1174 1454 κ,

157 1453 218 1514 Lct,
230 1454 290 1503 44444·
302 1453 346 1514 bS,
360 1455 394 1514 41,
406 1455 477 1506 444444
488 1456 515 1516 d,
529 1457 555 1506 l'.
572 1485 598 1496 ·-
618 1459 690 1507 444444
700 1460 743 1511 lin
756 1487 777 1495 -
797 1460 855 1510 388.
868 1460 926 1512 3844,
939 1464 966 1512 in
977 1477 1081 1514 4444444444.
1099 1467 1177 1516 444444-

156 1528 243 1578 444444
258 1530 325 1580 4444444
341 1530 428 1592 positis
443 1531 524 1582 delere
540 1531 658 1594 Aldinae,
678 1534 737 1584 Lcl.
755 1561 780 1569 —
793 1534 881 1600 44444444]
901 1536 993 1587 decebit
1009 1537 1072 1588 dex
1089 1551 1174 1600 mero,

157 1601 206 1652 sed
222 1615 286 1654 4444
303 1602 414 1654 ridiculo
430 1603 529 1656 librarii
546 1609 664 1672 stupore.
686 1633 713 1643 -
733 1605 790 1658 394.
809 1609 934 1660 siluestris
950 1611 978 1660 T.

125 1723 290 1782 lelieissima;
310 1725 368 1786 quis
381 1725 452 1776 enim
464 1739 583 1790 unquam
595 1729 650 1777 tam
686 1728 775 1778 4444444.
797 1731 839 1778 Sic
856 1731 928 1781 enim
940 1730 1067 1782 inutiliter
1076 1746 1210 1798 occupen-

125 1797 651 1862 4444444444444444444414444414114444-
687 1804 731 1852 tur
755 1815 798 1854 vv.
820 1805 892 1866 (144444
910 1819 962 1854 non
978 1805 1100 1864 ediderim
1127 1806 1210 1858 444444

125 1873 209 1934 dicio,
228 1873 278 1923 1444
296 1871 336 1924 vel
355 1872 558 1926 4114444444444
576 1875 651 1926 iube·
687 1876 857 1927 distinctione
875 1879 1127 1942 4444443414444444,
1146 1893 1212 1944 quo-

125 1946 182 1998 4444
196 1975 223 1984 -
242 1948 309 2010 olim]
327 1947 459 2012 Significat
470 1950 651 2002 festinandum
688 1952 768 2002 modo
779 1953 899 2014 4444444444
915 1951 979 2004 illud
992 1955 1210 2018 propendentes.

125 2035 178 2072 non
196 2035 266 2073 4444.
286 2048 314 2058 -
338 2023 432 2088 444444]
454 2025 563 2075 [leolam
583 2025 650 2075 4441-
687 2025 771 2090 Epod.
794 2028 821 2086 4,
843 2026 893 2088 33.)
919 2028 962 2076 444,
994 2029 1121 2080 Ceterum
1144 2029 1209 2080 Cod.

125 2098 231 2160 plurem
249 2099 365 2148 44444444
382 2098 529 2162 Porphyrio
546 2100 648 2150 4444444.
687 2101 842 2150 suuroniani
869 2100 942 2164 apud
969 2102 1105 2152 Luisiuum
1133 2101 1212 2154 lectio

126 2173 152 2221 et
169 2184 201 2221 ex
220 2173 295 2236 perte
314 2172 380 2222 cod.
399 2173 428 2222 Β.
451 2173 498 2224 Est
514 2174 586 2224 enim
603 2175 648 2237 Sp.
687 2176 857 2236 4444444444444
882 2185 955 2224 mera
977 2177 1019 2226 444
1034 2175 1210 2240 interpolatio.

125 2245 240 2298 Maecius
262 2247 361 2310 Terpa;
389 2247 423 2298 de
446 2260 500 2312 quo
517 2248 577 2298 vide
595 2250 648 2298 Sul.
691 2275 717 2286 -
736 2250 812 2299 444444
827 2263 879 2298 oce
893 2251 1088 2318 minoraverit]
1105 2251 1210 2316 Eppl,

126 2320 155 2380 4,
176 2320 220 2380 40,
234 2320 275 2371 38.
290 2347 318 2358 -
336 2327 360 2372 44
375 2321 482 2387 44444444]
501 2324 569 2386 oqui
586 2335 650 2373 4444
689 2323 734 2382 48,
754 2323 798 2372 il:
820 2323 853 2372 144
869 2323 943 2374 cnoel
958 2328 1073 2374 4444444444
1088 2325 1157 2376 volat
1172 2327 1213 2374 ir-

126 2393 172 2444 tlbi
196 2407 256 2444 sum
282 2397 421 2456 amicum·
447 2397 474 2448 id
497 2398 569 2461 quod
593 2400 650 2448 sine
686 2396 825 2446 revocabile
834 2397 945 2448 4444444444.
958 2399 1135 2460 symmachus
1145 2401 1210 2463 epp.

125 2465 176 2518 4114
198 2471 347 2532 arrogantia
368 2471 469 2522 dictum
487 2474 536 2522 est.
557 2499 585 2508 -
603 2485 651 2519 no-
688 2471 713 2530 4,
726 2469 771 2520 et:
791 2470 853 2520 Cum
868 2471 941 2522 4444444
957 2486 976 2522 o
991 2477 1015 2522 44
1030 2485 1133 2524 4444444444
1147 2487 1212 2536 pro-

124 2555 232 2604 444444444
257 2544 325 2608 444,]
352 2543 431 2596 «Noli
456 2547 587 2610 poematis
614 2547 651 2596 tui
685 2543 778 2606 44444444
793 2549 841 2606 444,
859 2546 899 2595 4444
910 2558 982 2595 enine
990 2548 1102 2608 posuisti.
1124 2547 1213 2598 Oratio

126 2615 268 2668 editionem
284 2620 459 2683 praecipitere
473 2618 587 2682 (Quintil.
600 2621 648 2684 Ep.
684 2619 815 2680 4444444444
831 2632 871 2669 res
887 2619 966 2670 4444444
983 2626 1026 2670 cst.

125 2691 160 2742 444
178 2693 274 2756 Tryph.
287 2694 337 2756 2.l;
356 2695 405 2745 sed
423 2707 473 2759 per
486 2707 584 2745 novem
602 2708 650 2744 4444-
720 2691 841 2742 394-396.
860 2693 984 2758 Exposito
1002 2695 1090 2756 poesis
1108 2693 1160 2744 line
1176 2696 1214 2744 et·

125 2779 188 2828 4444,
215 2767 242 2816 id
259 2771 300 2820 444
317 2770 374 2820 sine
392 2771 521 2832 imagine,
548 2769 651 2819 tamdiu
687 2778 741 2829 que
764 2767 874 2816 4444444444
897 2768 982 2826 omni.
1009 2759 1214 2818 4444144ωά44-

126 2842 271 2892 relinentur
282 2843 308 2892 444
318 2843 427 2904 scrinio,
438 2843 525 2893 donec
533 2841 652 2906 eliquen-
687 2839 797 2890 44444444
819 2839 918 2890 incisus
939 2839 1070 2892 adversus
1096 2839 1213 2894 infelices

126 2917 182 2966 tum
199 2917 312 2968 remisso
329 2918 417 2982 primo
435 2915 477 2968 illo
489 2919 599 2981 impetu,
614 2919 652 2966 ni-
688 2913 746 2964 44144
771 2915 879 2978 poetas,
902 2926 995 2964 veram
1018 2915 1075 2966 44444
1100 2914 1214 2978 digulte-

126 2991 177 3040 mis
189 2989 302 3042 44444444
315 2991 426 3052 torrido,
446 2989 649 3056 tranquillatum
689 2989 743 3037 lem
760 2986 897 3051 praedicat
913 3002 929 3037 4
946 2986 1117 3050 religionibus
1134 2987 1214 3040 4414-

126 3064 215 3114 animo
240 3063 350 3116 elimare
370 3071 466 3130 poema
490 3069 566 3116 tuum
588 3078 651 3130 pos-
688 3061 765 3126 gibus
776 3073 826 3124 per
835 3073 927 3114 secros
936 3064 1011 3114 44444
1023 3063 1214 3126 primumcoo-

126 3137 190 3188 sis.»
215 3137 394 3202 Philargyrius
410 3140 444 3190 ud
463 3139 533 3203 Vlrg.
553 3137 605 3191 Eol.
625 3141 649 3202 8,
688 3137 802 3196 44444444,
829 3149 898 3199 quse
920 3134 998 3188 simul
1019 3139 1060 3188 444
1077 3138 1212 3200 mythioae

126 3211 173 3262 35:
201 3213 250 3264 «C.
276 3211 383 3264 Helvius
404 3215 488 3265 Cinna
507 3215 650 3277 Zmyrnam
688 3211 903 3276 poesishistorin
921 3211 1032 3262 fortusse
1050 3213 1213 3276 4414444444-

126 3286 244 3350 444444444,
264 3299 345 3350 quem
357 3289 650 3353 uonumposlauuum
689 3281 760 3336 lemo
776 3285 880 3336 44444444.
905 3287 959 3348 (vv.
977 3285 1021 3336 884
1037 3315 1053 3326 -
1064 3285 1131 3348 lot.)
1158 3285 1212 3336 Clr.

127 3363 157 3411 ut
174 3359 290 3412 Catullus
312 3363 400 3414 Germ.
418 3363 459 3414 95.
478 3364 531 3422 444,
558 3361 650 3414 edidit.
689 3359 964 3424 Epp.2,l,l26sqq.
980 3383 1007 3396 -
1026 3359 1214 3410 8444444444-

128 3435 156 3486 ld
174 3435 247 3499 quod
264 3438 291 3486 44
309 3435 482 3496 Quintilianus
499 3439 543 3488 444.
578 3436 651 3490 Unde
688 3433 774 3497 44444444]
792 3432 966 3498 «plerumque
983 3435 1011 3485 in
1027 3434 1100 3487 silvis
1111 3435 1214 3500 degen-

127 3512 207 3562 etiem
223 3512 359 3563 Horatium
378 3513 469 3563 dicunt
486 3513 520 3564 ed
538 3525 601 3564 eum
613 3511 652 3564 el·
690 3513 730 3561 tes
748 3507 781 3558 441
799 3506 909 3571 dundee
920 3509 1088 3574 quaerendus
1106 3515 1133 3562 44
1144 3511 1214 3562 44444

127 3582 249 3638 lusisse·
277 3587 332 3638 Hoc
352 3588 417 3638 44444
440 3587 571 3639 incertum
592 3601 652 3639 esse
690 3583 895 3634 conficiendum
915 3584 969 3634 Cic.
983 3583 1017 3636 444
1029 3586 1130 3636 iuvent.
1146 3587 1170 3646 4,
1183 3585 1213 3634 2:

128 3659 321 3710 demonstravit
332 3661 470 3712 Welohert
480 3664 508 3712 P.
522 3663 551 3712 L.
565 3675 590 3726 p.
605 3661 653 3712 473
689 3659 746 3708 rou
763 3659 889 3720 quoddam
905 3663 1015 3721 4444444444,
1033 3673 1091 3710 cum
1106 3661 1134 3709 in
1144 3660 1215 3723 444444

128 3748 170 3799 sq.
189 3735 228 3786 Cl.
247 3735 445 3795 4414440444441.
460 3737 499 3797 441,
516 3735 584 3798 ld:
603 3737 654 3786 Nec
689 3734 799 3784 4444414444
815 3735 911 3796 possim
931 3733 1066 3784 bestiarum
1081 3747 1152 3785 more
1166 3746 1215 3782 oc-

128 3809 230 3860 cotim
247 3813 296 3870 4444,
314 3809 435 3871 optivum
447 3823 496 3862 4444
507 3811 655 3862 444444ιά4444·
689 3807 818 3872 peluntur
834 3813 856 3859 el
866 3808 912 3858 4444
922 3810 990 3860 victu
999 3809 1054 3872 sero
1064 3809 1215 3870 4444444444-

127 3899 220 3950 amus,
243 3887 265 3936 44
287 3886 383 3948 scripto
398 3887 424 3936 444
442 3885 545 3946 aliquod
560 3890 656 3947 4444444444
688 3883 827 3947 populant.
856 3884 895 3934 Cl.
915 3885 968 3934 Set.
983 3883 1012 3944 4,
1028 3882 1053 3944 8,
1066 3883 1097 3930 98
1109 3893 1169 3944 sqq.
1186 3907 1213 3918 -

128 3965 300 4021 4444444444,
317 3965 347 4010 ut
363 3961 398 4010 444
413 3973 445 4010 eo
461 3964 518 4021 4444
532 3957 654 4008 444444441-
690 3957 773 4021 socer]
800 3961 865 4009 Puto
891 3972 944 4009 non
969 3961 1023 4008 44444
1047 3967 1108 4006 4444
1133 3953 1215 4004 detor

129 4033 181 4084 144444
201 4035 268 4086 velut
290 4039 449 4096 meatque
465 4033 550 4084 44444444
565 4033 655 4084 redec-
690 4027 792 4082 riocrldv
805 4033 1005 4095 llomeriqumn
1017 4028 1152 4093 Orpheum
1164 4024 1215 4078 τὸν

129 4121 200 4170 mro,
225 4122 257 4158 44
278 4109 349 4160 nolio
368 4109 464 4171 scripto
485 4111 572 4157 omtro
588 4112 655 4157 44444-
691 4103 850 4171 49εολόγον,
868 4108 898 4155 ut
914 4104 948 4154 444
965 4101 1105 4154 Aristotele
1123 4102 1216 4168 appel-

130 4195 208 4244 444444
227 4189 336 4234 recentes
355 4184 420 4247 setus
439 4183 609 4232 4444444444.
623 4207 652 4219 -
691 4179 775 4240 latur,
794 4183 821 4230 et
837 4175 941 4240 Virgilio
959 4179 1025 4228 4444.
1039 4177 1069 4238 6,
1088 4176 1145 4228 oto.
1165 4177 1215 4226 Or-

132 4255 178 4308 lilii
190 4259 278 4310 miuus
290 4259 363 4308 recte
376 4257 553 4320 distinguunt:
572 4257 599 4306 444
610 4271 656 4306 444-
687 4256 766 4318 plere
783 4257 826 4304 est
844 4253 967 4303 Tlret'eiut
982 4253 1106 4304 44444444.
1126 4277 1155 4290 -
1174 4253 1216 4302 444-

130 4345 199 4382 4444444,
218 4331 372 4384 4444444444
387 4333 455 4382 4444444
467 4331 563 4394 4444444,
576 4331 656 4384 delere
690 4335 832 4393 terpreecuo
848 4327 960 4389 4444444444]
977 4327 1076 4392 quippe
1093 4326 1216 4378 4444144444
