3192 4974
605 421 664 469 us.
683 421 702 469 i.
739 421 836 470 uersu.
855 421 908 470 vu.
1248 418 1311 482 455

262 577 422 663 ltepserat
441 577 473 641 in
496 595 661 642 cumeram
683 575 847 652 frumenti,
872 585 1031 664 pastaque
1054 597 1170 644 rursus
1270 579 1312 642 30

270 701 320 765 lre
341 699 427 764 ieras
449 697 545 785 pleno
566 696 721 764 tendebat
742 717 880 785 corpore
903 697 1035 776 frustra3

267 820 325 887 Cui
348 818 486 886 mustela
506 819 635 907 procul,
660 821 694 886 Si
717 820 779 896 via,
804 819 859 896 ait,
885 818 1029 906 effugere
1051 819 1156 898 istinc,

267 942 373 1008 llacra
395 961 510 1008 cavum
531 953 662 1030 repetes
685 951 804 1018 artum,
829 961 928 1029 quem
949 961 1059 1009 maora
1081 941 1203 1009 subisti.

268 1063 335 1130 Hac
357 1082 419 1150 ego
442 1063 469 1129 si
491 1062 668 1152 compellor
691 1063 843 1150 imagine,
868 1073 981 1130 cuncta
1005 1065 1150 1151 resigr103

255 1237 281 1284 et
297 1235 349 1284 iu.
371 1261 398 1269 -
420 1233 459 1282 30.
479 1247 606 1283 cameram
624 1233 708 1284 Codd.
722 1231 834 1297 aliquot,
853 1235 882 1284 ut
893 1231 1000 1284 volebat
1012 1235 1158 1285 Dacierius.
1174 1259 1201 1270 -
1215 1249 1273 1284 rur·

254 1321 308 1357 sum
325 1320 461 1372 superscr.
475 1321 487 1358 4
502 1310 527 1358 S.
549 1337 575 1345 -
596 1308 637 1359 33.
656 1313 754 1372 repetas
771 1308 800 1358 C.
828 1337 854 1345 -
874 1322 946 1370 44444
964 1323 1100 1374 superscr.
1120 1311 1186 1372 estod
1203 1311 1229 1360 S.

222 1448 345 1509 redeant,
375 1447 490 1498 liberum
519 1451 591 1499 certe
619 1462 662 1498 me
689 1461 748 1500 esse
787 1462 884 1500 menno
902 1449 936 1499 ad
953 1452 1058 1500 Lucret.
1076 1463 1101 1514 p.
1118 1449 1185 1514 804.)
1203 1453 1311 1514 praeter

222 1523 327 1586 cupio·
355 1522 432 1582 Quod
443 1521 572 1574 libertatis
584 1523 748 1576 desiderium
785 1523 1310 1588 8444444444),044544444444044444444,

222 1600 358 1650 notissima
370 1596 467 1648 labella
478 1599 592 1663 Aesopia
604 1599 689 1649 tacete
702 1611 749 1650 ex·
786 1600 831 1661 qui
855 1599 991 1663 sapienter
1013 1611 1107 1650 aurem
1128 1599 1312 1663 praebuerunt

221 1673 324 1737 primit,
355 1673 436 1722 etiam
463 1672 497 1722 ad
526 1672 749 1736 subsequentium
785 1671 906 1723 lacobsio
924 1674 1015 1735 (Lecti.
1032 1674 1132 1723 Venus.
1151 1687 1177 1737 p.
1191 1673 1242 1735 09.)
1261 1673 1312 1724 do-

221 1746 369 1798 verborum
393 1750 427 1808 (v,
441 1746 492 1810 34.)
516 1741 680 1817 sappinates
701 1745 749 1797 ali·
785 1747 869 1806 conti,
905 1749 1103 1811 antiquissimos
1136 1745 1310 1812 apologorum

222 1823 351 1886 qmutnm
385 1821 565 1886 mitigandam.
602 1849 630 1859 ·-
659 1822 747 1886 Forte]
785 1823 937 1872 inventores
962 1821 1156 1886 probabilitatis
1182 1824 1309 1873 externae

225 1897 323 1948 Conier
342 1898 395 1947 Sat.
418 1899 446 1958 4,
466 1897 492 1958 3,
514 1899 536 1947 l.
558 1921 585 1932 —
611 1896 747 1960 volpecula]
784 1896 827 1946 vel
845 1896 932 1948 dicam
948 1897 1076 1961 physicae
1089 1895 1166 1960 longe
1178 1899 1310 1950 minorem

224 1973 266 2022 Sic
282 1970 385 2022 habant
402 1985 495 2022 omnes
508 1969 592 2023 Codd.
606 1972 747 2035 firmatque
784 1972 915 2022 rationem
929 1970 1055 2022 habuisse
1068 1985 1150 2035 quam
1162 1972 1309 2034 doctrinas,

220 2047 382 2110 Augustinus
405 2049 495 2096 444444
516 2045 636 2098 blandae.
657 2047 686 2097 C.
705 2045 746 2096 83.
784 2059 865 2111 quam
882 2061 932 2112 per
948 2047 1100 2098 huiusmodi
1117 2047 1252 2098 involucra
1264 2061 1312 2112 po·

221 2122 313 2173 isidor.
328 2123 414 2184 origg.
429 2123 439 2171 4
452 2159 458 2180 ,
471 2121 517 2180 39,
531 2122 555 2170 6.
579 2119 669 2184 cyrilli
680 2123 749 2184 Apo·
785 2121 921 2185 pularibus
937 2123 992 2173 suis
1010 2122 1116 2173 tradere
1133 2121 1243 2173 vellent:
1271 2124 1311 2174 sic

222 2195 272 2259 log.
292 2197 323 2256 8,
349 2197 389 2245 ti.
429 2195 543 2258 (Minime
569 2198 659 2246 autem
685 2207 747 2244 cum
784 2197 810 2247 in
827 2210 923 2247 eorum
940 2196 1042 2248 labellis
1060 2197 1179 2258 leonem,
1198 2196 1308 2258 bovem,

221 2269 360 2322 Groebelio
381 2273 491 2335 propter
510 2271 654 2332 vulpeculae
670 2283 748 2320 meu·
784 2284 894 2334 capram
906 2285 957 2322 una
967 2275 1094 2322 venatum
1106 2272 1154 2333 ire,
1165 2269 1311 2334 ovesglan·

222 2347 320 2397 tionem
351 2345 404 2396 doli
429 2348 510 2408 atqua
537 2346 649 2396 astutiae
676 2345 747 2395 notio
784 2345 863 2396 dibus
881 2348 908 2396 et
927 2348 1066 2410 pastorum
1083 2347 1192 2411 pannis,
1219 2345 1311 2398 leones

220 2422 282 2472 hnic
309 2419 415 2472 fabulae
443 2421 554 2483 eiusque
584 2413 745 2486 ἀντιτύπῳ,
784 2419 866 2470 lerina
884 2433 944 2472 assa
966 2422 1052 2482 vesci,
1076 2423 1196 2471 montem
1219 2423 1311 2484 portu-

221 2496 320 2546 Horatii
345 2507 407 2544 cum
432 2495 584 2546 Maecenate
613 2493 747 2545 familiari·
784 2496 845 2557 rire,
865 2495 1013 2546 indenasci
1030 2509 1145 2556 murem,
1159 2494 1308 2546 acsimilia.

221 2572 278 2632 teti,
297 2570 419 2634 precario
434 2568 607 2620 admiscenda
619 2572 673 2619 est:
692 2572 747 2619 ete·
783 2571 829 2620 His
841 2570 925 2630 adde,
939 2570 1011 2633 quod
1023 2571 1163 2621 verissime
1175 2569 1238 2620 dicit
1249 2571 1311 2620 Phi-

221 2646 276 2695 nim
305 2644 391 2709 volpis
419 2644 585 2704 aviditatem,
615 2645 745 2704 hominis,
783 2643 1017 2707 lostratuslmagg.
1032 2647 1059 2704 4,
1074 2644 1102 2694 3;
1128 2639 1312 2696 Φοιτῶσινο4

221 2721 265 2784 qui
289 2722 346 2772 eius
366 2720 478 2770 fortasse
500 2718 592 2769 similis
609 2720 654 2780 sil,
681 2717 746 2768 lucri
783 2716 880 2770 Μῦθοι
897 2715 974 2788 παρὰ
986 2715 1037 2768 τὸν
1045 2716 1196 2768 Αἴσωπον·
1209 2747 1225 2758 -
1236 2748 1251 2758 -
1263 2735 1311 2770 κο-

221 2795 371 2860 cupidinem
390 2797 491 2844 tantum
505 2793 642 2856 siguificat.
667 2793 747 2842 Cete-
783 2789 1001 2864 praelaturos
1019 2790 1111 2861 χοροῦ
1131 2787 1148 2856 ἡ
1166 2787 1308 2859 ἀλώπηξ

221 2882 281 2919 rum
298 2868 346 2919 cir.
364 2869 474 2931 Lessing
493 2868 582 2918 Werlre
601 2868 642 2916 iii.
661 2867 748 2917 Lacb·
783 2869 951 2936 γέγραπται·
964 2866 1069 2936 χρῆται
1081 2861 1135 2934 γὰρ
1146 2861 1220 2937 αὐτῇ
1233 2861 1250 2915 ὁ
1262 2864 1310 2916 At-

220 2957 300 2994 monn
317 2956 343 3006 p.
358 2943 424 3006 404.)
442 2943 581 3005 ingeniose
592 2955 658 2992 sana
670 2943 748 2991 Bent-
784 2956 882 3004 σωπος
890 2937 1015 3007 διακόνῳ
1024 2939 1080 2990 τῶν
1089 2939 1229 2992 πλείστων
1241 2935 1310 2992 ὑπο-

221 3017 289 3069 laius
299 3019 413 3068 coniecit
423 3015 746 3080 nitedulafflasstmous),
783 3018 906 3078 θέσεων,
938 3009 1035 3085 ὥσπερ
1065 3010 1082 3080 ἡ
1108 3014 1245 3084 κωμῳδία
1269 3013 1309 3083 τῷ

220 3093 349 3152 maxime,
368 3090 534 3155 quiavolpea
549 3091 681 3142 frumento
693 3103 746 3140 nou
783 3088 859 3158 Δάῳ.
881 3119 907 3128 -
926 3092 1063 3153 mam]
1081 3091 1147 3141 Vide
1162 3093 1215 3141 844.
1231 3094 1260 3154 4,
1279 3094 1308 3154 4,

220 3168 348 3218 vescitur:
376 3167 501 3230 quocirca
520 3167 599 3215 etiam
618 3179 632 3214 a
650 3164 747 3215 Babrio
783 3169 824 3218 53.
840 3195 866 3203 -
882 3166 982 3229 procaci]
999 3167 1033 3216 de
1049 3167 1143 3229 quovis
1161 3166 1307 3226 intervallo,

221 3241 282 3292 Feb.
303 3241 344 3292 30.
369 3241 396 3289 44
416 3241 442 3289 in
466 3239 547 3290 Fabb.
570 3243 668 3303 Aesop.
689 3239 745 3290 453.
784 3244 864 3292 etiam
888 3242 991 3304 exiguo.
1022 3241 1098 3291 idem
1121 3253 1186 3292 usus
1207 3239 1310 3292 obtinet

220 3317 282 3366 Cor.
304 3313 400 3364 labella
422 3314 528 3365 diverso
550 3314 632 3364 modo
654 3327 747 3364 narra·
783 3319 810 3367 44
832 3330 874 3365 vv.
893 3329 987 3378 44444,
1012 3317 1120 3378 Mun,
1146 3317 1307 3376 iamdudarn,

219 3392 274 3450 tur,
293 3389 358 3440 item
375 3389 424 3438 Dio
440 3389 578 3451 Chrysost.
592 3388 633 3440 44.
645 3402 673 3452 p.
687 3388 744 3438 233.
784 3388 881 3442 πάλαι.
911 3391 969 3442 Vid.
989 3390 1123 3442 Drakenb.
1141 3391 1175 3441 ad
1193 3389 1236 3440 Sil.
1251 3389 1307 3441 ltal.

220 3466 248 3514 a.
266 3465 301 3514 ita
319 3476 380 3514 eam
398 3463 539 3525 significat:
564 3457 599 3512 od
616 3459 671 3533 γὰρ
688 3455 746 3512 e‘r'o-
784 3468 829 3527 44,
847 3466 904 3516 273.
933 3464 1076 3518 Stallbaum
1094 3466 1128 3517 ad
1149 3465 1213 3516 Plat.
1232 3463 1307 3529 Apol.

220 3551 272 3609 περ
293 3533 312 3603 ἡ
335 3532 456 3602 ἀλώπηξ
480 3533 695 3604 καταφαγοῦσα
710 3533 747 3588 τὰ
783 3555 810 3605 p.
832 3543 872 3592 30.
898 3542 945 3592 Ed.
968 3542 1044 3592 Goth.
1066 3543 1126 3593 tert.
1149 3541 1219 3603 Virg.
1240 3541 1306 3590 Aen.

220 3617 290 3684 κρέα
306 3607 360 3664 οὐκ
378 3609 500 3664 ἐδύνατο
514 3609 639 3677 ἐξελθεῖν
651 3613 683 3664 ἐκ
694 3611 747 3678 τῆς
785 3618 829 3676 40,
848 3617 905 3668 835.
936 3617 974 3666 Cf.
989 3618 1041 3666 844.
1055 3617 1084 3677 4,
1104 3616 1134 3677 6,
1153 3617 1209 3667 405.
1225 3641 1252 3652 -
1266 3627 1309 3664 co·

219 3686 305 3761 dpodg
324 3685 372 3740 διὰ
392 3685 426 3738 τὸ
449 3685 667 3754 ἐμπλησθῆναι,
694 3683 746 3738 κά-
783 3704 867 3740 oum-
879 3691 959 3754 quem]
979 3692 1030 3741 Sat.
1045 3692 1073 3750 4,
1093 3691 1122 3751 6,
1142 3689 1203 3739 tto:
1222 3701 1310 3738 covus-

219 3766 271 3830 μο4
288 3760 414 3828 ἐξελθεῖν
430 3759 478 3814 διὰ
497 3759 584 3814 τοῦτο
604 3761 745 3824 χαλεπόν·
783 3779 830 3827 quc
849 3765 931 3814 44444.
961 3764 1028 3814 44444
1046 3763 1088 3814 alii
1106 3763 1180 3826 quod.

219 3845 298 3904 atque
322 3841 451 3891 Areostus
478 3839 505 3888 in
533 3840 617 3888 Satira
644 3839 745 3903 prima,
816 3838 904 3890 34-36.
932 3838 1073 3902 conponor]
1097 3841 1127 3887 ut
1149 3838 1202 3886 Sal.
1221 3836 1251 3896 4,
1277 3836 1308 3895 3,

219 3927 272 3978 qua
300 3917 383 3965 totam
414 3915 484 3964 hauc
515 3913 658 3978 Epistulam
687 3913 747 3978 pul·
783 3915 840 3964 sai.
861 3927 973 3976 «arguor
990 3916 1018 3962 44
1035 3912 1111 3975 quasi
1130 3912 1267 3974 increper,
1286 3911 1309 3960 si

220 3989 353 4040 cherrime
385 3989 502 4039 imitatus
531 3991 585 4050 est,
621 4001 746 4039 cumenae
783 3988 818 4039 ad
836 4001 878 4039 mc
897 3987 1023 4053 applicari
1035 3987 1123 4050 potest
1135 3985 1202 4034 haec
1214 3984 1308 4048 444494,

219 4065 361 4124 borreum,
380 4062 535 4127 volpeculee
547 4065 670 4124 asinum,
690 4077 747 4114 mu·
784 4063 811 4113 id
836 4066 891 4122 est,
918 4061 1039 4112 labellum
1074 4058 1192 4110 verbum
1218 4061 1308 4110 autem

219 4137 301 4190 stelae
319 4151 426 4189 murem
437 4137 580 4191 substituit.
599 4137 746 4189 Bentleium
783 4138 945 4200 conpetere,
973 4139 1001 4184 ut
1023 4135 1163 4198 appellus,
1189 4147 1203 4183 4
1222 4147 1250 4184 re
1269 4133 1309 4184 44-

220 4217 311 4266 autem
328 4215 412 4266 secuti
430 4217 492 4265 sunt
509 4215 673 4266 recentiores
691 4227 747 4264 om·
783 4212 859 4264 nebri
878 4213 989 4276 petitum
1007 4213 1062 4272 444,
1080 4210 1195 4260 4444444.
1227 4209 1306 4260 Corn.

220 4303 268 4340 nes
280 4290 464 4351 (vehementer
481 4289 646 4354 adprobante
665 4289 746 4340 Luch-
784 4291 849 4351 Nep.
863 4287 893 4346 4,
912 4285 941 4346 4,
961 4285 971 4332 4
985 4299 991 4333 ;
1017 4285 1068 4336 Hoc
1084 4284 1188 4336 crimine
1204 4284 1231 4334 44
1248 4296 1309 4334 con-
