3192 4974
273 395 336 460 376
631 398 760 449 44044444
777 397 999 450 nrrsrouaauu

318 554 438 621 Laudis
460 574 571 620 amore
593 561 714 635 tumes:
740 562 814 618 sunt
835 561 923 620 certa
945 551 1089 640 piacula,
1115 573 1201 638 qnae
1223 562 1254 618 tc

318 678 380 743 Ter
401 697 484 764 pure
506 675 589 742 lecto
611 685 762 763 poterunt
783 693 934 741 recreare
956 672 1075 740 libello.

318 797 465 875 lnviduS,
490 795 680 875 iracundus,
704 797 806 872 iners,
829 797 978 872 vinosus,
1009 806 1147 872 amator,

317 921 418 986 Nemo
440 919 524 986 adeo
545 918 633 985 serus
656 929 720 997 est,
743 929 779 984 ut
801 939 865 984 non
887 918 1059 986 mitescere
1081 921 1202 1006 possit,

279 1122 280 1125 ¹
318 1043 350 1108 Si
374 1041 471 1108 modo
494 1040 639 1109 culturae
661 1040 835 1128 patientem
858 1041 1042 1108 commodet
1064 1061 1186 1108 auram.
1323 1043 1363 1108 to

318 1163 423 1229 Virtus
446 1174 496 1230 est
516 1163 628 1229 vitium
650 1163 761 1248 lugere
784 1173 817 1229 et
839 1163 995 1250 sapientia
1018 1163 1121 1251 prima

342 1343 382 1394 39.
401 1344 436 1404 at]
455 1345 498 1406 qui
514 1345 569 1393 tres
587 1341 670 1392 Codd.
690 1342 761 1407 apud
778 1342 933 1394 Obbariunr.

276 1511 324 1562 404
341 1516 425 1560 autera
441 1510 564 1560 40440444
573 1511 672 1561 usitate.
692 1509 798 1561 Cisal.
838 1513 926 1574 despue
950 1512 1110 1562 numinibus.
1155 1513 1270 1564 Eosdem
1296 1515 1363 1564 ritus

275 1588 304 1648 2,
323 1585 353 1647 3,
372 1585 403 1634 si
422 1597 463 1648 sq.
837 1585 1037 1650 praecedebant
1049 1585 1231 1649 lustrationes,
1249 1586 1364 1638 ablutio-

308 1659 349 1710 36.
369 1659 409 1710 37.
436 1660 530 1709 Laudis
546 1659 743 1723 cmorctumcs:]
761 1661 800 1709 De
838 1674 901 1722 nes,
921 1660 1067 1711 secubitus.
1094 1663 1158 1712 Pure
1169 1663 1247 1726 igitur
1258 1657 1364 1728 (ἁγνῶς

275 1733 428 1785 huiusmodi
460 1735 685 1784 enuntiationibus
713 1735 801 1798 hypo·
838 1737 886 1784 aad
913 1730 1064 1806 καθαρῶς,
1093 1738 1248 1800 pereiaipt
1276 1737 1363 1798 Voss.)

275 1811 395 1868 theticis,
422 1813 484 1874 post
508 1823 574 1872 quas
597 1808 659 1860 olim
686 1811 801 1859 interro-
837 1809 935 1860 librum
953 1809 1015 1874 legit
1032 1825 1065 1860 ex
1082 1812 1133 1860 hnc
1151 1811 1280 1874 imagine,
1304 1812 1364 1874 aqui

276 1884 354 1947 gandi
372 1885 477 1947 signum
494 1883 645 1948 ponebant,
665 1883 697 1933 el.
711 1885 764 1933 Sat.
776 1885 800 1945 4,
838 1899 868 1935 se
885 1883 1018 1946 lustravit,
1042 1885 1138 1936 eadem
1156 1887 1311 1936 castimonia
1328 1885 1362 1936 ad

277 1960 304 2021 4,
324 1959 364 2010 ts.
392 1961 574 2009 llermannum
592 1959 627 2008 ad
644 1959 733 2023 Eurip.
747 1961 802 2008 An·
838 1957 981 2022 legendum
999 1958 1145 2021 accedens,
1165 1973 1197 2009 ac
1215 1961 1237 2010 si
1254 1973 1315 2010 reru
1327 1959 1366 2009 di·

276 2029 362 2084 dr'om.
377 2034 434 2085 646.
463 2032 595 2084 Timocles
613 2033 685 2098 apud
704 2033 799 2084 Athen.
827 2035 928 2083 ¹vinum
946 2036 1020 2084 esset
1040 2034 1157 2086 lecturus
1176 2036 1213 2098 lut
1236 2035 1272 2084 ait
1297 2036 1364 2085 Tur·

277 2110 307 2168 6,
326 2111 356 2169 2,
379 2109 424 2158 l5:
451 2105 557 2170 Χωλός
581 2108 624 2172 τίς
649 2107 723 2168 ἐστι,
749 2104 801 2157 τὸν
840 2107 1364 2173 440440544;ρ4ορ444404044,40440440

276 2181 454 2248 Φιλοκτήτην
472 2178 535 2254 ὁρᾷ.
562 2183 803 2234 Deverbotumere
840 2186 865 2232 et
882 2185 956 2232 casto
974 2185 1015 2232 est
1031 2184 1147 2232 animo.»
1176 2180 1276 2246 Dilogia
1300 2183 1364 2232 item

277 2258 418 2317 048444,
437 2258 466 2318 3,
485 2258 543 2307 uls.
573 2257 735 2307 «ambitioni
757 2270 801 2307 se·
839 2259 908 2306 inest
924 2257 950 2306 in
967 2269 991 2305 v.
1011 2257 1105 2317 libello,
1131 2257 1245 2321 quoda.
1264 2257 1365 2320 signiti-

276 2331 379 2381 cundus
397 2335 458 2396 post
468 2331 606 2382 avaritiam
624 2330 699 2382 locus
712 2329 803 2380 tribui·
839 2334 882 2380 cat
891 2333 917 2380 et
929 2331 1058 2395 scriptum
1070 2330 1257 2396 philosophum
1270 2335 1297 2380 et
1309 2343 1366 2381 car·

279 2411 335 2468 tur,
359 2407 389 2456 ul
411 2407 464 2456 Sat.
484 2407 512 2467 l,
535 2405 566 2468 4,
584 2405 626 2456 26.
653 2407 681 2466 2,
695 2407 724 2467 4,
744 2405 800 2455 487.
839 2419 902 2456 men
920 2407 1054 2468 magicum
1070 2405 1202 2470 exaliqua
1219 2404 1366 2456 libelloOn-

279 2481 343 2544 Epp.
357 2481 386 2542 4,
405 2481 436 2540 2,
449 2481 497 2530 205
509 2493 567 2544 sq.»
586 2481 676 2530 Ossan.
692 2506 719 2518 -
733 2486 803 2530 certa
839 2481 918 2545 pbico
943 2479 984 2531 vel
1010 2480 1088 2531 simili
1111 2481 1145 2530 ad
1165 2475 1280 2543 τελετὰς
1302 2493 1366 2546 spe-

274 2553 453 2621 plenumst]
467 2555 635 2618 «praesentia
647 2555 801 2618 acprobata
840 2558 928 2606 etanta
954 2557 1075 2621 petitum.
1110 2557 1192 2619 lunga
1213 2558 1304 2606 autem
1328 2561 1366 2605 ter

277 2629 423 2680 remedia.»
461 2631 590 2690 Quoniam
619 2630 802 2693 antiquissimo
839 2630 913 2692 lecto,
932 2643 986 2681 non
1003 2635 1041 2680 tar
1054 2643 1120 2693 pure
1136 2643 1187 2681 nec
1204 2636 1243 2680 ter
1255 2643 1321 2693 puro
1337 2631 1366 2680 et

277 2707 399 2768 tempore
426 2704 514 2754 morbi
538 2705 573 2754 ad
598 2705 664 2754 iram
689 2705 803 2755 deorum
839 2709 877 2754 tar
893 2705 967 2766 40040,
986 2717 1055 2768 quae
1068 2704 1179 2769 quidem
1197 2703 1365 2755 callidissima

278 2777 468 2828 immortalium
493 2777 679 2828 reserebantur
701 2777 803 2840 (Celsus
841 2783 899 2830 erat
915 2779 994 2830 ratloi

278 2853 362 2904 Praei.
377 2854 420 2916 4.),
439 2854 507 2904 haec
524 2855 584 2903 ante
597 2855 685 2904 omnia
697 2848 804 2922 καθάρ-
872 2853 960 2905 ott-lt.
987 2853 1096 2918 amator]
1118 2855 1236 2906 Donatus
1257 2854 1292 2904 ad
1313 2853 1366 2904 Te-

277 2944 364 2993 μασι,
391 2928 528 2979 sacrificiis
545 2929 677 2993 expianda
698 2931 725 2978 et
745 2928 804 2993 pla·
840 2928 1050 2990 mutamini,
1070 2929 1098 2990 3,
1117 2929 1145 2979 3:
1171 2929 1272 2979 44444444
1287 2929 1366 2978 animi

279 3003 363 3053 canda
395 3004 464 3063 erat;
494 3004 557 3053 hine
585 3017 653 3054 nove
683 3003 803 3053 medica·
840 3005 1202 3067 astomatorocrocorpam's.
1221 3005 1364 3054 Cic'l'usc.

279 3079 369 3128 menta
397 3079 452 3142 ipsa
478 3079 584 3140 piaculo
611 3081 698 3130 vocat.
747 3080 803 3129 lam
841 3079 870 3142 4,
891 3082 935 3142 lt,
954 3081 999 3130 Yl:
1018 3081 1093 3130 Aliud
1109 3084 1144 3130 est
1155 3085 1295 3131 amatorem
1305 3093 1364 3141 esse,

277 3166 342 3203 vero
367 3153 436 3203 baec
457 3153 652 3204 medicamenta
674 3156 737 3204 sunt
759 3167 804 3204 sa·
840 3156 911 3205 044044
926 3159 1061 3205 matera.
1098 3156 1153 3205 lloc
1170 3156 1263 3205 vitium
1279 3154 1367 3206 mulie

278 3230 408 3294 pientiam
419 3231 526 3294 scripta,
545 3244 614 3294 quae
627 3231 802 3282 attentissime
839 3231 967 3282 rositotem
983 3233 1062 3280 vocat
1084 3231 1139 3281 Cic.
1163 3231 1241 3281 Tusc.
1263 3228 1293 3290 4,
1320 3231 1365 3290 44,

279 3307 306 3354 04
322 3305 411 3355 auimo
429 3317 443 3354 a
461 3305 707 3369 perturbationibus
720 3319 803 3369 quam
840 3307 881 3357 46.
898 3333 924 3343 -
936 3305 1072 3370 mitescere]
1090 3305 1178 3355 Verba
1195 3307 1263 3355 mitis
1279 3307 1306 3355 et
1316 3305 1367 3354 ini-

279 3381 394 3429 maxime
415 3391 500 3428 vacuo
521 3378 610 3443 legere
632 3394 664 3430 ac
681 3381 803 3432 meditari
839 3381 906 3431 mitis
922 3381 1079 3444 saepissime
1095 3381 1129 3430 de
1141 3381 1230 3431 animo
1248 3381 1366 3430 humano

279 3453 420 3515 debemus,
434 3466 583 3518 eorumque
595 3453 703 3506 consilia
715 3456 801 3519 sequi.
840 3459 1011 3520 usurpantur.
1030 3454 1141 3506 Difficile
1159 3453 1294 3506 intellectu
1312 3457 1365 3514 est,

278 3531 457 3578 perseverans
474 3531 565 3579 autem
583 3529 715 3594 inpriore
735 3531 804 3581 ima·
840 3543 889 3580 cur
905 3529 1049 3580 Lambinus
1066 3529 1134 3580 baec
1152 3529 1364 3594 reprehenderit.

278 3603 338 3667 gine
356 3601 391 3652 ad
407 3601 490 3654 libros
507 3603 623 3654 morales
640 3603 757 3669 applicat
775 3604 803 3654 id
841 3605 1003 3654 «Estautem
1015 3617 1111 3664 usus,»
1130 3605 1227 3668 inquit,
1246 3602 1367 3655 «duabus

278 3677 351 3742 quod
362 3679 470 3743 proprie
482 3678 516 3729 de
528 3679 731 3730 medicamentis
743 3681 804 3743 post
839 3676 1071 3740 translationibus,
1099 3691 1168 3743 quae
1195 3683 1288 3730 mutuo
1313 3691 1367 3729 non

278 3757 366 3804 certas
384 3755 519 3805 cantiones
542 3753 679 3818 religiosas
695 3753 738 3805 vel
761 3753 803 3803 di·
840 3753 1016 3819 respondent,
1034 3755 1103 3818 sums
1115 3755 1143 3804 et
1153 3755 1291 3814 4444440440,
1305 3766 1367 3805 eum

278 3842 338 3880 cam
354 3829 482 3893 mysticas
500 3831 529 3879 et
549 3830 667 3892 magicas
688 3830 802 3894 sumptis
840 3831 909 3890 tera,
937 3829 964 3880 id
990 3832 1043 3890 est,
1070 3821 1159 3900 ἄγρια
1179 3830 1369 3879 mansuescant

277 3901 356 3954 valet.
400 3905 429 3954 ln
453 3903 606 3955 huiusmodi
630 3904 725 3954 ritibus
751 3917 803 3953 nu·
840 3904 927 3968 potius
944 3915 993 3955 seu
1011 3903 1177 3964 cicurentur,
1202 3901 1302 3953 acerba
1320 3903 1368 3952 mi·

278 3990 354 4027 mero
372 3979 487 4028 ternario
505 3989 680 4042 permagnam
692 3979 747 4028 4440
759 3978 804 4027 444·
840 3983 968 4029 tescanta
999 3979 1038 4028 Tu
1061 3979 1094 4029 cl.
1116 3978 1226 4029 Accium
1244 3977 1319 4028 Botlr.
1338 3978 1366 4026 P.

277 4050 405 4102 buebant.
432 4053 544 4102 Theocr.
558 4050 675 4115 ruptis,
695 4051 740 4102 l3:
756 4045 802 4114 Ἐς
840 4053 995 4118 sapato:
1013 4053 1301 4118 Nullamcstinpenium
1312 4056 1369 4101 tan-

276 4127 337 4197 rplg
361 4120 534 4178 ἀποσπένδω
559 4127 609 4177 κα4
633 4125 695 4197 τρὶς
720 4121 801 4189 τάδε,
838 4133 893 4179 tum
914 4143 993 4192 nemra
1013 4141 1057 4178 cor
1080 4133 1133 4180 tora
1156 4130 1270 4191 serum,
1297 4127 1368 4189 Quod

277 4199 389 4263 πότνια,
408 4201 506 4265 φωνῶ.
526 4203 601 4255 Cous.
615 4205 668 4254 Sat.
687 4205 712 4266 2,
732 4204 756 4264 4,
775 4204 799 4254 ’4.
839 4217 889 4254 noa
906 4204 1019 4254 labascat
1036 4203 1137 4268 iinpua,
1155 4204 1299 4253 mitescat
1313 4215 1368 4251 ma-

278 4275 370 4332 Tibull.
385 4278 453 4340 ist,
473 4279 519 4329 56:
540 4281 669 4342 Tereum,
683 4279 804 4330 torellelis
839 4280 871 4330 lo.
900 4281 954 4330 liv.
969 4279 1014 4341 33,
1034 4279 1078 4331 tt:
1098 4283 1126 4329 nt
1141 4280 1226 4342 [cras
1243 4277 1367 4340 quosdam
