3116 4968
566 453 626 504 mu.
644 454 675 505 11.
710 457 778 507 sni.
797 460 816 508 i.
1181 469 1242 535 495

195 605 264 674 Vita
285 607 384 672 senis.
420 607 549 695 Sequor
570 607 672 688 hunc,
695 611 845 680 Lucanus
867 635 908 681 an
927 618 1049 706 Apulus
1071 642 1206 712 anceps:

195 729 274 795 Nam
292 729 475 796 Venusinus
496 739 567 796 arat
586 729 684 798 finem
705 731 767 800 sub
788 743 962 825 utrumque
984 741 1133 822 colonus,
1200 748 1241 814 35

195 849 312 916 llissus
334 831 376 917 ad
397 851 460 919 huc
481 849 598 940 pulsis,
622 863 715 920 vetus
737 865 843 922 estut
865 857 963 937 lama,
987 862 1140 943 Sabella,

194 973 267 1051 Quo
288 993 330 1039 ne
352 993 573 1060 pervacuum
594 975 737 1042 nomano
759 977 939 1046 incurreret
959 981 1074 1062 hostis,

195 1093 271 1160 Sive
293 1093 383 1182 quod
405 1093 508 1183 Apula
529 1117 610 1183 gens
631 1117 691 1164 seu
713 1097 802 1186 quod
823 1103 965 1170 Lucania
986 1103 1108 1174 bellum

217 1326 842 1395 33.8444444444.4.4444444444444444444
867 1340 895 1388 44
916 1338 1145 1410 Siuequidttq¹
1165 1360 1208 1398 444

185 1405 245 1468 quid
262 1405 368 1455 4444444
384 1406 459 1457 duelli
475 1405 585 1458 Bentleii
603 1408 772 1458 coniecturae
789 1409 903 1461 inutiles.

154 1620 296 1688 Calpurnia
312 1621 355 1673 lex
370 1621 424 1672 lata
435 1623 469 1674 sit
485 1635 510 1673 a.
526 1635 553 1672 u.
568 1635 591 1673 c.
608 1623 676 1685 cot„
715 1621 750 1673 de
767 1635 821 1688 quo
838 1623 982 1691 ambigitur
992 1643 1014 1682 a.
1028 1631 1160 1688 incertum
1173 1640 1239 1701 esta,

152 1696 383 1761 quemadmodum
395 1695 459 1760 legis
469 1697 584 1747 Liciniae
594 1697 679 1761 (sum—
715 1699 744 1747 ut
761 1699 815 1750 Liv.
836 1699 881 1762 34,
900 1703 945 1753 ta:
969 1705 999 1755 44
1015 1707 1116 1758 Sabinis
1132 1711 1241 1763 44444444

153 1773 282 1836 ptuuriue)
292 1771 393 1822 mentio
402 1769 478 1834 (Gerl.
489 1783 516 1836 p.
526 1771 589 1834 9444,
608 1784 678 1835 quae
714 1772 799 1837 infans
828 1779 903 1825 44444
929 1780 1056 1831 maecum
1080 1795 1115 1832 44
1144 1785 1240 1849 senuna

152 1847 260 1910 quaudo
278 1845 330 1897 lata
350 1847 396 1907 sit,
415 1859 526 1910 prorsus
545 1848 678 1898 incertum
714 1852 783 1898 44444.
814 1848 912 1912 41447,
931 1850 972 1902 34.
991 1853 1036 1917 36,
1056 1854 1097 1906 34.
1129 1857 1241 1911 444444-

152 1924 194 1973 444
210 1920 280 1986 (vid.
298 1921 394 1972 Baiteri
411 1921 468 1972 ind.
488 1923 567 1985 Legg.
582 1935 609 1987 p.
628 1923 677 1972 275
714 1933 771 1984 cepa
786 1920 887 1974 habeut
903 1937 953 1990 pro
970 1939 1030 1990 gan.
1046 1933 1154 1994 neutro,
1179 1934 1238 1988 coll.

151 1999 212 2061 aql,
239 1995 306 2047 nihil
328 1997 362 2046 ad
384 1995 566 2048 definiendam
587 1995 678 2048 Lucilii
715 1996 770 2046 Liv.
783 1995 829 2058 34,
847 1997 894 2049 tt:
914 1999 1063 2054 0444444444
1075 2012 1180 2070 parm,
1198 2011 1241 2060 4,..

151 2073 268 2122 aatatem
284 2070 402 2130 cculert;
421 2071 518 2123 deinde
534 2071 585 2123 loci
600 2072 679 2123 Cice·
714 2076 810 2122 444444
824 2073 851 2122 ui
867 2076 1047 2130 ueuctmuutc.
1067 2080 1134 2133 Flcr.
1147 2083 1177 2143 t,
1191 2084 1237 2146 44,

151 2146 257 2196 cernuis
268 2144 303 2195 de
316 2145 512 2206 04.4,46,44.
530 2147 561 2206 4,
578 2147 606 2208 6,
624 2147 677 2208 tu,
715 2145 746 2196 3:
766 2159 873 2211 44944444
888 2176 901 2186 -
915 2175 928 2188 -
942 2151 1079 2206 ,4444444444
1094 2155 1238 2222 incurvat,

150 2220 286 2284 inquibus
300 2219 438 2282 omnibus,
451 2223 481 2271 ut
492 2219 580 2272 adhuc
591 2223 678 2272 visum
714 2221 817 2272 44444444
838 2222 901 2274 utor
922 2239 957 2276 44
972 2241 1066 2280 sucus.
1087 2257 1113 2270 -
1137 2233 1240 2284 4444444-

150 2298 201 2358 444,
219 2294 357 2348 Lucilium
368 2297 441 2348 certe
458 2299 520 2348 ante
536 2310 561 2349 a.
573 2298 630 2348 663.
648 2301 680 2348 ut
713 2309 762 2346 444
772 2321 786 2334 -
797 2321 812 2334 -
822 2297 936 2362 colonus,
953 2303 1052 2368 44444444]
1064 2319 1090 2355 u.
1104 2319 1131 2358 u.
1145 2320 1169 2359 c.
1179 2307 1237 2360 463,

150 2373 289 2422 mortuum
317 2383 530 2422 commemorare
557 2373 677 2435 videtur,
714 2373 754 2423 De
771 2370 874 2422 colonia
890 2374 1025 2428 Venusina
1042 2380 1112 2431 coni.
1125 2382 1238 2447 iladvig.

150 2447 199 2496 etsi
216 2459 271 2495 van
292 2445 400 2496 Heusde
417 2458 444 2509 p.
458 2447 499 2496 64,
519 2445 612 2498 callide
630 2448 678 2498 im·
714 2446 811 2510 Opusc,
828 2446 910 2498 44444.
928 2452 947 2500 4.
965 2465 991 2515 p.
1004 2452 1062 2504 298.
1083 2481 1111 2491 —
1130 2457 1164 2506 44
1180 2458 1238 2520 icc,

150 2519 272 2584 perlecta
295 2517 338 2569 illa
359 2521 470 2570 44444444
490 2521 572 2572 dicare
587 2522 679 2572 4444444
714 2547 754 2558 --
766 2534 815 2583 quo
830 2521 870 2586 44]
890 2524 1028 2577 «adhunc
1045 2527 1141 2591 linem,
1159 2535 1242 2583 --ut

150 2595 185 2646 de
202 2597 341 2658 tempure,
366 2607 419 2658 quc
436 2597 464 2646 iu
488 2597 579 2647 nescio
605 2597 678 2662 quud
715 2608 782 2656 nem
800 2597 1017 2662 taruannense,
1035 2615 1086 2666 pru
1097 2617 1151 2669 quo
1162 2607 1241 2658 Bent-

150 2669 275 2720 cxsilium
296 2668 389 2733 pulsus
409 2670 460 2730 444,
489 2673 678 2736 interpretetus
715 2669 782 2721 letus
799 2681 854 2722 nou
871 2674 949 2724 alieri
965 2675 1014 2728 nisi
1032 2677 1130 2742 Digeet.
1144 2681 1189 2742 tt,
1210 2683 1238 2742 4,

151 2745 205 2804 eat,
225 2745 290 2807 quia
303 2744 395 2807 utique
405 2747 510 2796 constet
525 2745 599 2797 illum
610 2748 678 2797 ilea-
716 2744 761 2796 tt:
791 2747 813 2795 44
837 2748 935 2798 4444444
958 2763 1051 2814 meua,
1079 2767 1128 2816 quc
1151 2769 1184 2805 44
1205 2757 1240 2805 ad

150 2817 204 2883 poli
229 2819 346 2868 mortem
372 2818 469 2870 obisse.
509 2819 617 2884 (Novem
642 2821 677 2871 de
715 2819 843 2871 4444444444
857 2829 1037 2887 reverteretur,
1058 2827 1171 2891 44444444,
1196 2829 1240 2892 su-

151 2891 242 2943 Lucilii
258 2893 314 2943 vita
330 2894 490 2944 sententium
506 2894 568 2946 uide
586 2896 613 2946 in
630 2896 679 2946 Ex·
713 2893 821 2958 44444444
837 2909 899 2958 4444,
927 2907 981 2960 quo
1009 2901 1067 2963 ipsc
1089 2898 1149 2952 loco
1172 2915 1240 2953 uon-

152 2967 292 3031 cureuil.)
311 2968 450 3032 Utcunque
467 2971 558 3019 autem
576 2969 677 3020 dehac
715 2965 778 3017 nulli
802 2981 828 3019 r.
849 2983 898 3030 quc
922 2973 1054 3023 omittunt.
1077 3001 1104 3011 -
1122 2975 1240 3043 84444444]

152 3057 181 3094 re
198 3044 347 3104 statuetur,
366 3045 519 3095 etiamnunc
536 3043 607 3096 malo
618 3057 678 3095 am-
714 3041 774 3092 Vid.
788 3042 822 3093 ad
834 3043 924 3106 0d.·3‚
944 3045 974 3108 6,
992 3045 1033 3098 38.
1050 3075 1076 3085 -
1089 3063 1121 3098 44
1133 3063 1182 3113 per
1190 3065 1240 3102 vu-

151 3119 272 3182 htguum.
288 3131 315 3166 v.
333 3120 398 3168 44444
421 3119 590 3184 interpretari
617 3121 678 3184 aqui
714 3128 788 3165 44444
805 3117 868 3181 cet]
886 3119 951 3168 «sed
964 3122 993 3170 ut
1003 3123 1160 3174 resisterent
1170 3126 1241 3176 hosti

151 3195 302 3258 antiquiore
315 3193 534 3257 temporevixit,»
546 3193 676 3256 44444444,
715 3188 801 3240 coloni
820 3191 965 3242 Venusiam
987 3193 1123 3246 deducti.»
1143 3225 1170 3234 -
1189 3201 1240 3250 tio-

150 3281 263 3333 prcrsus
280 3268 424 3327 uitiati,
444 3267 487 3329 4ο,
507 3267 547 3317 64.
567 3267 678 3330 depae·-
713 3263 859 3328 munkoel
876 3267 1073 3330 pretorianis,
1091 3272 1190 3322 utsat.
1208 3274 1239 3333 4,

151 3343 376 3394 44444444444444
387 3340 597 3406 444444444444.
620 3343 675 3392 Cic.
714 3337 744 3400 4,
763 3339 803 3390 84.
822 3339 906 3404 Epcd.
924 3340 953 3402 7,
971 3341 995 3390 6.
1025 3345 1055 3394 Α.
1073 3345 1102 3394 P.
1120 3345 1172 3409 ut„
1195 3345 1238 3397 vel

150 3417 284 3477 Bruttio,
303 3415 351 3466 334
381 3417 414 3466 At
430 3416 456 3465 44
473 3417 572 3478 qudem
590 3415 678 3480 (Solon
714 3411 808 3478 supple
825 3427 902 3478 aare,
921 3417 950 3466 ut
966 3416 1022 3466 Cic.
1040 3418 1117 3468 verr.
1130 3419 1194 3471 444.
1208 3420 1237 3483 3,

151 3494 178 3542 44
201 3489 380 3552 Pisistratusl,
406 3495 435 3541 444
458 3490 548 3554 populi
571 3491 678 3541 licinum
714 3488 759 3548 lli,
778 3489 823 3539 38:
850 3503 908 3539 4444
924 3503 958 3540 ex
973 3492 1092 3544 Leontino
1108 3507 1187 3557 urqm
1203 3497 1238 3545 444

151 3571 222 3618 44444
231 3569 377 3626 444,44444,
392 3565 678 3615 44444444444444444-
713 3561 858 3624 limbum
882 3564 991 3626 44444444
1014 3568 1162 3618 vederetur.
1196 3567 1236 3619 lb.

150 3641 389 3701 clamantur,
413 3639 576 3690 udckccmtes
593 3640 678 3690 444444
712 3637 742 3698 44,
760 3636 791 3698 4,
811 3637 856 3688 ⁴0:
881 3639 909 3688 44
926 3639 1074 3692 Triocalino.
1111 3640 1177 3692 lllud
1198 3643 1240 3692 ta-

149 3715 239 3765 444444.
250 3724 254 3730 ·
264 3713 340 3764 cont.
353 3712 377 3776 ἓ.
392 3713 435 3764 tt:
457 3715 637 3774 limicolis,
649 3719 678 3763 ut
713 3723 776 3762 meu
793 3713 831 3774 (ut
847 3713 881 3763 sit
896 3724 946 3777 pro
962 3713 1091 3779 Romanis)
1107 3717 1237 3778 praestet.

150 3788 469 3853 quamcumquae,
485 3789 596 3850 4444444
605 3789 677 3839 4444-
713 3788 770 3837 tion
799 3788 873 3837 recte
900 3786 943 3837 ulii
970 3787 1071 3838 habent
1099 3801 1148 3853 pro
1174 3801 1234 3852 geu.

150 3867 257 3926 4444444,
274 3875 327 3913 uon
342 3863 382 3912 444
396 3875 456 3912 4444
470 3868 548 3913 444444.
712 3863 799 3911 neutr.
809 3875 859 3912 av,
869 3863 1017 3911 4444444444,
1028 3887 1058 3899 ·-
1068 3863 1239 3925 Stchucttn

712 3935 801 3986 4444444
816 3933 952 3997 4444444444]
971 3936 998 3985 in
1016 3947 1089 3998 prce.
1107 3950 1147 3987 cr.
1165 3939 1237 3992 44444

180 4012 271 4066 34-38.
300 4013 418 4062 Lucanus
434 4012 495 4073 cet]
518 4011 576 4061 Viti.
594 4011 628 4061 ad
647 4023 673 4060 v.
712 4009 820 4073 aliquod
842 4007 943 4061 bellum
968 4009 1109 4072 tutamen»
1137 4013 1238 4065 dictum

150 4089 189 4141 33.
204 4115 233 4128 -
246 4087 349 4152 armeus]
368 4086 437 4149 «Ego
455 4085 552 4136 dubius
565 4097 625 4137 sum
637 4087 676 4135 44-
712 4087 754 4137 444
775 4088 806 4136 ut
824 4085 937 4136 incutere
956 4084 1076 4148 uerbere,
1100 4091 1235 4151 44444444,

58 4209 60 4215 .
150 4175 200 4229 que
216 4165 353 4222 incertua3
371 4173 435 4212 nam
445 4161 572 4211 Venusini
589 4161 675 4211 Luca·
710 4165 811 4211 4444444.
842 4161 884 4210 Sic
910 4160 1020 4210 incutere
1048 4161 1132 4211 444444
1159 4161 1233 4214 Ouid.

149 4240 188 4292 nis
205 4241 270 4293 sunt
283 4237 390 4289 finitimi
407 4239 434 4287 et
444 4235 561 4301 Apulis.»
579 4237 672 4286 Poma.
711 4235 787 4286 trist.
802 4235 829 4296 l,
843 4235 870 4284 44
881 4272 887 4296 ,
900 4233 941 4285 li.
962 4233 1029 4286 Male
1041 4233 1159 4290 nonnulli
1170 4237 1236 4298 quud

150 4314 235 4367 italim
253 4313 390 4376 4444444444
399 4311 566 4376 interpretari
585 4323 672 4374 «eum,
711 4336 725 4348 ·
736 4311 803 4372 quud
817 4308 941 4360 dixerunt
957 4321 1018 4362 4444
1035 4309 1200 4375 particulam.
