3156 4972
572 465 631 515 un.
650 465 681 514 n.
716 465 783 515 sar.
804 465 845 514 vr.
1199 464 1261 530 343

218 623 344 704 Quidve
366 621 407 689 ad
432 621 604 694 amicitias,
628 641 707 686 usus
730 631 911 696 rectumne,
935 619 1037 686 trahat
1059 643 1134 700 n0s;
1218 623 1258 686 75

217 747 255 812 Et
277 765 363 834 quae
385 744 426 810 sit
448 753 562 810 natura
583 741 659 808 boni
682 763 909 831 summumque
931 741 1009 830 quid
1031 743 1111 810 eius.

218 867 352 934 Cervius
375 865 455 934 haec
479 865 561 932 inter
582 864 707 932 vicinus
729 865 829 952 garrit
850 863 951 932 aniles

218 989 262 1053 Er
285 1008 321 1054 re
343 985 486 1054 iahellas.
530 987 563 1052 Si
586 987 660 1074 quis
683 1009 757 1054 nam
779 985 888 1053 laudat
908 963 1004 1052 Arelli

217 1109 376 1176 Sollicitas
397 1109 529 1196 ignarus
551 1129 647 1196 epae,
671 1109 718 1176 sio
741 1107 865 1196 incipit:
889 1107 975 1175 Olim

217 1231 367 1298 Rusticus
389 1229 549 1297 urbanum
570 1250 697 1296 murem
720 1250 793 1296 mus
813 1249 958 1317 paupere
980 1229 1080 1297 lertur
1222 1230 1263 1293 80

217 1353 392 1440 Accepisse
414 1372 510 1429 cavo,
533 1361 677 1420 veterem
699 1361 791 1418 vetus
813 1349 934 1439 hospes
956 1351 1107 1429 amioum,

217 1477 320 1562 Asper
341 1485 374 1540 et
395 1483 534 1540 attentus
555 1471 725 1560 quaesitis,
749 1481 784 1538 ut
805 1483 912 1540 tamen
935 1451 1039 1540 artum

240 1719 282 1768 75.
301 1723 426 1769 recitative
441 1731 468 1784 p.
492 1746 518 1754 -
538 1719 579 1768 77.
598 1718 695 1768 cotim
711 1729 737 1781 p.
759 1744 785 1752 —
806 1715 846 1767 78.
866 1730 927 1766 num
943 1719 964 1767 si
981 1718 1037 1780 quie
1054 1719 1163 1783 Sp,LCt.
1190 1721 1229 1782 (Ut

205 1793 342 1930 ioeigssbf'
366 1790 497 1860 γκλμντω
521 1791 658 1856 «aliique».
692 1791 730 1842 Ci.
750 1792 802 1840 Sat.
820 1793 845 1853 i,
864 1791 888 1854 3,
906 1791 946 1842 20.
969 1790 1010 1842 44.
1032 1791 1088 1842 302.
1117 1793 1181 1858 Epp.
1204 1795 1228 1854 2,

171 2093 384 2156 quereturque.»
413 2091 497 2142 Coun.
512 2089 590 2147 Cnuo.
612 2091 699 2140 -sad
737 2087 863 2152 frequens
876 2087 1032 2140 tabellarum
1042 2093 1068 2140 et
1078 2089 1263 2155 exemplorum

171 2167 239 2230 quod
254 2166 337 2229 inopis
352 2163 414 2228 cet]
433 2163 496 2215 «sed
515 2165 640 2214 Socratici
655 2177 700 2228 ge-
736 2165 852 2224 initium,
866 2167 986 2214 nostrum
998 2155 1116 2216 stainei.
1144 2166 1197 2216 Cir.
1211 2168 1262 2218 Do-

171 2243 245 2295 neris
271 2241 355 2291 nostri
382 2244 445 2290 sunt
469 2251 639 2291 sermones.»
669 2270 695 2278 -
736 2243 790 2289 nat.
812 2238 846 2288 ed
872 2240 977 2289 Terent.
999 2239 1080 2290 Andr.
1102 2241 1133 2300 5,
1159 2239 1190 2303 4,
1218 2243 1258 2292 244.

171 2316 298 2376 namne]
317 2314 534 2378 Coui.Epod.l‚
554 2315 621 2364 7.-
640 2329 699 2365 una
736 2315 844 2378 Eppl,
864 2316 892 2376 4,
911 2314 951 2364 73.
982 2315 1261 2376 maiestates:

170 2391 312 2455 rectumne]
337 2393 443 2440 «utrum
466 2389 529 2440 utile
555 2403 589 2440 an
612 2390 699 2440 hone·
735 2395 763 2439 ut
780 2391 907 2451 cumdum
924 2389 1263 2451 salmanassar-elutis

171 2471 243 2520 stum
255 2465 385 2514 amicitias
398 2465 556 2514 contrahere
572 2463 696 2514 debeat.»
735 2477 863 2528 --upnm
894 2465 947 2516 Cir.
971 2463 1046 2514 Hand
1071 2466 1146 2516 Ture.
1169 2467 1211 2516 lV.
1232 2481 1259 2532 p.

173 2568 201 2576 -
214 2551 389 2599 mantumque
407 2537 469 2602 cet]
488 2535 537 2587 vro
549 2535 630 2600 τέλος
641 2535 699 2589 τῶν
735 2537 784 2589 368
801 2551 842 2602 sq.
864 2567 891 2576 -
907 2541 1021 2590 Rusticus
1037 2540 1099 2605 cet]
1117 2541 1260 2592 Notissima

169 2609 306 2682 ἀγαθῶν,
329 2607 420 2679 ἡδονὴ
438 2607 459 2677 ἧ
475 2606 576 2682 ἀρετή,
599 2626 698 2678 perpe·
735 2615 803 2664 haee
833 2612 921 2664 iabula
949 2615 1019 2664 inter
1048 2613 1193 2668 Bebrianas
1219 2619 1261 2668 est

171 2693 215 2742 tua
241 2687 284 2739 illa
302 2689 484 2739 controversia
509 2689 579 2739 iuter
595 2690 698 2740 Stoicos
736 2689 792 2738 408.
814 2701 857 2751 ap.
881 2689 942 2738 Cor.
964 2688 1021 2738 304.
1043 2713 1070 2726 -·
1090 2703 1189 2740 moran
1205 2705 1262 2742 man

170 2768 198 2817 et
214 2765 375 2830 Epicureos,
398 2777 447 2814 nes
464 2776 572 2828 quoque
589 2765 695 2827 agitat.»
735 2789 749 2800 ·
765 2769 901 2813 -veterem
924 2761 1007 2826 octus]
1035 2763 1132 2814 :Vides
1157 2763 1200 2814 his
1225 2765 1261 2816 ita

173 2867 199 2878 -
219 2839 281 2900 dau]
304 2837 370 2888 Vide
388 2837 536 2890 Excursum
553 2837 587 2888 ud
605 2837 653 2888 0d.
667 2838 695 2898 3,
735 2836 899 2900 disposuisse
917 2836 1015 2898 verbs,
1033 2839 1064 2888 ut
1082 2838 1203 2889 eiusdem
1215 2851 1262 2888 no·

171 2916 216 2974 44,
235 2914 277 2964 48.
734 2912 813 2962 minis
831 2911 952 2960 diversae
975 2910 1076 2960 iormae
1094 2911 1176 2978 nitere
1193 2911 1261 2964 alte-

202 2987 293 3037 77-79.
320 2986 430 3050 Gauius]
453 2985 556 3052 lepidus
573 3001 605 3038 ac
623 2989 697 3038 iace·
734 2999 792 3038 ram
814 2986 962 3050 exciperem
989 2984 1016 3035 id
1038 2985 1110 3050 quod
1133 2986 1261 3038 amabant
1339 3027 1342 3037 .

169 3065 213 3112 tus
237 3061 336 3112 lloratii
359 3061 473 3122 vicinus,
500 3063 576 3112 cuius
597 3075 696 3113 nornen
733 3059 805 3111 latini
816 3061 987 3124 scriptores.»
1005 3061 1259 3127 Dicisne-mper]

168 3135 317 3200 posteritati
340 3135 446 3185 hodene
466 3135 566 3201 placuit
585 3138 694 3200 poetse3
735 3133 908 3194 «laboriosus,
922 3135 949 3182 et
961 3134 1069 3184 minime
1082 3133 1258 3186 luxuriosus.»

168 3210 276 3260 Arellius
293 3211 385 3259 contra
402 3223 512 3269 avarus,
532 3211 595 3260 item
612 3211 638 3262 in
654 3212 697 3260 vi·
735 3237 763 3246 -
782 3209 904 3273 ouentva]
931 3220 1071 3271 «parcus»
1098 3211 1127 3258 ut
1151 3209 1255 3260 Terent.

169 3286 238 3335 cinia
263 3283 395 3334 habitans.
439 3286 470 3336 Ut
494 3285 600 3335 nomina
626 3275 704 3336 haec'
733 3282 825 3344 hdo,
844 3283 873 3344 8,
892 3283 939 3332 34;
956 3283 1259 3336 ninniumotireminoe·

169 3357 473 3424 pretiotishaheamuS.
494 3357 555 3409 nihil
574 3359 694 3424 proiecto
731 3363 804 3409 necta
820 3357 908 3408 manti
923 3370 1016 3407 summ.
1047 3357 1101 3408 Cic.
1116 3371 1165 3421 pro
1177 3359 1258 3419 Quin-

168 3445 268 3483 causae
287 3434 335 3482 est.
352 3460 379 3468 -
392 3433 484 3496 ponit]
498 3435 695 3484 acumiterusr-
732 3434 784 3484 otio
810 3432 838 3491 3,
865 3433 910 3483 ti:
936 3432 1125 3495 paterfamilias
1149 3439 1172 3485 at
1191 3449 1257 3497 pm·

168 3511 210 3558 rat
227 3505 337 3558 iabellas
349 3509 477 3572 Aesopias
495 3508 587 3568 anthe,
606 3509 695 3558 omni·
732 3509 791 3558 dens
813 3513 835 3558 st
857 3512 973 3558 amatu
1012 3508 1077 3572 Epp.
1101 3510 1127 3570 4,
1151 3511 1181 3570 7,
1204 3511 1254 3560 hl:

169 3583 220 3634 hus
237 3583 291 3632 iam
308 3595 358 3647 per
375 3583 508 3632 nutricum
528 3583 693 3634 narrationes
730 3585 830 3644 Dono,
857 3583 907 3642 ait,
934 3581 1020 3644 Vellei,
1042 3583 1118 3633 nanis
1134 3588 1257 3634 euentus-

168 3657 230 3707 inde
248 3671 263 3708 a
282 3657 393 3720 pueritia
415 3659 504 3718 notas,
532 3669 583 3706 uec
604 3661 694 3707 tamen
731 3657 1054 3719 acaemitensium.
1085 3658 1151 3721 Epp.
1169 3659 1199 3718 7,
1225 3659 1253 3720 4,

167 3745 289 3794 unquam
307 3731 477 3792 immundas,
496 3733 519 3783 si
535 3731 621 3782 iacete
634 3742 694 3781 nar·
732 3733 791 3782 tta:
807 3732 891 3794 patris
907 3732 1002 3780 attona.
1019 3759 1046 3768 -
1059 3737 1088 3780 ut
1098 3731 1254 3796 temneat]

167 3811 286 3857 rentur.»
316 3806 354 3857 Ci.
374 3807 427 3856 Sat.
447 3808 474 3865 4,
494 3807 537 3865 40,
557 3805 603 3857 44;
628 3820 693 3868 por·
731 3806 780 3855 nita
800 3809 902 3865 minen,
922 3807 951 3855 ut
967 3805 1086 3855 animum
1104 3804 1167 3856 alias
1188 3819 1255 3857 eou-

167 3883 221 3931 rire
240 3881 341 3930 libellos.
363 3908 389 3916 -
408 3882 451 3930 En
467 3880 508 3944 re]
530 3893 594 3945 apro
617 3893 693 3931 eom·
729 3882 844 3930 tractum
862 3893 893 3930 ao
919 3892 1003 3944 prope
1021 3865 1128 3930 lunium
1153 3878 1254 3931 laxaret

168 3953 265 4016 modo,
290 3955 317 4004 id
335 3957 388 4015 est,
416 3969 485 4018 quae
503 3968 565 4004 cum
582 3967 611 4004 re
629 3967 693 4018 pro·
728 3955 853 4016 homiliis»
873 3955 998 4016 (dativus,
1017 3956 1046 4003 ut
1058 3955 1149 4005 iuven.
1162 3953 1192 4016 4,
1206 3956 1236 4005 67
1246 3971 1251 4004 ;

166 4029 252 4093 posita
262 4031 447 4079 conveniunto
467 4028 519 4079 Cir.
531 4028 605 4078 Hand
616 4029 690 4078 Turs.
726 4043 838 4092 propero
854 4029 1008 4078 stornachum
1019 4027 1111 4078 lusura
1126 4029 1253 4094 supinis),

166 4105 197 4154 41.
224 4117 250 4168 p.
276 4103 333 4153 6644.
365 4131 392 4140 -
421 4103 547 4153 Sollicitos
574 4103 691 4166 ipanus]
731 4117 775 4154 sse
793 4103 952 4154 exhilararet
976 4102 1111 4152 interdum
1133 4103 1252 4168 hospites

166 4179 302 4240 «nescius,
335 4181 461 4242 quanam
488 4177 691 4228 sollicitudinem
729 4178 890 4228 invitando.»
909 4182 1037 4226 -urtum
1053 4176 1171 4242 Solveret]
1186 4179 1249 4242 Epp.

165 4251 263 4303 Arellio
282 4252 323 4302 isti
340 4252 478 4304 silerent·
730 4253 759 4313 4,
778 4255 806 4314 44,
825 4253 872 4302 20:
900 4252 1036 4302 Contracta
1052 4265 1124 4312 quem
1140 4267 1190 4302 non
1208 4253 1252 4316 (le-

198 4329 288 4379 79-87.
319 4327 396 4391 Olim]
424 4327 488 4378 Olim
514 4331 541 4377 et
566 4329 692 4388 amodum
729 4328 764 4376 cit
781 4326 942 4389 ebrietaslt'n
955 4331 1105 4390 paupertate
1126 4325 1252 4377 miratum?
