3192 4974
283 409 287 416 ’
315 429 378 494 438
679 429 807 480 uounru
825 428 1044 491 urrsronnuuu

357 586 506 653 Deludiet
528 585 710 670 condetque
733 583 873 652 nitentia.
927 584 1007 649 Cum
1029 583 1114 650 bene
1137 593 1247 648 notum
1365 583 1406 646 25

359 709 505 774 Porticus
528 707 687 794 Agrippae
712 716 745 772 et
764 705 817 771 via
839 715 870 770 te
893 707 1099 792 conspexerit
1117 704 1218 791 Appi,

360 833 411 896 lre
435 839 540 894 tamen
563 837 676 902 restat,
700 828 891 913 Numaque
914 825 1045 892 devenit
1065 836 1098 892 et
1119 827 1235 892 Aucus.

362 953 394 1018 Si
417 950 499 1017 latus
522 959 577 1016 aut
600 969 694 1015 renes
717 947 831 1014 morbo
855 957 1016 1014 tentantur
1042 957 1151 1022 acuto,
1181 977 1184 985 ·

360 1075 489 1152 Quaere
512 1071 619 1158 fugam
641 1070 755 1136 morbi.
800 1071 854 1136 Vis
876 1079 964 1136 recta
986 1069 1113 1135 vivere:
1138 1048 1212 1155 ouis
1235 1069 1322 1134 non?

382 1245 424 1294 26.
449 1239 477 1304 ct]
492 1253 546 1292 om.
565 1240 628 1291 bed.
650 1267 677 1278 -
697 1240 738 1290 3⁴.
758 1245 831 1302 patos
852 1241 881 1300 E,
899 1237 961 1302 βζιι,
985 1239 1103 1302 quinque
1121 1237 1233 1289 Codices
1251 1239 1372 1302 cruquti,

350 1316 494 1368 Bentleius.
512 1345 538 1354 -
558 1322 581 1366 ct
594 1329 728 1380 superscr.
741 1321 769 1364 ct
785 1317 811 1376 S,
823 1318 851 1364 ut
864 1315 1006 1379 (superscr.
1025 1313 1058 1377 ct)
1075 1311 1102 1374 b.
1120 1318 1149 1364 ut
1163 1326 1190 1377 p,
1208 1313 1272 1364 item
1291 1313 1372 1375 teto,

319 1471 390 1508 surr.
412 1485 439 1494 να
458 1457 517 1506 deno
532 1455 627 1520 notum]
646 1455 707 1518 quia
725 1454 843 1519 quotidie
882 1452 1195 1517 Marburg.t838.p.tt.
1225 1453 1259 1502 At
1276 1455 1339 1504 satis
1357 1455 1407 1505 de-

319 1534 375 1583 lere
387 1531 461 1582 ibite
474 1528 657 1581 ambulantem
669 1530 761 1578 vident
771 1529 849 1580 cives.
882 1528 998 1579 tenditur
1024 1526 1147 1578 membro
1173 1524 1345 1597 παραλλήλῳ
1370 1531 1409 1580 uis

319 1607 365 1657 tui.
386 1633 414 1642 -
432 1605 545 1656 Portica
565 1604 702 1669 Agrippae]
724 1603 845 1654 Porticus
882 1608 947 1654 recta
967 1603 1063 1662 otverc;
1082 1602 1112 1651 ut
1129 1604 1246 1664 taceam,
1266 1617 1298 1654 eo
1315 1603 1409 1656 subla-

319 1682 434 1745 Neptuni
450 1693 472 1730 a.
486 1681 699 1743 Argonautarum
713 1678 753 1741 (cl.
769 1679 846 1728 llein-
883 1679 910 1728 to
927 1678 1004 1728 nimis
1021 1675 1135 1740 abrupta
1152 1675 1195 1727 illa
1213 1677 1283 1729 lore:
1310 1680 1409 1742 Quum

319 1756 376 1806 rich
388 1755 422 1806 ad
433 1756 524 1804 iuven.
535 1754 562 1814 6,
578 1753 644 1815 463.)
657 1766 672 1802 a
684 1754 718 1804 ld.
731 1754 846 1816 Agrippa
882 1754 971 1817 sapam
988 1751 1078 1802 morbi.

320 1845 344 1882 a.
366 1845 392 1881 u.
415 1843 439 1880 c.
461 1829 518 1880 729.
539 1829 674 1879 exstructa
691 1831 719 1879 et
735 1829 846 1892 picturis
916 1827 1005 1877 30-33.
1024 1827 1217 1890 stolata-scat]
1231 1829 1305 1886 Nota,
1326 1840 1411 1891 quau-

319 1917 411 1956 rcrum
428 1903 463 1954 ab
481 1904 638 1967 Argonautis
656 1905 790 1966 gestarum
803 1917 848 1953 ex·
884 1905 910 1952 ta
934 1914 996 1952 cum
1022 1903 1078 1950 arte
1104 1902 1182 1952 unice
1206 1915 1301 1952 verum
1326 1903 1409 1954 linem

320 1981 423 2030 ornata.
458 1975 515 2038 (Dio
540 1979 615 2028 Cass.
636 1978 682 2038 53,
708 1978 759 2041 st.)
792 1976 846 2028 Sub
884 1975 1052 2041 paucissimis
1069 1975 1159 2026 verbis
1178 1976 1303 2040 tetigerim
1327 1976 1410 2028 noluit

320 2056 372 2104 hac
389 2053 545 2116 frequenter
562 2050 773 2103 deambulabant
795 2054 848 2103 lto-
885 2053 956 2102 enim
973 2051 1007 2102 de
1029 2051 1081 2102 boc
1102 2050 1161 2102 luco
1182 2053 1318 2103 communi
1340 2053 1409 2104 Stoi-

321 2129 402 2180 mani.
431 2125 479 2178 Alii
503 2127 591 2178 minus
608 2129 682 2177 recte
699 2125 848 2190 intelligunt
885 2140 979 2178 corum
995 2123 1124 2177 θύλακον
1140 2125 1226 2190 plenis
1238 2126 1411 2179 manibusel-

321 2203 356 2253 de
389 2202 494 2265 porticu
528 2213 613 2264 prope
646 2201 783 2252 Pantheon
812 2199 846 2250 ab
884 2200 1010 2260 tundere3
1029 2213 1080 2252 nec
1097 2214 1162 2252 vero
1174 2201 1318 2268 iaciatque
1331 2203 1411 2273 εἰρω-

321 2277 436 2340 Agrippa
470 2275 567 2325 eodem
599 2287 669 2324 anno
702 2277 845 2325 exstructa.
885 2277 976 2338 νειας,
995 2278 1025 2325 ut
1038 2278 1192 2340 sequentia,
1211 2289 1304 2328 ansam
1316 2276 1408 2328 dabat.

323 2353 380 2415 (Dio
404 2349 478 2412 ibid.)
504 2379 531 2386 -
553 2351 598 2400 cto
618 2350 690 2414 Appi]
709 2350 793 2414 Epod.
816 2349 846 2411 l,
887 2378 915 2387 -
934 2350 1189 2414 omissis--detlctlrl
1206 2346 1249 2417 μὴ
1267 2348 1408 2421 θρύπτου.

323 2425 363 2476 ll.
389 2425 442 2474 Sat.
462 2426 490 2486 l,
513 2427 542 2486 5,
565 2425 589 2475 6.
619 2425 849 2489 Frequentabatur
887 2425 1116 2476 ullenuntiaudum
1150 2429 1191 2478 eat
1229 2425 1411 2491 voluptatibus

323 2512 432 2564 semper
452 2513 468 2548 a
491 2498 616 2550 divitibus
639 2501 666 2550 iu
688 2499 764 2550 villus
785 2514 848 2552 suas
885 2500 1036 2563 harumque
1059 2499 1192 2550 desiderio
1216 2499 1333 2562 occulto;
1360 2515 1412 2552 ne-

322 2589 373 2639 per
392 2575 566 2638 Campaniam
587 2576 651 2625 sitas
673 2577 849 2626 commeanti·
886 2586 939 2636 que
952 2587 1071 2638 uuquam
1082 2573 1295 2639 lamentandum,
1314 2577 1411 2628 duram

324 2650 385 2702 bus.
410 2677 437 2686 -
463 2650 550 2698 Numa
565 2675 580 2686 -
597 2676 612 2687 -
626 2650 720 2715 Ancus]
741 2650 759 2699 ii
781 2652 850 2700 iuter
888 2649 992 2698 vivendi
1008 2650 1140 2700 rationem
1157 2664 1173 2700 a
1191 2654 1216 2701 te
1234 2651 1348 2703 electam
1365 2665 1411 2704 es-

324 2727 422 2788 neges,
442 2737 557 2788 quorum
575 2738 638 2774 cara
654 2727 780 2777 Romanis
800 2739 849 2776 no-
887 2737 942 2774 se.»
963 2749 991 2760 -
1009 2725 1061 2774 lloc
1079 2725 1133 2787 ape]
1153 2727 1213 2776 auci
1229 2726 1318 2777 virtuti
1336 2728 1412 2778 lorti-

324 2800 395 2850 mina
407 2798 479 2848 velut
495 2800 521 2849 in
533 2799 707 2864 proverbium
718 2799 847 2851 abierant.
887 2801 929 2848 ter
945 2797 1050 2848 stude·
1077 2799 1143 2849 Vide
1156 2798 1190 2848 ad
1202 2801 1254 2850 Sat.
1268 2803 1296 2861 2,
1310 2801 1338 2862 3,
1352 2803 1408 2852 ⁴52.

323 2873 383 2924 Vid.
397 2873 431 2924 ad
449 2873 497 2924 0d.
511 2873 539 2935 l,
558 2875 587 2934 7,
608 2875 647 2924 tt.
890 2897 916 2908 -
933 2874 1053 2924 Virtutem
1062 2872 1224 2936 occupatas
1234 2876 1297 2940 cet]
1310 2876 1411 2928 Eadem

357 2947 399 2998 ιδ.
410 2946 450 2997 29.
464 2947 492 2997 st
503 2947 776 3012 lutusautrenascet.]
788 2951 851 2998 Seu·
888 2949 996 2999 omissio
1013 2946 1158 3011 particulae
1179 2950 1200 3000 a·
1222 2953 1263 3001 est
1285 2951 1366 3016 Epist.
1383 2953 1409 3012 Ξ,

326 3022 469 3072 tertiarum
479 3035 563 3072 uerus
576 3023 619 3074 bic
631 3025 685 3074 est:
702 3024 851 3084 «Quemad-
887 3023 916 3082 ι,
939 3021 1000 3072 20⁴:
1027 3023 1084 3073 Nun
1106 3024 1209 3086 unimur
1231 3027 1331 3076 tunstdia
1351 3027 1413 3076 odis

327 3097 450 3159 modum,
474 3097 521 3148 ubi
539 3100 659 3163 corporis
677 3099 772 3150 morbo
791 3102 851 3151 tan·
888 3097 1004 3158 acutum
1019 3099 1141 3159 ιιιιιιάο,
1160 3101 1187 3148 et
1204 3097 1265 3150 alibi
1283 3101 1355 3150 baud
1366 3114 1412 3150 ra-

327 3172 404 3233 taris‚
421 3173 540 3222 remedia
553 3172 600 3222 tibi
612 3175 766 3238 quaerenda
778 3177 849 3235 sunt,
888 3185 928 3222 ro.
943 3199 968 3210 -
984 3171 1114 3234 (lirensis
1131 3172 1165 3223 ad
1183 3171 1296 3224 alterum
1313 3177 1412 3226 summi

328 3259 396 3309 quae
422 3245 604 3298 valetudinem
629 3250 781 3300 restituant:
812 3251 851 3300 sic
888 3245 952 3297 boni
969 3259 1068 3310 genus,
1091 3248 1164 3311 quod
1186 3249 1304 3312 positum
1321 3252 1363 3301 est
1385 3251 1413 3300 in

327 3319 373 3370 ubi
390 3318 551 3372 intellexeris
568 3320 653 3373 solam
664 3323 789 3374 virtutem
801 3325 852 3374 du·
888 3321 995 3383 divitiis,
1013 3335 1039 3370 v.
1053 3321 1140 3373 at-ta.
1165 3324 1305 3376 Conuactit
1321 3330 1413 3376 autem

327 3408 390 3446 cere
405 3395 438 3444 ad
450 3397 524 3445 recte
541 3394 675 3461 beateque
692 3399 850 3462 nuendum,
888 3410 933 3448 res
945 3397 1064 3448 diversas
1081 3399 1235 3460 poetarum,
1254 3412 1308 3450 nou
1324 3399 1413 3463 pbilo-

327 3470 397 3520 banc
418 3473 526 3520 strenua
548 3473 662 3522 sectare.
693 3473 806 3534 Contra,
829 3475 852 3526 si
889 3473 1035 3535 sophorum
1053 3485 1129 3523 more
1146 3473 1227 3537 idque
1246 3487 1296 3537 per
1317 3487 1414 3538 perso-

328 3556 465 3596 summum
481 3544 583 3596 bonum
601 3547 629 3598 in
641 3549 758 3600 externis
769 3548 852 3601 rebus
889 3559 951 3597 nam
969 3545 1116 3597 secundam
1132 3547 1173 3610 (cl.
1186 3547 1251 3612 Epp.
1266 3550 1294 3610 l,
1313 3551 1342 3610 t,
1360 3549 1413 3612 ta.)

327 3619 445 3684 positum
461 3621 550 3684 palae,
569 3621 625 3672 sive
642 3623 669 3673 in
686 3623 782 3674 divitiis
800 3626 851 3688 (vv.
885 3627 974 3684 putum
994 3633 1077 3684 quare
1095 3622 1223 3672 dissentio
1240 3621 1275 3672 ab
1287 3621 1354 3684 aliis,
1367 3624 1412 3687 qui

328 3693 437 3758 3448),
456 3695 512 3746 sive
529 3696 555 3746 in
572 3696 719 3750 honoribus
731 3701 758 3749 et
769 3700 852 3762 gratia
888 3697 1064 3761 praeceptum
1081 3696 1133 3747 huc
1151 3697 1200 3760 ipsi
1216 3698 1351 3759 Numisio,
1370 3701 1415 3748 ut-

329 3768 450 3833 populari
468 3771 519 3834 (vv.
538 3771 647 3835 tacti,
666 3774 722 3830 siva
740 3774 766 3824 in
781 3775 853 3826 victu
888 3773 951 3836 pote
976 3771 1078 3822 homini
1103 3770 1223 3822 mutabili
1248 3785 1337 3835 neque
1363 3772 1414 3824 sibi

329 3856 410 3906 quam
428 3843 575 3897 lautissimo
593 3848 644 3910 (vv.
664 3847 777 3910 tit-db),
796 3849 851 3900 sive
890 3847 1033 3906 mosanti,
1052 3845 1153 3896 dictum
1170 3848 1265 3910 putant
1276 3849 1345 3898 cet.»
1363 3847 1415 3898 Οι-

329 3919 355 3968 in
377 3919 514 3972 amoribus
536 3922 586 3984 [vv.
604 3922 714 3984 tta-ott
737 3923 852 3986 agedum
890 3919 954 3984 ιιι.)
983 3921 1098 3981 «Quodsi
1111 3923 1216 3982 contra¹
1235 3935 1305 3986 quae
1317 3921 1351 3972 da
1363 3923 1416 3972 vir·

330 3992 378 4044 has
400 4009 445 4047 res
466 3996 655 4062 amplectere.»
675 4023 703 4034 -
723 3998 790 4048 totus
808 4004 854 4048 aut
890 3996 1341 4062 tutedisputantruapbilosopbis‚
1361 3997 1416 4048 ina-

327 4069 406 4132 rcnes]
424 4068 566 4142 πλευρῖτις
583 4064 604 4137 ἢ
620 4075 756 4142 vappam.
777 4073 853 4124 Idem
890 4073 932 4122 nia
950 4069 1032 4121 verba
1049 4073 1141 4135 putas,
1167 4074 1196 4122 ut
1211 4071 1334 4123 lucorum
1352 4068 1416 4122 reli-

329 4142 477 4197 versiculus
495 4149 537 4197 est
552 4148 605 4196 Sat.
618 4147 646 4207 ι,
659 4145 688 4209 3,
702 4147 770 4208 463,
789 4159 854 4211 qua·
890 4147 996 4210 glanem
1013 4145 1088 4198 multi
1106 4147 1293 4209 mutemuuut,
1312 4159 1414 4210 eosque

330 4219 440 4281 propter
464 4233 526 4270 eum
551 4221 603 4270 hoc
626 4219 686 4272 loco
709 4219 853 4272 delendum
891 4219 953 4272 nihil
976 4222 1025 4273 uisi
1046 4222 1158 4274 arbores
1179 4224 1273 4286 putant
1293 4235 1345 4272 non
1364 4234 1417 4272 uu-

329 4293 423 4344 cenaet
440 4293 469 4343 C.
488 4293 514 4344 F.
533 4293 701 4347 llermaunus
718 4297 744 4346 in
762 4297 852 4360 Progr.
891 4297 955 4348 mint
967 4295 1043 4348 alicui
1059 4299 1188 4360 sacratas,
1208 4297 1258 4348 sed
1275 4297 1414 4348 bominum
