3130 4966
564 433 663 505 mni.
698 455 765 505 sir.
785 455 826 504 αι.
1197 453 1238 520 49

154 611 218 678 Cur
241 610 273 675 in
296 610 474 677 amicorum
496 611 580 678 vitiis
603 621 667 678 tam
689 611 795 680 cernis
817 619 961 688 acutum,

153 733 257 813 Quam
279 741 335 799 aut
355 732 464 821 aquila
485 745 541 800 aut
562 753 697 822 serpens
720 733 938 820 Epidaurius?
974 735 1011 800 lt
1034 733 1090 800 tibi
1115 743 1225 802 contra
1321 737 1322 740 ’

153 853 279 932 Evenit,
305 854 467 942 inquirant
488 855 564 922 vitia
585 865 620 920 ut
641 865 696 921 tua
719 877 832 922 rursus
854 865 885 922 et
907 854 961 921 illi.

154 975 344 1044 iracundior
364 987 415 1044 est
438 975 551 1064 paulo,
575 975 681 1042 minus
703 987 797 1065 aptus
819 977 921 1043 acutis

154 1096 291 1164 Naribus
313 1095 429 1163 horum
451 1096 632 1178 bominum;
655 1097 753 1164 rideri
776 1099 879 1186 possit
901 1119 954 1178 eo,
979 1099 1068 1187 quod
1197 1101 1238 1166 30

219 1344 261 1393 44.
288 1343 328 1408 At]
354 1357 385 1393 oc
409 1343 449 1393 lib
474 1343 534 1405 (non
559 1341 647 1409 Scdp).
676 1371 703 1382 -
731 1345 771 1394 49.
791 1345 895 1396 aduncis
920 1345 1000 1397 dubie
1025 1346 1137 1398 Bentleii
1160 1360 1208 1398 su-

189 1431 280 1484 spreto.

160 1645 328 1706 dubitarunt,
347 1645 515 1699 demonstrat
526 1647 592 1713 Epp.
605 1647 636 1709 2,
650 1649 680 1710 i,
719 1661 780 1699 rum
789 1649 1061 1714 iudiciocompenseri
1071 1627 1245 1710 debeantfte·

160 1721 221 1770 ⁴27:
247 1722 317 1771 Βακτ
337 1735 394 1772 meo
411 1722 527 1773 delecm
548 1724 619 1773 moto
633 1736 681 1773 me.
721 1734 795 1785 men,
809 1725 839 1772 ut
849 1723 892 1784 tit,
907 1722 979 1773 velut
989 1722 1149 1774 lineamenta
1164 1737 1247 1789 quae-

160 1794 197 1845 Ci.
216 1795 355 1847 Phaedrus
372 1795 400 1858 i,
420 1797 463 1860 id,
482 1796 511 1847 i:
534 1797 589 1848 Hoc
604 1797 684 1848 reoi-
721 1796 785 1846 dam
805 1809 915 1848 suorum
937 1809 1044 1848 morum
1066 1799 1244 1849 immiscuisse

158 1869 215 1919 dero
230 1871 461 1921 costr-amatorios
472 1883 618 1934 persianum
635 1871 684 1920 4444
721 1869 841 1931 videtur,
859 1883 953 1922 secum
970 1875 1109 1936 reputans,
1136 1875 1246 1938 propter

158 1943 231 1994 simul
246 1945 404 2006 delinquunt,
422 1959 638 1996 cmscressumus.
655 1971 682 1982 -
721 1957 791 2008 quae
825 1945 912 2009 ipsum
945 1945 1079 1996 interdum
1106 1961 1246 2018 μυκτηρι-

159 2017 254 2083 emta]
271 2019 301 2069 ll.
319 2035 346 2090 ρ,
364 2019 426 2071 oti:
454 2017 560 2084 αἰετός,
588 2011 622 2070 ὃν
645 2011 683 2090 ῥά
722 2019 788 2070 orci
802 2019 1033 2083 reprehenderint.
1068 2023 1148 2072 linae
1163 2023 1248 2072 irrita-

158 2094 189 2144 τέ
222 2109 316 2156 φασιν
346 2089 498 2158 Ὀξόνατον
531 2093 685 2166 δέρκεσθαι
722 2093 805 2144 bilem
822 2106 882 2144 esse
905 2093 1003 2145 letetur
1020 2097 1072 2146 Sat.
1091 2097 1121 2158 2,
1141 2096 1168 2158 3,
1187 2095 1263 2158 323„

159 2161 342 2238 ὖπονρανιων
365 2167 518 2236 πετεηνῶν,
539 2199 566 2208 —
585 2183 687 2232 seperta
723 2169 789 2232 Epp.
809 2168 838 2228 4,
857 2169 901 2230 40,
920 2169 965 2218 25:
984 2170 1063 2220 irasci
1079 2171 1191 2232 celerem,
1209 2175 1248 2220 to·

159 2243 322 2308 lipidam-ios]
345 2246 457 2297 Pausan.
480 2247 507 2308 2,
534 2247 580 2296 28:
610 2239 686 2315 Δρά-
721 2255 778 2292 mec
794 2247 822 2292 αι
841 2242 1077 2305 praedicassem
1096 2245 1130 2296 de
1148 2246 1247 2296 rustice

159 2333 260 2382 κσντες
270 2346 285 2356 -
296 2345 311 2356 -
322 2320 371 2369 καλ
389 2313 488 2392 ἕτερον
504 2321 588 2388 γένος
605 2319 635 2382 ἐς
651 2314 685 2370 τό
724 2329 771 2368 sue
783 2318 892 2368 tonsura
902 2319 929 2367 et
940 2320 1032 2368 cetero
1043 2317 1115 2368 cultu
1126 2319 1248 2382 neglecto

162 2388 339 2478 ξανθότερον
350 2387 439 2464 ῥέπον
448 2389 500 2461 τῆς
511 2391 603 2467 χρόας
615 2395 687 2466 ἱεροὶ
723 2392 788 2456 Epp.
804 2393 832 2454 4,
852 2393 882 2452 4,
901 2391 953 2453 94.;
971 2405 1065 2442 rursus
1081 2393 1115 2443 de
1132 2395 1247 2458 ingenio,

159 2467 213 2532 pic
240 2483 293 2520 roo
320 2464 493 2535 Ἀσκληπιοῦ
521 2472 687 2536 νομίζοντω
723 2479 777 2530 quo
795 2464 953 2530 negligentia
976 2468 1025 2516 ista
1043 2471 1247 2532 compensetur,

160 2544 208 2594 κσλ
227 2545 302 2593 εἰσὶν
313 2537 479 2614 ἀνθρώποις
496 2536 610 2632 ἥμεροι,
628 2546 688 2616 rpi-
724 2541 772 2591 Od.
791 2541 821 2602 2,
841 2541 883 2601 48,
903 2541 927 2590 9.
964 2540 1012 2591 0d.
1031 2541 1059 2602 3,
1078 2542 1118 2592 30.
1138 2555 1170 2592 ac
1187 2557 1248 2594 sae-

159 2633 209 2681 φει
224 2615 257 2668 dd
274 2613 352 2684 μόνη
365 2613 544 2684 σφᾰςῆτῶν
559 2619 687 2671 dardan·
723 2616 792 2679 pius.
827 2615 913 2667 ilinus
929 2614 1105 2679 probabiliter
1121 2615 1164 2666 alii
1184 2631 1248 2669 cum

160 2694 228 2764 plor
245 2689 292 2758 γῆ.
328 2692 402 2744 Ovid.
422 2695 528 2745 histem
554 2695 598 2756 45,
622 2695 686 2745 67οε
723 2691 828 2740 Acrone
854 2689 923 2738 haec
948 2690 1037 2740 omnia
1056 2690 1090 2740 ad
1112 2691 1250 2754 Virgilium

160 2769 187 2817 ln
210 2772 324 2830 serpente
346 2769 406 2818 deus
429 2767 618 2833 (Aesculapius)
642 2797 657 2807 -
674 2797 688 2806 -
723 2763 857 2822 referunt3
877 2764 975 2827 quade
987 2765 1110 2827 opinione
1123 2769 1197 2816 recte
1209 2767 1251 2817 iu-

160 2841 244 2892 oculos
265 2843 417 2892 &reaccedit
434 2844 491 2907 ipse
507 2845 635 2893 micantes.
655 2844 685 2893 V.
725 2837 823 2888 dicavit
853 2838 957 2903 iladvig
986 2839 1098 2904 Opusoo.
1123 2841 1142 2890 l.
1167 2854 1193 2905 p.
1219 2843 1251 2892 to

160 2917 337 2967 Excursumi.
351 2918 562 2968 adsentantium
574 2918 621 2968 cir.
636 2919 689 2969 ble-
725 2925 768 2977 sq.
788 2939 817 2949 —
836 2914 918 2964 ocutis
934 2913 1047 2964 Naribus
1062 2915 1153 2965 horum
1168 2915 1251 2965 tomi-

160 2991 241 3041 nand.
251 3004 279 3054 p.
290 2991 349 3040 304.
359 2993 448 3042 blein:
463 2993 497 3043 Ti
507 2987 687 3064 τάλλότριον,
725 2989 794 3050 αντα]
807 3001 877 3038 nunc
886 2989 1045 3048 viventium,
1060 2990 1105 3052 qui
1116 2987 1251 3040 levissima

160 3056 297 3134 ἄνθρωπε
330 3062 553 3130 βασκανώτατε,
589 3063 688 3118 Κακὸν
726 3075 849 3125 quaeque
866 3061 928 3111 vitia
942 3060 1252 3115 inaliislecillimeodo·

161 3133 338 3210 ὀξυδερκεῖς,
359 3136 394 3190 τὸ
411 3139 435 3190 δ’
452 3139 526 3192 ῗόιον
544 3139 689 3212 παραβλέ-
726 3138 832 3197 rantur,
851 3135 989 3198 derident,
1007 3137 1173 3201 vituperant;
1192 3137 1252 3188 tali-

161 3228 238 3276 κεις,·
258 3215 405 3266 Sosicretes
422 3217 494 3281 apud
511 3216 585 3268 stob.
604 3218 632 3268 Τ,
646 3217 687 3278 23,
726 3209 777 3261 bus
794 3211 872 3272 igitur
889 3209 970 3259 homo
987 3209 1100 3274 simplex
1119 3224 1151 3260 ec
1168 3209 1252 3274 negli-

160 3291 190 3340 ἲς
206 3283 323 3356 Ἀγαόολ
339 3287 371 3340 δὲ
388 3287 422 3340 τὸ
438 3287 532 3342 κακὸν
543 3291 630 3357 ἐσμὲν
642 3289 688 3353 ἐφ’
726 3284 830 3348 genlior
854 3297 951 3348 Pilum
977 3285 1103 3335 ⁰⁰¹¹V0¹¹st
1134 3287 1161 3336 ei
1187 3299 1251 3350 W·

162 3363 265 3435 ἑτέρων
278 3360 361 3424 ἰδεῖν,
379 3359 468 3416 diret
479 3363 503 3415 δ’
516 3358 586 3416 όταν
599 3361 690 3417 ποιῶ-
726 3373 807 3424 saepe
824 3359 1041 3424 reprehensionis
1058 3372 1151 3411 ensem
1171 3375 1252 3425 prae-

162 3453 225 3504 μεν,
244 3431 280 3490 σύ
297 3435 487 3506 γινώσκομεν.
503 3441 640 3506 -σοκινσ]
658 3455 688 3491 «e
726 3433 782 3484 het.
818 3434 860 3484 Sic
881 3435 953 3484 enim
969 3434 1052 3484 micus
1072 3441 1147 3498 aptus
1167 3435 1258 3501 expli-2

163 3513 310 3574 contrario,
337 3515 471 3566 vicissim»
494 3516 583 3580 potius
607 3528 689 3579 quem
727 3507 843 3559 candum
860 3508 967 3558 videtur
983 3508 1017 3559 ad
1035 3509 1184 3573 analogiam
1201 3509 1253 3561 loci

163 3591 192 3638 ut
209 3587 351 3653 explicavit
368 3589 444 3639 liend
456 3590 531 3640 Turs.
545 3590 576 3638 ll.
588 3602 615 3654 p.
630 3589 687 3639 449,
727 3581 836 3634 Tulliani
848 3584 920 3634 Brut.
935 3584 981 3644 64,
1000 3584 1063 3634 2231
1082 3586 1167 3647 aptior
1177 3586 1254 3636 eliam

164 3661 282 3722 «aliter»,
300 3660 360 3712 coll.
374 3665 429 3713 Cic.
449 3663 484 3713 ad
500 3664 572 3714 Fam.
592 3664 633 3722 42,
648 3663 688 3723 48,
727 3659 861 3709 Palicanus
884 3657 989 3708 oolibae
1013 3659 1198 3722 imperitorum,
1225 3659 1252 3710 id

164 3737 193 3787 l:
220 3743 356 3797 utrumne
375 3743 464 3787 contro
483 3737 574 3786 accidit
598 3738 690 3801 (atque
729 3735 782 3795 est,
814 3733 918 3794 imagis
944 3732 985 3782 his
1011 3731 1164 3795 placebat.»
1204 3731 1253 3782 Alii

164 3811 404 3875 exspectaveram).
729 3820 791 3858 curn
815 3807 1012 3870 Porphyrione:
1041 3804 1143 3855 cllehet
1165 3803 1252 3871 aliqua

729 3883 790 3933 vitia
809 3881 927 3944 (amicus)
945 3881 981 3930 ite
998 3883 1027 3929 ut
1047 3877 1126 3944 paulo
1147 3881 1254 3931 iracun-

195 3957 238 4008 29.
258 3958 299 4009 34).
319 3960 470 4010 iracundior
486 3959 548 4024 cet]
567 3961 622 4012 Etsi
635 3961 694 4010 uni-
730 3957 788 4007 dior
805 3957 839 4007 sit
855 3967 906 4006 nec
921 3955 1006 4018 possit
1017 3954 1196 4005 deridentium
1207 3970 1255 4005 ur·
1274 3949 1277 3954 '

165 4045 243 4083 verse
261 4035 288 4083 et
304 4035 454 4096 generatim
471 4035 504 4085 de
521 4036 553 4085 iis
569 4035 639 4084 vitiis
651 4032 693 4083 lo·
729 4031 886 4090 benitatem,
897 4042 966 4092 quae
977 4031 1255 4082 nuncmaximeexen-

165 4107 210 4170 qni
235 4107 354 4168 videtur,
383 4121 452 4172 quae
478 4111 505 4160 in
530 4121 692 4174 quocunque
730 4109 819 4167 cetur,
839 4105 996 4156 sustinere.»
1028 4105 1255 4169 Mtnmaptceigi-

166 4181 273 4231 homine
285 4180 350 4232 elios
363 4181 500 4234 oliendere
512 4183 624 4248 possint,
643 4181 692 4233 sed
730 4184 773 4232 tor
789 4181 816 4231 hi
834 4181 921 4230 minus
934 4181 1006 4230 recte
1019 4183 1166 4244 exponunt:
1188 4182 1255 4232 cmi-

167 4254 289 4306 eiusdem
299 4255 442 4307 virtutihus
452 4270 485 4306 ex
496 4256 635 4307 hominum
647 4257 694 4306 ho-
731 4269 781 4306 nus
799 4268 829 4305 se
847 4253 977 4318 edeptens
994 4253 1119 4304 derisioni
1137 4267 1169 4304 ec
1190 4269 1256 4321 pro-

166 4332 305 4381 nesiorum
328 4332 387 4380 eta
408 4329 570 4395 malignitate
591 4330 694 4381 alieno·
731 4332 791 4394 pter
808 4329 859 4379 hoc
876 4329 965 4393 ipsum
982 4329 1202 4380 stomachosior.»

223 4421 429 4470 demarcuit
460 4434 500 4470 ao.
516 4433 568 4470 aar.
585 4421 622 4469 lli.
1072 4419 1086 4466 i
