<?xml version="1.0" encoding="UTF-8"?>
<!DOCTYPE html PUBLIC "-//W3C//DTD XHTML 1.0 Transitional//EN"
    "http://www.w3.org/TR/xhtml1/DTD/xhtml1-transitional.dtd">
<html xmlns="http://www.w3.org/1999/xhtml" xml:lang="en" lang="en">
 <head>
  <title>
</title>
<meta http-equiv="Content-Type" content="text/html;charset=utf-8" />
  <meta name='ocr-system' content='tesseract 3.04.00' />
  <meta name='ocr-capabilities' content='ocr_page ocr_carea ocr_par ocr_line ocrx_word'/>
</head>
<body>
  <div class='ocr_page' id='page_1' title='image "./qhoratiusflaccu01baitgoog_0079.png"; bbox 0 0 3130 4966; ppageno 0'>
   <div class='ocr_carea' id='block_1_1' title="bbox 245 345 958 452">
    <p class='ocr_par' dir='ltr' id='par_1_1' title="bbox 245 345 958 452">
     <span class='ocr_line' id='line_1_1' title="bbox 245 345 958 452; baseline 0.013 -20"><span class='ocrx_word' id='word_1_1' title='bbox 245 387 294 452; x_wconf 64' lang='grc'><strong>,64</strong></span> <span class='ocrx_word' id='word_1_2' title='bbox 602 345 615 452; x_wconf 27' lang='grc' dir='ltr'><strong>ἱ,</strong></span> <span class='ocrx_word' id='word_1_3' title='bbox 632 390 760 440; x_wconf 77' lang='grc' dir='ltr'><strong>4404444Τ44</strong></span> <span class='ocrx_word' id='word_1_4' title='bbox 778 389 958 442; x_wconf 69' lang='lat' dir='ltr'><strong>sitilianum</strong></span> 
     </span>
    </p>
   </div>
   <div class='ocr_carea' id='block_1_2' title="bbox 253 543 1337 1118">
    <p class='ocr_par' dir='ltr' id='par_1_2' title="bbox 253 543 1337 755">
     <span class='ocr_line' id='line_1_2' title="bbox 253 543 1337 633; baseline -0.003 -20"><span class='ocrx_word' id='word_1_5' title='bbox 253 545 403 633; x_wconf 83' lang='lat' dir='ltr'><strong>Optimus</strong></span> <span class='ocrx_word' id='word_1_6' title='bbox 425 555 475 611; x_wconf 90' lang='lat' dir='ltr'><strong>est</strong></span> <span class='ocrx_word' id='word_1_7' title='bbox 496 543 693 625; x_wconf 76' lang='lat' dir='ltr'><strong>modulator3</strong></span> <span class='ocrx_word' id='word_1_8' title='bbox 716 556 751 612; x_wconf 91' lang='lat' dir='ltr'><strong>ut</strong></span> <span class='ocrx_word' id='word_1_9' title='bbox 772 544 913 612; x_wconf 78' lang='lat' dir='ltr'><strong>Allenius</strong></span> <span class='ocrx_word' id='word_1_10' title='bbox 935 544 1038 623; x_wconf 88' lang='lat' dir='ltr'><strong>valer,</strong></span> <span class='ocrx_word' id='word_1_11' title='bbox 1063 546 1149 612; x_wconf 88' lang='lat' dir='ltr'><strong>omni</strong></span> <span class='ocrx_word' id='word_1_12' title='bbox 1275 545 1337 610; x_wconf 86' lang='grc'><strong>430</strong></span> 
     </span>
     <span class='ocr_line' id='line_1_3' title="bbox 253 665 1090 755; baseline -0.001 -21"><span class='ocrx_word' id='word_1_13' title='bbox 253 666 385 734; x_wconf 76' lang='lat' dir='ltr'><strong>Abiecto</strong></span> <span class='ocrx_word' id='word_1_14' title='bbox 409 667 619 733; x_wconf 87' lang='lat' dir='ltr'><strong>instrumento</strong></span> <span class='ocrx_word' id='word_1_15' title='bbox 642 668 718 734; x_wconf 85' lang='lat' dir='ltr'><strong>artis</strong></span> <span class='ocrx_word' id='word_1_16' title='bbox 741 666 918 755; x_wconf 84' lang='lat' dir='ltr'><strong>clausaque</strong></span> <span class='ocrx_word' id='word_1_17' title='bbox 939 665 1090 742; x_wconf 80' lang='lat' dir='ltr'><strong>taberna,</strong></span> 
     </span>
    </p>

    <p class='ocr_par' dir='ltr' id='par_1_3' title="bbox 254 788 1105 877">
     <span class='ocr_line' id='line_1_4' title="bbox 254 788 1105 877; baseline -0.001 -22"><span class='ocrx_word' id='word_1_18' title='bbox 254 790 351 855; x_wconf 89' lang='lat' dir='ltr'><strong>Sutor</strong></span> <span class='ocrx_word' id='word_1_19' title='bbox 372 797 459 864; x_wconf 85' lang='lat' dir='ltr'><strong>erat,</strong></span> <span class='ocrx_word' id='word_1_20' title='bbox 484 793 613 875; x_wconf 86' lang='lat' dir='ltr'><strong>sapiens</strong></span> <span class='ocrx_word' id='word_1_21' title='bbox 636 789 745 875; x_wconf 86' lang='lat' dir='ltr'><strong>operis</strong></span> <span class='ocrx_word' id='word_1_22' title='bbox 768 788 816 855; x_wconf 89' lang='lat' dir='ltr'><strong>sic</strong></span> <span class='ocrx_word' id='word_1_23' title='bbox 838 789 978 877; x_wconf 89' lang='lat' dir='ltr'><strong>optimus</strong></span> <span class='ocrx_word' id='word_1_24' title='bbox 1001 789 1105 855; x_wconf 88' lang='lat' dir='ltr'><strong>omnis</strong></span> 
     </span>
    </p>

    <p class='ocr_par' dir='ltr' id='par_1_4' title="bbox 254 907 1128 997">
     <span class='ocr_line' id='line_1_5' title="bbox 254 907 1128 997; baseline 0 -21"><span class='ocrx_word' id='word_1_25' title='bbox 254 910 310 976; x_wconf 86' lang='lat' dir='ltr'><strong>llst</strong></span> <span class='ocrx_word' id='word_1_26' title='bbox 331 909 438 997; x_wconf 81' lang='lat' dir='ltr'><strong>opifex</strong></span> <span class='ocrx_word' id='word_1_27' title='bbox 460 907 562 984; x_wconf 88' lang='lat' dir='ltr'><strong>solus,</strong></span> <span class='ocrx_word' id='word_1_28' title='bbox 587 909 634 976; x_wconf 88' lang='lat' dir='ltr'><strong>sic</strong></span> <span class='ocrx_word' id='word_1_29' title='bbox 656 931 723 976; x_wconf 82' lang='lat' dir='ltr'><strong>rer.</strong></span> <span class='ocrx_word' id='word_1_30' title='bbox 768 909 893 977; x_wconf 84' lang='lat' dir='ltr'><strong>Vellent</strong></span> <span class='ocrx_word' id='word_1_31' title='bbox 915 910 971 977; x_wconf 89' lang='lat' dir='ltr'><strong>tibi</strong></span> <span class='ocrx_word' id='word_1_32' title='bbox 993 909 1128 977; x_wconf 83' lang='lat' dir='ltr'>barbam</span> 
     </span>
    </p>

    <p class='ocr_par' dir='ltr' id='par_1_5' title="bbox 254 1030 1035 1118">
     <span class='ocr_line' id='line_1_6' title="bbox 254 1030 1035 1118; baseline -0.004 -17"><span class='ocrx_word' id='word_1_33' title='bbox 254 1033 378 1100; x_wconf 85' lang='lat' dir='ltr'><strong>Lascivi</strong></span> <span class='ocrx_word' id='word_1_34' title='bbox 401 1030 510 1118; x_wconf 77' lang='lat' dir='ltr'><strong>pueri,</strong></span> <span class='ocrx_word' id='word_1_35' title='bbox 533 1051 616 1118; x_wconf 88' lang='lat' dir='ltr'><strong>quos</strong></span> <span class='ocrx_word' id='word_1_36' title='bbox 641 1041 673 1096; x_wconf 90' lang='lat' dir='ltr'><strong>tu</strong></span> <span class='ocrx_word' id='word_1_37' title='bbox 696 1031 756 1096; x_wconf 86' lang='lat' dir='ltr'><strong>nisi</strong></span> <span class='ocrx_word' id='word_1_38' title='bbox 779 1032 862 1098; x_wconf 86' lang='lat' dir='ltr'><strong>iuste</strong></span> <span class='ocrx_word' id='word_1_39' title='bbox 885 1037 1035 1108; x_wconf 86' lang='lat' dir='ltr'><strong>co&#39;e&#39;rces,</strong></span> 
     </span>
    </p>
   </div>
   <div class='ocr_carea' id='block_1_3' title="bbox 285 1198 1355 1714">
    <p class='ocr_par' dir='ltr' id='par_1_6' title="bbox 285 1198 1355 1714">
     <span class='ocr_line' id='line_1_7' title="bbox 321 1198 1307 1267; baseline -0.001 -13"><span class='ocrx_word' id='word_1_40' title='bbox 321 1203 377 1254; x_wconf 82' lang='grc'><strong>430.</strong></span> <span class='ocrx_word' id='word_1_41' title='bbox 396 1202 506 1265; x_wconf 65' lang='lat' dir='ltr'><strong>Attentos</strong></span> <span class='ocrx_word' id='word_1_42' title='bbox 527 1198 652 1251; x_wconf 76' lang='lat' dir='ltr'><strong>oratius:</strong></span> <span class='ocrx_word' id='word_1_43' title='bbox 677 1199 778 1263; x_wconf 77' lang='lat' dir='ltr'><strong>Alfenus</strong></span> <span class='ocrx_word' id='word_1_44' title='bbox 795 1200 865 1252; x_wconf 89' lang='lat' dir='ltr'><strong>Libri</strong></span> <span class='ocrx_word' id='word_1_45' title='bbox 886 1205 913 1252; x_wconf 87' lang='lat' dir='ltr'><strong>et</strong></span> <span class='ocrx_word' id='word_1_46' title='bbox 933 1201 999 1254; x_wconf 88' lang='lat' dir='ltr'><strong>Edd.</strong></span> <span class='ocrx_word' id='word_1_47' title='bbox 1017 1203 1125 1267; x_wconf 86' lang='lat' dir='ltr'><strong>praeter</strong></span> <span class='ocrx_word' id='word_1_48' title='bbox 1142 1202 1175 1263; x_wconf 88' lang='lat' dir='ltr'><strong>C,</strong></span> <span class='ocrx_word' id='word_1_49' title='bbox 1201 1204 1246 1267; x_wconf 91' lang='lat' dir='ltr'><strong>qui</strong></span> <span class='ocrx_word' id='word_1_50' title='bbox 1263 1203 1307 1254; x_wconf 78' lang='lat' dir='ltr'><strong>Al-</strong></span> 
     </span>
     <span class='ocr_line' id='line_1_8' title="bbox 285 1276 1355 1343; baseline -0.002 -15"><span class='ocrx_word' id='word_1_51' title='bbox 285 1279 369 1343; x_wconf 69' lang='grc'><strong>11444444</strong></span> <span class='ocrx_word' id='word_1_52' title='bbox 390 1305 417 1313; x_wconf 95' lang='grc'>-</span> <span class='ocrx_word' id='word_1_53' title='bbox 438 1276 494 1326; x_wconf 70' lang='grc'><strong>434.</strong></span> <span class='ocrx_word' id='word_1_54' title='bbox 513 1276 590 1325; x_wconf 80' lang='lat' dir='ltr'><strong>Sutor</strong></span> <span class='ocrx_word' id='word_1_55' title='bbox 607 1276 691 1325; x_wconf 84' lang='lat' dir='ltr'><strong>nostri</strong></span> <span class='ocrx_word' id='word_1_56' title='bbox 708 1277 734 1326; x_wconf 86' lang='lat' dir='ltr'><strong>et</strong></span> <span class='ocrx_word' id='word_1_57' title='bbox 757 1276 873 1326; x_wconf 87' lang='lat' dir='ltr'><strong>Pettierii</strong></span> <span class='ocrx_word' id='word_1_58' title='bbox 891 1289 998 1338; x_wconf 86' lang='lat' dir='ltr'><strong>omnes,</strong></span> <span class='ocrx_word' id='word_1_59' title='bbox 1025 1278 1090 1327; x_wconf 88' lang='lat' dir='ltr'><strong>itam</strong></span> <span class='ocrx_word' id='word_1_60' title='bbox 1107 1277 1186 1328; x_wconf 85' lang='lat' dir='ltr'><strong>LCtl:</strong></span> <span class='ocrx_word' id='word_1_61' title='bbox 1215 1278 1309 1328; x_wconf 73' lang='lat' dir='ltr'><strong>leesor</strong></span> <span class='ocrx_word' id='word_1_62' title='bbox 1352 1313 1355 1321; x_wconf 62' lang='grc'><strong>,</strong></span> 
     </span>
     <span class='ocr_line' id='line_1_9' title="bbox 287 1349 1309 1416; baseline -0.002 -13"><span class='ocrx_word' id='word_1_63' title='bbox 287 1367 302 1403; x_wconf 88' lang='lat' dir='ltr'><strong>e</strong></span> <span class='ocrx_word' id='word_1_64' title='bbox 321 1352 419 1404; x_wconf 87' lang='lat' dir='ltr'><strong>Codice</strong></span> <span class='ocrx_word' id='word_1_65' title='bbox 442 1349 560 1400; x_wconf 85' lang='lat' dir='ltr'><strong>Blandln.</strong></span> <span class='ocrx_word' id='word_1_66' title='bbox 584 1351 768 1414; x_wconf 86' lang='lat' dir='ltr'><strong>antiquissimo</strong></span> <span class='ocrx_word' id='word_1_67' title='bbox 792 1351 883 1416; x_wconf 81' lang='lat' dir='ltr'><strong>[erasis</strong></span> <span class='ocrx_word' id='word_1_68' title='bbox 904 1351 1111 1414; x_wconf 80' lang='lat' dir='ltr'><strong>characteribus)</strong></span> <span class='ocrx_word' id='word_1_69' title='bbox 1129 1349 1264 1402; x_wconf 87' lang='lat' dir='ltr'><strong>Bentleius</strong></span> <span class='ocrx_word' id='word_1_70' title='bbox 1282 1354 1309 1401; x_wconf 86' lang='lat' dir='ltr'><strong>et</strong></span> 
     </span>
     <span class='ocr_line' id='line_1_10' title="bbox 288 1425 1310 1488; baseline -0.004 -10"><span class='ocrx_word' id='word_1_71' title='bbox 288 1429 342 1480; x_wconf 69' lang='grc' dir='ltr'><strong>ΡΜ.</strong></span> <span class='ocrx_word' id='word_1_72' title='bbox 363 1453 391 1463; x_wconf 91' lang='lat'><em>-</em></span> <span class='ocrx_word' id='word_1_73' title='bbox 409 1431 465 1476; x_wconf 83' lang='lat' dir='ltr'><strong>eret</strong></span> <span class='ocrx_word' id='word_1_74' title='bbox 489 1427 587 1488; x_wconf 75' lang='lat' dir='ltr'><strong>raptem</strong></span> <span class='ocrx_word' id='word_1_75' title='bbox 612 1427 708 1488; x_wconf 69' lang='lat' dir='ltr'><strong>eneis:</strong></span> <span class='ocrx_word' id='word_1_76' title='bbox 734 1427 769 1476; x_wconf 79' lang='lat' dir='ltr'><strong>stc</strong></span> <span class='ocrx_word' id='word_1_77' title='bbox 793 1427 817 1477; x_wconf 85' lang='lat' dir='ltr'><strong>J.</strong></span> <span class='ocrx_word' id='word_1_78' title='bbox 842 1452 869 1462; x_wconf 88' lang='lat'><em>-</em></span> <span class='ocrx_word' id='word_1_79' title='bbox 888 1430 1004 1488; x_wconf 78' lang='lat' dir='ltr'><strong>optumus</strong></span> <span class='ocrx_word' id='word_1_80' title='bbox 1027 1425 1055 1476; x_wconf 92' lang='lat' dir='ltr'><strong>b.</strong></span> <span class='ocrx_word' id='word_1_81' title='bbox 1079 1453 1107 1461; x_wconf 90' lang='lat'>—</span> <span class='ocrx_word' id='word_1_82' title='bbox 1126 1425 1183 1476; x_wconf 85' lang='grc'><strong>433.</strong></span> <span class='ocrx_word' id='word_1_83' title='bbox 1202 1425 1237 1474; x_wconf 78' lang='lat' dir='ltr'><strong>ric</strong></span> <span class='ocrx_word' id='word_1_84' title='bbox 1260 1439 1310 1475; x_wconf 79' lang='lat' dir='ltr'><strong>ree</strong></span> 
     </span>
     <span class='ocr_line' id='line_1_11' title="bbox 288 1499 1307 1566; baseline -0.002 -15"><span class='ocrx_word' id='word_1_85' title='bbox 288 1501 354 1551; x_wconf 72' lang='lat' dir='ltr'><strong>soleo</strong></span> <span class='ocrx_word' id='word_1_86' title='bbox 371 1502 404 1566; x_wconf 80' lang='lat' dir='ltr'><strong>et.</strong></span> <span class='ocrx_word' id='word_1_87' title='bbox 434 1499 489 1564; x_wconf 81' lang='lat' dir='ltr'><strong>(Est</strong></span> <span class='ocrx_word' id='word_1_88' title='bbox 505 1500 603 1562; x_wconf 61' lang='lat' dir='ltr'><strong>epitom</strong></span> <span class='ocrx_word' id='word_1_89' title='bbox 625 1500 692 1550; x_wconf 75' lang='lat' dir='ltr'><strong>soler</strong></span> <span class='ocrx_word' id='word_1_90' title='bbox 707 1501 742 1550; x_wconf 78' lang='lat' dir='ltr'><strong>stc</strong></span> <span class='ocrx_word' id='word_1_91' title='bbox 757 1514 806 1550; x_wconf 77' lang='lat' dir='ltr'><strong>rex</strong></span> <span class='ocrx_word' id='word_1_92' title='bbox 823 1513 885 1550; x_wconf 84' lang='lat' dir='ltr'><strong>cunr</strong></span> <span class='ocrx_word' id='word_1_93' title='bbox 903 1499 968 1550; x_wconf 86' lang='lat' dir='ltr'><strong>Ctd.</strong></span> <span class='ocrx_word' id='word_1_94' title='bbox 986 1501 1143 1551; x_wconf 85' lang='lat' dir='ltr'><strong>Bersmanni</strong></span> <span class='ocrx_word' id='word_1_95' title='bbox 1160 1499 1307 1561; x_wconf 78' lang='lat' dir='ltr'><strong>Kirchner.l</strong></span> 
     </span>
     <span class='ocr_line' id='line_1_12' title="bbox 291 1572 1309 1639; baseline -0.003 -13"><span class='ocrx_word' id='word_1_96' title='bbox 291 1606 318 1614; x_wconf 85' lang='lat'>—</span> <span class='ocrx_word' id='word_1_97' title='bbox 347 1577 437 1626; x_wconf 78' lang='lat' dir='ltr'><strong>Vellent</strong></span> <span class='ocrx_word' id='word_1_98' title='bbox 461 1588 595 1639; x_wconf 85' lang='lat' dir='ltr'><strong>superscr.</strong></span> <span class='ocrx_word' id='word_1_99' title='bbox 614 1590 632 1625; x_wconf 87' lang='grc'><strong>44</strong></span> <span class='ocrx_word' id='word_1_100' title='bbox 649 1577 674 1625; x_wconf 91' lang='lat' dir='ltr'><strong>S.</strong></span> <span class='ocrx_word' id='word_1_101' title='bbox 701 1601 728 1612; x_wconf 92' lang='lat'><em>-</em></span> <span class='ocrx_word' id='word_1_102' title='bbox 748 1575 804 1626; x_wconf 86' lang='grc'><strong>434.</strong></span> <span class='ocrx_word' id='word_1_103' title='bbox 825 1575 853 1624; x_wconf 76' lang='lat' dir='ltr'><strong>et</strong></span> <span class='ocrx_word' id='word_1_104' title='bbox 876 1575 954 1624; x_wconf 87' lang='lat' dir='ltr'><strong>tacite</strong></span> <span class='ocrx_word' id='word_1_105' title='bbox 975 1572 1118 1625; x_wconf 86' lang='lat' dir='ltr'><strong>Bentleius.</strong></span> <span class='ocrx_word' id='word_1_106' title='bbox 1150 1573 1263 1636; x_wconf 83' lang='lat' dir='ltr'><strong>(llabent</strong></span> <span class='ocrx_word' id='word_1_107' title='bbox 1282 1575 1309 1623; x_wconf 85' lang='grc'><strong>444</strong></span> 
     </span>
     <span class='ocr_line' id='line_1_13' title="bbox 289 1648 1009 1714; baseline -0.004 -12"><span class='ocrx_word' id='word_1_108' title='bbox 289 1650 373 1702; x_wconf 78' lang='lat' dir='ltr'><strong>Codd,</strong></span> <span class='ocrx_word' id='word_1_109' title='bbox 392 1649 492 1714; x_wconf 77' lang='lat' dir='ltr'><strong>aliquot</strong></span> <span class='ocrx_word' id='word_1_110' title='bbox 509 1650 595 1714; x_wconf 80' lang='lat' dir='ltr'><strong>l&#39;eae.)</strong></span> <span class='ocrx_word' id='word_1_111' title='bbox 624 1652 653 1701; x_wconf 94' lang='lat' dir='ltr'><strong>ln</strong></span> <span class='ocrx_word' id='word_1_112' title='bbox 670 1664 695 1700; x_wconf 81' lang='lat' dir='ltr'><strong>v.</strong></span> <span class='ocrx_word' id='word_1_113' title='bbox 715 1649 772 1701; x_wconf 84' lang='grc'><strong>434.</strong></span> <span class='ocrx_word' id='word_1_114' title='bbox 791 1648 880 1700; x_wconf 87' lang='lat' dir='ltr'><strong>delicit</strong></span> <span class='ocrx_word' id='word_1_115' title='bbox 897 1649 962 1700; x_wconf 88' lang='lat' dir='ltr'><strong>Cod.</strong></span> <span class='ocrx_word' id='word_1_116' title='bbox 981 1650 1009 1700; x_wconf 83' lang='grc' dir='ltr'><strong>Β.</strong></span> 
     </span>
    </p>
   </div>
   <div class='ocr_carea' id='block_1_4' title="bbox 257 1797 1351 4314">
    <p class='ocr_par' dir='ltr' id='par_1_7' title="bbox 257 1797 1345 2014">
     <span class='ocr_line' id='line_1_14' title="bbox 257 1797 1342 1866; baseline -0.001 -16"><span class='ocrx_word' id='word_1_117' title='bbox 257 1799 386 1866; x_wconf 86' lang='lat' dir='ltr'><strong>particula</strong></span> <span class='ocrx_word' id='word_1_118' title='bbox 410 1805 486 1862; x_wconf 79' lang='lat' dir='ltr'><strong>etque</strong></span> <span class='ocrx_word' id='word_1_119' title='bbox 510 1812 573 1851; x_wconf 90' lang='lat' dir='ltr'><strong>cum</strong></span> <span class='ocrx_word' id='word_1_120' title='bbox 599 1799 650 1850; x_wconf 88' lang='lat' dir='ltr'><strong>hoc</strong></span> <span class='ocrx_word' id='word_1_121' title='bbox 673 1811 781 1863; x_wconf 81' lang='lat' dir='ltr'><strong>quoque</strong></span> <span class='ocrx_word' id='word_1_122' title='bbox 819 1798 941 1858; x_wconf 82' lang='lat' dir='ltr'><strong>Nummi,</strong></span> <span class='ocrx_word' id='word_1_123' title='bbox 964 1797 1062 1861; x_wconf 82' lang='lat' dir='ltr'><strong>quibus</strong></span> <span class='ocrx_word' id='word_1_124' title='bbox 1084 1797 1217 1862; x_wconf 87' lang='lat' dir='ltr'><strong>Cruquius</strong></span> <span class='ocrx_word' id='word_1_125' title='bbox 1234 1798 1269 1849; x_wconf 87' lang='lat' dir='ltr'><strong>ed</strong></span> <span class='ocrx_word' id='word_1_126' title='bbox 1285 1801 1342 1850; x_wconf 85' lang='lat' dir='ltr'><strong>ste-</strong></span> 
     </span>
     <span class='ocr_line' id='line_1_15' title="bbox 257 1871 1345 1938; baseline -0.001 -13"><span class='ocrx_word' id='word_1_127' title='bbox 257 1874 352 1925; x_wconf 75' lang='lat' dir='ltr'><strong>rerat,</strong></span> <span class='ocrx_word' id='word_1_128' title='bbox 365 1875 442 1938; x_wconf 80' lang='lat' dir='ltr'><strong>iunge</strong></span> <span class='ocrx_word' id='word_1_129' title='bbox 453 1888 479 1924; x_wconf 87' lang='lat' dir='ltr'><strong>v.</strong></span> <span class='ocrx_word' id='word_1_130' title='bbox 493 1876 608 1937; x_wconf 69' lang='grc'><strong>4444444444.</strong></span> <span class='ocrx_word' id='word_1_131' title='bbox 627 1875 714 1938; x_wconf 79' lang='lat' dir='ltr'><strong>Reisig</strong></span> <span class='ocrx_word' id='word_1_132' title='bbox 725 1875 780 1924; x_wconf 87' lang='lat' dir='ltr'><strong>Lat.</strong></span> <span class='ocrx_word' id='word_1_133' title='bbox 818 1871 964 1924; x_wconf 85' lang='lat' dir='ltr'><strong>biliendam</strong></span> <span class='ocrx_word' id='word_1_134' title='bbox 980 1885 1057 1923; x_wconf 85' lang='lat' dir='ltr'><strong>suam</strong></span> <span class='ocrx_word' id='word_1_135' title='bbox 1069 1874 1229 1936; x_wconf 81' lang='lat' dir='ltr'><strong>scripturam</strong></span> <span class='ocrx_word' id='word_1_136' title='bbox 1240 1873 1345 1937; x_wconf 68' lang='lat' dir='ltr'><strong>Altinius</strong></span> 
     </span>
     <span class='ocr_line' id='line_1_16' title="bbox 257 1946 1345 2014; baseline -0.001 -15"><span class='ocrx_word' id='word_1_137' title='bbox 257 1948 390 2014; x_wconf 82' lang='lat' dir='ltr'><strong>Sprachw.</strong></span> <span class='ocrx_word' id='word_1_138' title='bbox 408 1961 434 2012; x_wconf 88' lang='lat' dir='ltr'><strong>p.</strong></span> <span class='ocrx_word' id='word_1_139' title='bbox 451 1947 508 1999; x_wconf 89' lang='grc'><strong>448.</strong></span> <span class='ocrx_word' id='word_1_140' title='bbox 819 1949 920 2010; x_wconf 89' lang='lat' dir='ltr'><strong>nititur,</strong></span> <span class='ocrx_word' id='word_1_141' title='bbox 934 1946 1060 1998; x_wconf 81' lang='lat' dir='ltr'><strong>Goltziani</strong></span> <span class='ocrx_word' id='word_1_142' title='bbox 1072 1949 1148 2009; x_wconf 88' lang='lat' dir='ltr'><strong>sunt,</strong></span> <span class='ocrx_word' id='word_1_143' title='bbox 1162 1947 1188 1997; x_wconf 88' lang='lat' dir='ltr'><strong>id</strong></span> <span class='ocrx_word' id='word_1_144' title='bbox 1201 1950 1254 2008; x_wconf 86' lang='lat' dir='ltr'><strong>est,</strong></span> <span class='ocrx_word' id='word_1_145' title='bbox 1267 1946 1345 1998; x_wconf 85' lang='lat' dir='ltr'><strong>adul·</strong></span> 
     </span>
    </p>

    <p class='ocr_par' dir='ltr' id='par_1_8' title="bbox 257 2021 1351 4314">
     <span class='ocr_line' id='line_1_17' title="bbox 291 2021 1345 2086; baseline -0.001 -13"><span class='ocrx_word' id='word_1_146' title='bbox 291 2022 412 2073; x_wconf 74' lang='lat' dir='ltr'><strong>tao-⁴32.</strong></span> <span class='ocrx_word' id='word_1_147' title='bbox 436 2021 554 2086; x_wconf 70' lang='grc'><strong>4444444444]</strong></span> <span class='ocrx_word' id='word_1_148' title='bbox 581 2022 700 2074; x_wconf 76' lang='lat' dir='ltr'><strong>«Urbane</strong></span> <span class='ocrx_word' id='word_1_149' title='bbox 719 2023 782 2072; x_wconf 85' lang='lat' dir='ltr'><strong>setis</strong></span> <span class='ocrx_word' id='word_1_150' title='bbox 819 2024 904 2072; x_wconf 90' lang='lat' dir='ltr'><strong>terlni.</strong></span> <span class='ocrx_word' id='word_1_151' title='bbox 932 2049 959 2058; x_wconf 93' lang='lat'>-</span> <span class='ocrx_word' id='word_1_152' title='bbox 985 2021 1066 2085; x_wconf 70' lang='lat' dir='ltr'><strong>vafer]</strong></span> <span class='ocrx_word' id='word_1_153' title='bbox 1091 2024 1183 2085; x_wconf 83' lang='lat' dir='ltr'><strong>aptum</strong></span> <span class='ocrx_word' id='word_1_154' title='bbox 1207 2023 1259 2072; x_wconf 88' lang='lat' dir='ltr'><strong>lCti</strong></span> <span class='ocrx_word' id='word_1_155' title='bbox 1283 2021 1345 2072; x_wconf 76' lang='lat' dir='ltr'><strong>e&#39;nt-</strong></span> 
     </span>
     <span class='ocr_line' id='line_1_18' title="bbox 257 2095 1345 2162; baseline -0.001 -15"><span class='ocrx_word' id='word_1_156' title='bbox 257 2095 380 2148; x_wconf 77' lang='lat' dir='ltr'><strong>Alienum</strong></span> <span class='ocrx_word' id='word_1_157' title='bbox 402 2097 518 2146; x_wconf 72' lang='lat' dir='ltr'><strong>Varum»</strong></span> <span class='ocrx_word' id='word_1_158' title='bbox 538 2097 584 2159; x_wconf 81' lang='lat' dir='ltr'><strong>(sie</strong></span> <span class='ocrx_word' id='word_1_159' title='bbox 602 2096 685 2147; x_wconf 83' lang='lat' dir='ltr'><strong>Cldd.</strong></span> <span class='ocrx_word' id='word_1_160' title='bbox 703 2095 783 2146; x_wconf 85' lang='lat' dir='ltr'><strong>Blan-</strong></span> <span class='ocrx_word' id='word_1_161' title='bbox 818 2097 918 2158; x_wconf 74' lang='grc' dir='ltr'><strong>θετον,</strong></span> <span class='ocrx_word' id='word_1_162' title='bbox 943 2098 971 2147; x_wconf 92' lang='lat' dir='ltr'><strong>ut</strong></span> <span class='ocrx_word' id='word_1_163' title='bbox 994 2098 1047 2146; x_wconf 86' lang='lat' dir='ltr'><strong>Set.</strong></span> <span class='ocrx_word' id='word_1_164' title='bbox 1066 2096 1096 2154; x_wconf 72' lang='lat'><strong>2,</strong></span> <span class='ocrx_word' id='word_1_165' title='bbox 1115 2097 1144 2156; x_wconf 72' lang='grc'><strong>4,</strong></span> <span class='ocrx_word' id='word_1_166' title='bbox 1170 2097 1226 2147; x_wconf 87' lang='grc'><strong>434.</strong></span> <span class='ocrx_word' id='word_1_167' title='bbox 1249 2098 1345 2162; x_wconf 67' lang='lat' dir='ltr'><strong>castl-</strong></span> 
     </span>
     <span class='ocr_line' id='line_1_19' title="bbox 258 2168 1345 2235; baseline 0 -13"><span class='ocrx_word' id='word_1_168' title='bbox 258 2172 312 2222; x_wconf 91' lang='lat' dir='ltr'><strong>din.</strong></span> <span class='ocrx_word' id='word_1_169' title='bbox 331 2168 682 2235; x_wconf 72' lang='lat' dir='ltr'><strong>etEd.l48l.el.ccsrum)</strong></span> <span class='ocrx_word' id='word_1_170' title='bbox 700 2171 782 2222; x_wconf 77' lang='lat' dir='ltr'><strong>«Cre-</strong></span> <span class='ocrx_word' id='word_1_171' title='bbox 818 2173 890 2221; x_wconf 78' lang='lat' dir='ltr'><strong>terte.</strong></span> <span class='ocrx_word' id='word_1_172' title='bbox 926 2169 1000 2220; x_wconf 91' lang='lat' dir='ltr'><strong>Ovid.</strong></span> <span class='ocrx_word' id='word_1_173' title='bbox 1021 2171 1082 2220; x_wconf 85' lang='lat' dir='ltr'><strong>Her.</strong></span> <span class='ocrx_word' id='word_1_174' title='bbox 1101 2171 1147 2232; x_wconf 76' lang='lat'><strong>20,</strong></span> <span class='ocrx_word' id='word_1_175' title='bbox 1166 2171 1211 2220; x_wconf 77' lang='lat'><strong>32:</strong></span> <span class='ocrx_word' id='word_1_176' title='bbox 1240 2171 1345 2222; x_wconf 76' lang='grc'><strong>00444444-</strong></span> 
     </span>
     <span class='ocr_line' id='line_1_20' title="bbox 258 2243 1346 2308; baseline 0.001 -13"><span class='ocrx_word' id='word_1_177' title='bbox 258 2257 418 2296; x_wconf 90' lang='lat' dir='ltr'><strong>monensem</strong></span> <span class='ocrx_word' id='word_1_178' title='bbox 446 2243 568 2307; x_wconf 79' lang='lat' dir='ltr'><strong>deridet,</strong></span> <span class='ocrx_word' id='word_1_179' title='bbox 604 2245 650 2308; x_wconf 90' lang='lat' dir='ltr'><strong>qui</strong></span> <span class='ocrx_word' id='word_1_180' title='bbox 677 2244 782 2294; x_wconf 86' lang='lat' dir='ltr'><strong>abiecta</strong></span> <span class='ocrx_word' id='word_1_181' title='bbox 819 2251 892 2307; x_wconf 77' lang='lat' dir='ltr'><strong>toque</strong></span> <span class='ocrx_word' id='word_1_182' title='bbox 907 2245 946 2307; x_wconf 75' lang='lat' dir='ltr'><strong>fut</strong></span> <span class='ocrx_word' id='word_1_183' title='bbox 962 2245 1026 2294; x_wconf 72' lang='grc'><strong>444444</strong></span> <span class='ocrx_word' id='word_1_184' title='bbox 1042 2244 1133 2294; x_wconf 84' lang='lat' dir='ltr'><strong>Amore</strong></span> <span class='ocrx_word' id='word_1_185' title='bbox 1148 2245 1229 2308; x_wconf 66' lang='lat' dir='ltr'><strong>ceter.</strong></span> <span class='ocrx_word' id='word_1_186' title='bbox 1265 2247 1346 2296; x_wconf 83' lang='lat' dir='ltr'><strong>Cete-</strong></span> 
     </span>
     <span class='ocr_line' id='line_1_21' title="bbox 258 2319 1346 2383; baseline -0.001 -12"><span class='ocrx_word' id='word_1_187' title='bbox 258 2319 377 2379; x_wconf 89' lang='lat' dir='ltr'><strong>sutrina,</strong></span> <span class='ocrx_word' id='word_1_188' title='bbox 405 2331 486 2382; x_wconf 89' lang='lat' dir='ltr'><strong>quam</strong></span> <span class='ocrx_word' id='word_1_189' title='bbox 511 2320 538 2370; x_wconf 94' lang='lat' dir='ltr'><strong>in</strong></span> <span class='ocrx_word' id='word_1_190' title='bbox 565 2319 708 2383; x_wconf 85' lang='lat' dir='ltr'><strong>municipio</strong></span> <span class='ocrx_word' id='word_1_191' title='bbox 734 2331 783 2370; x_wconf 87' lang='lat' dir='ltr'><strong>suo</strong></span> <span class='ocrx_word' id='word_1_192' title='bbox 819 2332 881 2369; x_wconf 91' lang='lat' dir='ltr'><strong>rum</strong></span> <span class='ocrx_word' id='word_1_193' title='bbox 902 2319 1030 2370; x_wconf 82' lang='lat' dir='ltr'><strong>innocens</strong></span> <span class='ocrx_word' id='word_1_194' title='bbox 1053 2320 1080 2368; x_wconf 89' lang='lat' dir='ltr'><strong>et</strong></span> <span class='ocrx_word' id='word_1_195' title='bbox 1102 2319 1212 2369; x_wconf 88' lang='lat' dir='ltr'><strong>minime</strong></span> <span class='ocrx_word' id='word_1_196' title='bbox 1230 2319 1346 2370; x_wconf 86' lang='lat' dir='ltr'><strong>acerbus</strong></span> 
     </span>
     <span class='ocr_line' id='line_1_22' title="bbox 259 2374 1347 2457; baseline 0 -14"><span class='ocrx_word' id='word_1_197' title='bbox 259 2395 431 2453; x_wconf 82' lang='lat' dir='ltr'><strong>exercuerat,</strong></span> <span class='ocrx_word' id='word_1_198' title='bbox 462 2395 573 2443; x_wconf 81' lang='lat' dir='ltr'><strong>Romam</strong></span> <span class='ocrx_word' id='word_1_199' title='bbox 601 2395 674 2443; x_wconf 87' lang='lat' dir='ltr'><strong>veuit</strong></span> <span class='ocrx_word' id='word_1_200' title='bbox 698 2393 784 2455; x_wconf 80' lang='lat' dir='ltr'><strong>magi·</strong></span> <span class='ocrx_word' id='word_1_201' title='bbox 821 2396 862 2444; x_wconf 89' lang='lat' dir='ltr'><strong>est</strong></span> <span class='ocrx_word' id='word_1_202' title='bbox 878 2394 962 2444; x_wconf 89' lang='lat' dir='ltr'><strong>iocus.</strong></span> <span class='ocrx_word' id='word_1_203' title='bbox 979 2421 1006 2429; x_wconf 87' lang='lat'><em>-</em></span> <span class='ocrx_word' id='word_1_204' title='bbox 1020 2374 1105 2457; x_wconf 64' lang='lat' dir='ltr'><strong>Sutor]</strong></span> <span class='ocrx_word' id='word_1_205' title='bbox 1123 2395 1196 2444; x_wconf 88' lang='lat' dir='ltr'><strong>llaec</strong></span> <span class='ocrx_word' id='word_1_206' title='bbox 1212 2392 1290 2444; x_wconf 87' lang='lat' dir='ltr'><strong>lectio</strong></span> <span class='ocrx_word' id='word_1_207' title='bbox 1302 2393 1347 2443; x_wconf 85' lang='lat' dir='ltr'><strong>fin-</strong></span> 
     </span>
     <span class='ocr_line' id='line_1_23' title="bbox 259 2466 1346 2531; baseline 0.001 -13"><span class='ocrx_word' id='word_1_208' title='bbox 259 2471 368 2531; x_wconf 77' lang='lat' dir='ltr'><strong>atroque</strong></span> <span class='ocrx_word' id='word_1_209' title='bbox 396 2480 461 2518; x_wconf 90' lang='lat' dir='ltr'><strong>usus</strong></span> <span class='ocrx_word' id='word_1_210' title='bbox 489 2469 545 2518; x_wconf 87' lang='lat' dir='ltr'><strong>Ser.</strong></span> <span class='ocrx_word' id='word_1_211' title='bbox 575 2466 689 2531; x_wconf 87' lang='lat' dir='ltr'><strong>Sulpicio</strong></span> <span class='ocrx_word' id='word_1_212' title='bbox 717 2467 783 2518; x_wconf 82' lang='lat' dir='ltr'><strong>Rulo</strong></span> <span class='ocrx_word' id='word_1_213' title='bbox 821 2471 909 2518; x_wconf 89' lang='lat' dir='ltr'><strong>matur</strong></span> <span class='ocrx_word' id='word_1_214' title='bbox 926 2481 941 2517; x_wconf 89' lang='lat' dir='ltr'><strong>a</strong></span> <span class='ocrx_word' id='word_1_215' title='bbox 958 2467 1026 2518; x_wconf 86' lang='lat' dir='ltr'><strong>meis</strong></span> <span class='ocrx_word' id='word_1_216' title='bbox 1044 2467 1129 2519; x_wconf 88' lang='lat' dir='ltr'><strong>Codd.</strong></span> <span class='ocrx_word' id='word_1_217' title='bbox 1144 2471 1171 2517; x_wconf 90' lang='lat' dir='ltr'><strong>et</strong></span> <span class='ocrx_word' id='word_1_218' title='bbox 1187 2467 1275 2519; x_wconf 90' lang='lat' dir='ltr'><strong>Schol.</strong></span> <span class='ocrx_word' id='word_1_219' title='bbox 1289 2469 1346 2519; x_wconf 88' lang='lat' dir='ltr'><strong>lam</strong></span> 
     </span>
     <span class='ocr_line' id='line_1_24' title="bbox 260 2540 1349 2606; baseline 0.005 -15"><span class='ocrx_word' id='word_1_220' title='bbox 260 2540 447 2593; x_wconf 89' lang='lat' dir='ltr'><strong>iurisconsulto</strong></span> <span class='ocrx_word' id='word_1_221' title='bbox 473 2541 506 2592; x_wconf 85' lang='lat' dir='ltr'><strong>ad</strong></span> <span class='ocrx_word' id='word_1_222' title='bbox 534 2544 635 2592; x_wconf 88' lang='lat' dir='ltr'><strong>tantam</strong></span> <span class='ocrx_word' id='word_1_223' title='bbox 662 2543 785 2606; x_wconf 83' lang='lat' dir='ltr'><strong>pervenit</strong></span> <span class='ocrx_word' id='word_1_224' title='bbox 821 2555 883 2594; x_wconf 91' lang='lat' dir='ltr'><strong>cum</strong></span> <span class='ocrx_word' id='word_1_225' title='bbox 903 2543 930 2592; x_wconf 90' lang='lat' dir='ltr'><strong>in</strong></span> <span class='ocrx_word' id='word_1_226' title='bbox 948 2543 1057 2592; x_wconf 71' lang='lat' dir='ltr'><strong>neronis</strong></span> <span class='ocrx_word' id='word_1_227' title='bbox 1076 2542 1141 2592; x_wconf 90' lang='lat' dir='ltr'><strong>Cod.</strong></span> <span class='ocrx_word' id='word_1_228' title='bbox 1161 2541 1252 2592; x_wconf 83' lang='lat' dir='ltr'><strong>Bland.</strong></span> <span class='ocrx_word' id='word_1_229' title='bbox 1272 2545 1299 2592; x_wconf 87' lang='lat' dir='ltr'><strong>et</strong></span> <span class='ocrx_word' id='word_1_230' title='bbox 1320 2543 1349 2596; x_wconf 89' lang='lat' dir='ltr'><strong>in</strong></span> 
     </span>
     <span class='ocr_line' id='line_1_25' title="bbox 259 2615 1347 2681; baseline 0 -15"><span class='ocrx_word' id='word_1_231' title='bbox 259 2617 411 2678; x_wconf 85' lang='lat' dir='ltr'><strong>scientiam,</strong></span> <span class='ocrx_word' id='word_1_232' title='bbox 439 2620 468 2666; x_wconf 90' lang='lat' dir='ltr'><strong>ut</strong></span> <span class='ocrx_word' id='word_1_233' title='bbox 490 2615 657 2668; x_wconf 86' lang='lat' dir='ltr'><strong>consulatum</strong></span> <span class='ocrx_word' id='word_1_234' title='bbox 677 2619 785 2680; x_wconf 81' lang='lat' dir='ltr'><strong>gereret</strong></span> <span class='ocrx_word' id='word_1_235' title='bbox 821 2617 869 2668; x_wconf 87' lang='lat' dir='ltr'><strong>Ed.</strong></span> <span class='ocrx_word' id='word_1_236' title='bbox 891 2617 994 2667; x_wconf 85' lang='lat' dir='ltr'><strong>Veneta</strong></span> <span class='ocrx_word' id='word_1_237' title='bbox 1019 2616 1092 2667; x_wconf 85' lang='grc'><strong>4484.</strong></span> <span class='ocrx_word' id='word_1_238' title='bbox 1117 2617 1156 2670; x_wconf 80' lang='lat' dir='ltr'><strong>sit,</strong></span> <span class='ocrx_word' id='word_1_239' title='bbox 1174 2617 1275 2666; x_wconf 76' lang='grc'><strong>4444444444</strong></span> <span class='ocrx_word' id='word_1_240' title='bbox 1298 2629 1347 2681; x_wconf 87' lang='lat' dir='ltr'><strong>pro</strong></span> 
     </span>
     <span class='ocr_line' id='line_1_26' title="bbox 260 2688 1347 2755; baseline 0 -15"><span class='ocrx_word' id='word_1_241' title='bbox 260 2688 782 2755; x_wconf 73' lang='lat' dir='ltr'><strong>etpublicolunereellerretur.»Acron.</strong></span> <span class='ocrx_word' id='word_1_242' title='bbox 820 2692 935 2752; x_wconf 75' lang='grc'><strong>4444444444,</strong></span> <span class='ocrx_word' id='word_1_243' title='bbox 969 2689 1039 2741; x_wconf 85' lang='lat' dir='ltr'><strong>mele</strong></span> <span class='ocrx_word' id='word_1_244' title='bbox 1064 2693 1227 2740; x_wconf 50' lang='lat' dir='ltr'><strong>‘correctum</strong></span> <span class='ocrx_word' id='word_1_245' title='bbox 1261 2693 1304 2740; x_wconf 84' lang='lat' dir='ltr'><strong>est</strong></span> <span class='ocrx_word' id='word_1_246' title='bbox 1331 2704 1347 2740; x_wconf 84' lang='lat' dir='ltr'><strong>a</strong></span> 
     </span>
     <span class='ocr_line' id='line_1_27' title="bbox 260 2763 1347 2826; baseline 0 -12"><span class='ocrx_word' id='word_1_247' title='bbox 260 2763 313 2814; x_wconf 90' lang='lat' dir='ltr'><strong>Clr.</strong></span> <span class='ocrx_word' id='word_1_248' title='bbox 332 2765 440 2814; x_wconf 88' lang='lat' dir='ltr'><strong>omnino</strong></span> <span class='ocrx_word' id='word_1_249' title='bbox 465 2763 602 2816; x_wconf 87' lang='lat' dir='ltr'><strong>Weiehert</strong></span> <span class='ocrx_word' id='word_1_250' title='bbox 624 2767 707 2816; x_wconf 83' lang='lat' dir='ltr'><strong>Lecti.</strong></span> <span class='ocrx_word' id='word_1_251' title='bbox 730 2764 785 2814; x_wconf 87' lang='lat' dir='ltr'><strong>lle·</strong></span> <span class='ocrx_word' id='word_1_252' title='bbox 822 2764 954 2817; x_wconf 86' lang='lat' dir='ltr'><strong>nonnullis</strong></span> <span class='ocrx_word' id='word_1_253' title='bbox 975 2765 1112 2826; x_wconf 77' lang='lat' dir='ltr'><strong>merlrtno,</strong></span> <span class='ocrx_word' id='word_1_254' title='bbox 1139 2767 1168 2814; x_wconf 89' lang='lat' dir='ltr'><strong>ut</strong></span> <span class='ocrx_word' id='word_1_255' title='bbox 1188 2765 1215 2814; x_wconf 91' lang='lat' dir='ltr'><strong>in</strong></span> <span class='ocrx_word' id='word_1_256' title='bbox 1237 2766 1347 2815; x_wconf 79' lang='lat' dir='ltr'><strong>Acronls</strong></span> 
     </span>
     <span class='ocr_line' id='line_1_28' title="bbox 260 2837 1349 2903; baseline -0.001 -14"><span class='ocrx_word' id='word_1_257' title='bbox 260 2851 320 2889; x_wconf 87' lang='lat' dir='ltr'><strong>nus.</strong></span> <span class='ocrx_word' id='word_1_258' title='bbox 338 2840 369 2889; x_wconf 89' lang='lat' dir='ltr'><strong>ll.</strong></span> <span class='ocrx_word' id='word_1_259' title='bbox 386 2852 414 2903; x_wconf 86' lang='lat' dir='ltr'><strong>p.</strong></span> <span class='ocrx_word' id='word_1_260' title='bbox 433 2840 474 2889; x_wconf 74' lang='lat'><strong>27.</strong></span> <span class='ocrx_word' id='word_1_261' title='bbox 514 2839 581 2889; x_wconf 87' lang='lat' dir='ltr'><strong>Vera</strong></span> <span class='ocrx_word' id='word_1_262' title='bbox 605 2841 695 2889; x_wconf 85' lang='lat' dir='ltr'><strong>eutem</strong></span> <span class='ocrx_word' id='word_1_263' title='bbox 716 2841 784 2890; x_wconf 86' lang='lat' dir='ltr'><strong>seri·</strong></span> <span class='ocrx_word' id='word_1_264' title='bbox 823 2840 889 2892; x_wconf 88' lang='lat' dir='ltr'><strong>Cod.</strong></span> <span class='ocrx_word' id='word_1_265' title='bbox 907 2837 1075 2898; x_wconf 77' lang='lat' dir='ltr'><strong>Bentleieu03</strong></span> <span class='ocrx_word' id='word_1_266' title='bbox 1093 2838 1166 2889; x_wconf 87' lang='lat' dir='ltr'><strong>unde</strong></span> <span class='ocrx_word' id='word_1_267' title='bbox 1184 2851 1260 2888; x_wconf 89' lang='lat' dir='ltr'><strong>error</strong></span> <span class='ocrx_word' id='word_1_268' title='bbox 1276 2840 1349 2888; x_wconf 87' lang='lat' dir='ltr'><strong>venit</strong></span> 
     </span>
     <span class='ocr_line' id='line_1_29' title="bbox 260 2909 1348 2979; baseline 0 -17"><span class='ocrx_word' id='word_1_269' title='bbox 260 2915 337 2978; x_wconf 84' lang='lat' dir='ltr'><strong>ptura</strong></span> <span class='ocrx_word' id='word_1_270' title='bbox 355 2915 397 2964; x_wconf 89' lang='lat' dir='ltr'><strong>est</strong></span> <span class='ocrx_word' id='word_1_271' title='bbox 412 2909 535 2976; x_wconf 72' lang='lat' dir='ltr'><strong>Alrmtt&#39;tr,</strong></span> <span class='ocrx_word' id='word_1_272' title='bbox 559 2914 594 2963; x_wconf 88' lang='lat' dir='ltr'><strong>ita</strong></span> <span class='ocrx_word' id='word_1_273' title='bbox 613 2916 716 2974; x_wconf 86' lang='lat' dir='ltr'><strong>tamen,</strong></span> <span class='ocrx_word' id='word_1_274' title='bbox 740 2914 783 2976; x_wconf 92' lang='lat' dir='ltr'><strong>ut,</strong></span> <span class='ocrx_word' id='word_1_275' title='bbox 821 2916 918 2979; x_wconf 84' lang='lat' dir='ltr'><strong>parlim</strong></span> <span class='ocrx_word' id='word_1_276' title='bbox 941 2915 967 2964; x_wconf 91' lang='lat' dir='ltr'><strong>in</strong></span> <span class='ocrx_word' id='word_1_277' title='bbox 989 2913 1100 2964; x_wconf 75' lang='lat' dir='ltr'><strong>landini</strong></span> <span class='ocrx_word' id='word_1_278' title='bbox 1118 2913 1348 2964; x_wconf 88' lang='lat' dir='ltr'><strong>Commentarium</strong></span> 
     </span>
     <span class='ocr_line' id='line_1_30' title="bbox 260 2985 1347 3052; baseline 0.001 -17"><span class='ocrx_word' id='word_1_279' title='bbox 260 2988 337 3050; x_wconf 75' lang='lat' dir='ltr'><strong>quusi</strong></span> <span class='ocrx_word' id='word_1_280' title='bbox 355 2991 427 3038; x_wconf 89' lang='lat' dir='ltr'><strong>esset</strong></span> <span class='ocrx_word' id='word_1_281' title='bbox 441 2987 566 3051; x_wconf 74' lang='lat' dir='ltr'><strong>Alsmjttr,</strong></span> <span class='ocrx_word' id='word_1_282' title='bbox 588 2987 615 3037; x_wconf 89' lang='lat' dir='ltr'><strong>h.</strong></span> <span class='ocrx_word' id='word_1_283' title='bbox 634 2986 650 3038; x_wconf 95' lang='lat' dir='ltr'><strong>l.</strong></span> <span class='ocrx_word' id='word_1_284' title='bbox 670 2985 786 3052; x_wconf 83' lang='lat' dir='ltr'><strong>trisylla-</strong></span> <span class='ocrx_word' id='word_1_285' title='bbox 823 2991 850 3039; x_wconf 88' lang='lat' dir='ltr'><strong>et</strong></span> <span class='ocrx_word' id='word_1_286' title='bbox 866 2989 893 3038; x_wconf 87' lang='lat' dir='ltr'><strong>in</strong></span> <span class='ocrx_word' id='word_1_287' title='bbox 909 2987 1050 3040; x_wconf 75' lang='lat' dir='ltr'><strong>Alexandri</strong></span> <span class='ocrx_word' id='word_1_288' title='bbox 1066 2986 1101 3036; x_wconf 90' lang='lat' dir='ltr'><strong>ab</strong></span> <span class='ocrx_word' id='word_1_289' title='bbox 1113 2985 1263 3037; x_wconf 78' lang='lat' dir='ltr'><strong>Alexandro</strong></span> <span class='ocrx_word' id='word_1_290' title='bbox 1281 2989 1347 3037; x_wconf 87' lang='lat' dir='ltr'><strong>Gen.</strong></span> 
     </span>
     <span class='ocr_line' id='line_1_31' title="bbox 260 3060 1346 3126; baseline -0.001 -15"><span class='ocrx_word' id='word_1_291' title='bbox 260 3060 327 3111; x_wconf 90' lang='lat' dir='ltr'><strong>bum</strong></span> <span class='ocrx_word' id='word_1_292' title='bbox 339 3065 459 3124; x_wconf 87' lang='lat' dir='ltr'><strong>maneat,</strong></span> <span class='ocrx_word' id='word_1_293' title='bbox 473 3063 510 3112; x_wconf 90' lang='lat' dir='ltr'><strong>uti</strong></span> <span class='ocrx_word' id='word_1_294' title='bbox 522 3064 574 3112; x_wconf 86' lang='lat' dir='ltr'><strong>Sat.</strong></span> <span class='ocrx_word' id='word_1_295' title='bbox 583 3063 612 3123; x_wconf 73' lang='lat'><strong>2,</strong></span> <span class='ocrx_word' id='word_1_296' title='bbox 626 3063 654 3124; x_wconf 86' lang='grc'><strong>8,</strong></span> <span class='ocrx_word' id='word_1_297' title='bbox 670 3063 694 3113; x_wconf 93' lang='grc'><strong>4.</strong></span> <span class='ocrx_word' id='word_1_298' title='bbox 712 3062 787 3112; x_wconf 78' lang='lat' dir='ltr'><strong>Neel-</strong></span> <span class='ocrx_word' id='word_1_299' title='bbox 823 3063 887 3114; x_wconf 91' lang='lat' dir='ltr'><strong>dier.</strong></span> <span class='ocrx_word' id='word_1_300' title='bbox 908 3063 935 3124; x_wconf 88' lang='lat'><strong>6,</strong></span> <span class='ocrx_word' id='word_1_301' title='bbox 954 3062 1007 3124; x_wconf 62' lang='lat'><strong>23„</strong></span> <span class='ocrx_word' id='word_1_302' title='bbox 1025 3061 1123 3126; x_wconf 83' lang='lat' dir='ltr'><strong>partim</strong></span> <span class='ocrx_word' id='word_1_303' title='bbox 1139 3062 1166 3111; x_wconf 91' lang='lat' dir='ltr'><strong>in</strong></span> <span class='ocrx_word' id='word_1_304' title='bbox 1183 3073 1267 3111; x_wconf 89' lang='lat' dir='ltr'><strong>unum</strong></span> <span class='ocrx_word' id='word_1_305' title='bbox 1280 3060 1346 3112; x_wconf 89' lang='lat' dir='ltr'><strong>Cod.</strong></span> 
     </span>
     <span class='ocr_line' id='line_1_32' title="bbox 260 3135 1349 3200; baseline 0 -14"><span class='ocrx_word' id='word_1_306' title='bbox 260 3135 493 3200; x_wconf 73' lang='lat' dir='ltr'><strong>dimiquadrlsyll.</strong></span> <span class='ocrx_word' id='word_1_307' title='bbox 507 3137 586 3188; x_wconf 84' lang='lat' dir='ltr'><strong>Certe</strong></span> <span class='ocrx_word' id='word_1_308' title='bbox 594 3137 786 3187; x_wconf 61' lang='lat' dir='ltr'><strong>Putrcnws</strong></span> <span class='ocrx_word' id='word_1_309' title='bbox 823 3137 925 3197; x_wconf 81' lang='lat' dir='ltr'><strong>Blend,</strong></span> <span class='ocrx_word' id='word_1_310' title='bbox 952 3135 1001 3186; x_wconf 89' lang='lat' dir='ltr'><strong>sed</strong></span> <span class='ocrx_word' id='word_1_311' title='bbox 1025 3137 1176 3186; x_wconf 87' lang='lat' dir='ltr'><strong>correctum</strong></span> <span class='ocrx_word' id='word_1_312' title='bbox 1200 3136 1272 3198; x_wconf 84' lang='lat' dir='ltr'><strong>(nam</strong></span> <span class='ocrx_word' id='word_1_313' title='bbox 1297 3135 1349 3186; x_wconf 88' lang='lat' dir='ltr'><strong>hoc</strong></span> 
     </span>
     <span class='ocr_line' id='line_1_33' title="bbox 260 3208 1349 3276; baseline -0.002 -16"><span class='ocrx_word' id='word_1_314' title='bbox 260 3222 316 3260; x_wconf 90' lang='lat' dir='ltr'><strong>cos.</strong></span> <span class='ocrx_word' id='word_1_315' title='bbox 340 3210 442 3276; x_wconf 64' lang='lat' dir='ltr'><strong>suma.</strong></span> <span class='ocrx_word' id='word_1_316' title='bbox 461 3225 488 3261; x_wconf 92' lang='lat' dir='ltr'><strong>u.</strong></span> <span class='ocrx_word' id='word_1_317' title='bbox 507 3225 530 3261; x_wconf 93' lang='lat' dir='ltr'><strong>c.</strong></span> <span class='ocrx_word' id='word_1_318' title='bbox 550 3211 606 3261; x_wconf 76' lang='lat'>755.</span> <span class='ocrx_word' id='word_1_319' title='bbox 630 3213 673 3262; x_wconf 86' lang='lat' dir='ltr'><strong>est</strong></span> <span class='ocrx_word' id='word_1_320' title='bbox 693 3213 720 3261; x_wconf 88' lang='lat' dir='ltr'><strong>in</strong></span> <span class='ocrx_word' id='word_1_321' title='bbox 741 3213 786 3261; x_wconf 91' lang='lat' dir='ltr'><strong>ln·</strong></span> <span class='ocrx_word' id='word_1_322' title='bbox 821 3213 910 3276; x_wconf 84' lang='lat' dir='ltr'><strong>potius</strong></span> <span class='ocrx_word' id='word_1_323' title='bbox 927 3210 1076 3272; x_wconf 83' lang='lat' dir='ltr'><strong>significare</strong></span> <span class='ocrx_word' id='word_1_324' title='bbox 1099 3208 1223 3260; x_wconf 82' lang='lat' dir='ltr'><strong>videntur</strong></span> <span class='ocrx_word' id='word_1_325' title='bbox 1240 3209 1349 3272; x_wconf 88' lang='lat' dir='ltr'><strong>Cruquii</strong></span> 
     </span>
     <span class='ocr_line' id='line_1_34' title="bbox 260 3283 1348 3349; baseline -0.002 -13"><span class='ocrx_word' id='word_1_326' title='bbox 260 3284 350 3348; x_wconf 83' lang='lat' dir='ltr'><strong>script.</strong></span> <span class='ocrx_word' id='word_1_327' title='bbox 364 3286 436 3349; x_wconf 88' lang='lat' dir='ltr'><strong>apud</strong></span> <span class='ocrx_word' id='word_1_328' title='bbox 453 3285 542 3336; x_wconf 87' lang='lat' dir='ltr'><strong>Lehus</strong></span> <span class='ocrx_word' id='word_1_329' title='bbox 558 3286 658 3348; x_wconf 71' lang='lat' dir='ltr'><strong>Profer.</strong></span> <span class='ocrx_word' id='word_1_330' title='bbox 671 3287 698 3334; x_wconf 84' lang='lat' dir='ltr'><strong>cl</strong></span> <span class='ocrx_word' id='word_1_331' title='bbox 714 3287 783 3335; x_wconf 78' lang='lat' dir='ltr'><strong>Mon.</strong></span> <span class='ocrx_word' id='word_1_332' title='bbox 822 3285 906 3335; x_wconf 87' lang='lat' dir='ltr'><strong>verba</strong></span> <span class='ocrx_word' id='word_1_333' title='bbox 932 3285 1011 3333; x_wconf 76' lang='grc'><strong>4444444</strong></span> <span class='ocrx_word' id='word_1_334' title='bbox 1038 3283 1227 3333; x_wconf 74' lang='lat' dir='ltr'><strong>characteribus</strong></span> <span class='ocrx_word' id='word_1_335' title='bbox 1251 3297 1348 3347; x_wconf 77' lang='lat' dir='ltr'><strong>qurum,</strong></span> 
     </span>
     <span class='ocr_line' id='line_1_35' title="bbox 261 3356 1351 3423; baseline -0.002 -13"><span class='ocrx_word' id='word_1_336' title='bbox 261 3357 352 3410; x_wconf 79' lang='lat' dir='ltr'><strong>Gabini</strong></span> <span class='ocrx_word' id='word_1_337' title='bbox 369 3360 432 3408; x_wconf 72' lang='lat' dir='ltr'><strong>did.</strong></span> <span class='ocrx_word' id='word_1_338' title='bbox 447 3361 476 3420; x_wconf 82' lang='lat' dir='ltr'><strong>Q.</strong></span> <span class='ocrx_word' id='word_1_339' title='bbox 493 3360 597 3408; x_wconf 80' lang='lat' dir='ltr'><strong>Vtrcoutt</strong></span> <span class='ocrx_word' id='word_1_340' title='bbox 609 3373 635 3423; x_wconf 91' lang='lat' dir='ltr'><strong>p.</strong></span> <span class='ocrx_word' id='word_1_341' title='bbox 648 3361 679 3409; x_wconf 89' lang='lat' dir='ltr'><strong>V.</strong></span> <span class='ocrx_word' id='word_1_342' title='bbox 693 3359 785 3410; x_wconf 89' lang='lat' dir='ltr'><strong>Biondi</strong></span> <span class='ocrx_word' id='word_1_343' title='bbox 823 3359 897 3422; x_wconf 88' lang='lat' dir='ltr'><strong>quod</strong></span> <span class='ocrx_word' id='word_1_344' title='bbox 913 3356 1048 3408; x_wconf 86' lang='lat' dir='ltr'><strong>Bentleius</strong></span> <span class='ocrx_word' id='word_1_345' title='bbox 1063 3357 1235 3420; x_wconf 80' lang='lat' dir='ltr'><strong>opinabatur,</strong></span> <span class='ocrx_word' id='word_1_346' title='bbox 1255 3371 1285 3408; x_wconf 74' lang='lat' dir='ltr'><strong>aa</strong></span> <span class='ocrx_word' id='word_1_347' title='bbox 1298 3359 1351 3423; x_wconf 86' lang='lat' dir='ltr'><strong>pri·</strong></span> 
     </span>
     <span class='ocr_line' id='line_1_36' title="bbox 261 3431 1351 3496; baseline 0 -14"><span class='ocrx_word' id='word_1_348' title='bbox 261 3433 409 3496; x_wconf 67' lang='lat' dir='ltr'><strong>(Desertor.</strong></span> <span class='ocrx_word' id='word_1_349' title='bbox 430 3432 485 3482; x_wconf 81' lang='lat' dir='ltr'><strong>detl&#39;</strong></span> <span class='ocrx_word' id='word_1_350' title='bbox 502 3432 579 3481; x_wconf 73' lang='lat' dir='ltr'><strong>lead.</strong></span> <span class='ocrx_word' id='word_1_351' title='bbox 603 3435 672 3482; x_wconf 76' lang='lat' dir='ltr'><strong>Rom.</strong></span> <span class='ocrx_word' id='word_1_352' title='bbox 695 3433 718 3481; x_wconf 74' lang='grc' dir='ltr'><strong>α’</strong></span> <span class='ocrx_word' id='word_1_353' title='bbox 735 3433 786 3482; x_wconf 80' lang='lat' dir='ltr'><strong>Ar·</strong></span> <span class='ocrx_word' id='word_1_354' title='bbox 823 3446 867 3483; x_wconf 86' lang='lat' dir='ltr'><strong>ma</strong></span> <span class='ocrx_word' id='word_1_355' title='bbox 886 3433 1001 3494; x_wconf 68' lang='lat' dir='ltr'><strong>manua),</strong></span> <span class='ocrx_word' id='word_1_356' title='bbox 1021 3431 1114 3481; x_wconf 80' lang='lat' dir='ltr'><strong>Tonsor</strong></span> <span class='ocrx_word' id='word_1_357' title='bbox 1130 3437 1200 3494; x_wconf 81' lang='lat' dir='ltr'><strong>eret,</strong></span> <span class='ocrx_word' id='word_1_358' title='bbox 1219 3433 1292 3496; x_wconf 88' lang='lat' dir='ltr'><strong>quod</strong></span> <span class='ocrx_word' id='word_1_359' title='bbox 1304 3445 1351 3483; x_wconf 89' lang='lat' dir='ltr'><strong>ou·</strong></span> 
     </span>
     <span class='ocr_line' id='line_1_37' title="bbox 261 3505 1350 3572; baseline 0 -16"><span class='ocrx_word' id='word_1_360' title='bbox 261 3507 336 3556; x_wconf 77' lang='lat' dir='ltr'><strong>eleol.</strong></span> <span class='ocrx_word' id='word_1_361' title='bbox 361 3507 389 3556; x_wconf 84' lang='lat' dir='ltr'><strong>T.</strong></span> <span class='ocrx_word' id='word_1_362' title='bbox 408 3507 450 3556; x_wconf 90' lang='lat' dir='ltr'><strong>Vl.</strong></span> <span class='ocrx_word' id='word_1_363' title='bbox 470 3519 495 3570; x_wconf 86' lang='lat' dir='ltr'><strong>p.</strong></span> <span class='ocrx_word' id='word_1_364' title='bbox 515 3506 583 3570; x_wconf 74' lang='lat'><strong>302.)</strong></span> <span class='ocrx_word' id='word_1_365' title='bbox 602 3508 659 3571; x_wconf 82' lang='lat' dir='ltr'><strong>ipse</strong></span> <span class='ocrx_word' id='word_1_366' title='bbox 677 3520 785 3571; x_wconf 88' lang='lat' dir='ltr'><strong>quoque</strong></span> <span class='ocrx_word' id='word_1_367' title='bbox 823 3506 909 3572; x_wconf 87' lang='lat' dir='ltr'><strong>pidius</strong></span> <span class='ocrx_word' id='word_1_368' title='bbox 921 3507 1060 3570; x_wconf 86' lang='lat' dir='ltr'><strong>arreptum</strong></span> <span class='ocrx_word' id='word_1_369' title='bbox 1072 3508 1113 3556; x_wconf 87' lang='lat' dir='ltr'><strong>est</strong></span> <span class='ocrx_word' id='word_1_370' title='bbox 1130 3505 1274 3557; x_wconf 86' lang='lat' dir='ltr'><strong>aBentleio</strong></span> <span class='ocrx_word' id='word_1_371' title='bbox 1287 3519 1350 3558; x_wconf 88' lang='lat' dir='ltr'><strong>con·</strong></span> 
     </span>
     <span class='ocr_line' id='line_1_38' title="bbox 262 3577 1349 3643; baseline -0.001 -12"><span class='ocrx_word' id='word_1_372' title='bbox 262 3581 296 3631; x_wconf 83' lang='lat' dir='ltr'><strong>de</strong></span> <span class='ocrx_word' id='word_1_373' title='bbox 325 3583 353 3630; x_wconf 83' lang='lat' dir='ltr'><strong>P.</strong></span> <span class='ocrx_word' id='word_1_374' title='bbox 375 3580 477 3632; x_wconf 77' lang='lat' dir='ltr'><strong>Alienio</strong></span> <span class='ocrx_word' id='word_1_375' title='bbox 504 3582 590 3642; x_wconf 83' lang='lat' dir='ltr'><strong>Varo,</strong></span> <span class='ocrx_word' id='word_1_376' title='bbox 619 3583 694 3643; x_wconf 90' lang='lat' dir='ltr'><strong>lCto,</strong></span> <span class='ocrx_word' id='word_1_377' title='bbox 725 3583 786 3632; x_wconf 88' lang='lat' dir='ltr'><strong>nato</strong></span> <span class='ocrx_word' id='word_1_378' title='bbox 824 3581 949 3631; x_wconf 85' lang='lat' dir='ltr'><strong>tendente</strong></span> <span class='ocrx_word' id='word_1_379' title='bbox 968 3577 1051 3630; x_wconf 85' lang='lat' dir='ltr'><strong>multo</strong></span> <span class='ocrx_word' id='word_1_380' title='bbox 1063 3580 1218 3630; x_wconf 87' lang='lat' dir='ltr'><strong>concinnius</strong></span> <span class='ocrx_word' id='word_1_381' title='bbox 1230 3593 1306 3642; x_wconf 87' lang='lat' dir='ltr'><strong>esse,</strong></span> <span class='ocrx_word' id='word_1_382' title='bbox 1327 3581 1349 3630; x_wconf 88' lang='lat' dir='ltr'><strong>si</strong></span> 
     </span>
     <span class='ocr_line' id='line_1_39' title="bbox 261 3653 1348 3719; baseline -0.002 -13"><span class='ocrx_word' id='word_1_383' title='bbox 261 3655 369 3706; x_wconf 84' lang='lat' dir='ltr'><strong>circiter</strong></span> <span class='ocrx_word' id='word_1_384' title='bbox 393 3668 417 3704; x_wconf 90' lang='lat' dir='ltr'><strong>a.</strong></span> <span class='ocrx_word' id='word_1_385' title='bbox 444 3669 469 3706; x_wconf 92' lang='lat' dir='ltr'><strong>u.</strong></span> <span class='ocrx_word' id='word_1_386' title='bbox 494 3669 517 3705; x_wconf 89' lang='lat' dir='ltr'><strong>c.</strong></span> <span class='ocrx_word' id='word_1_387' title='bbox 541 3655 598 3706; x_wconf 81' lang='lat'><strong>680.</strong></span> <span class='ocrx_word' id='word_1_388' title='bbox 626 3658 653 3705; x_wconf 87' lang='lat' dir='ltr'><strong>et</strong></span> <span class='ocrx_word' id='word_1_389' title='bbox 677 3654 785 3706; x_wconf 88' lang='lat' dir='ltr'><strong>consule</strong></span> <span class='ocrx_word' id='word_1_390' title='bbox 824 3656 908 3705; x_wconf 88' lang='lat' dir='ltr'><strong>oratio</strong></span> <span class='ocrx_word' id='word_1_391' title='bbox 924 3655 1062 3718; x_wconf 86' lang='lat' dir='ltr'><strong>pervarie</strong></span> <span class='ocrx_word' id='word_1_392' title='bbox 1080 3654 1214 3706; x_wconf 83' lang='lat' dir='ltr'><strong>discurrat</strong></span> <span class='ocrx_word' id='word_1_393' title='bbox 1230 3653 1348 3719; x_wconf 82' lang='lat' dir='ltr'><strong>opificie;</strong></span> 
     </span>
     <span class='ocr_line' id='line_1_40' title="bbox 262 3728 1351 3794; baseline -0.003 -13"><span class='ocrx_word' id='word_1_394' title='bbox 262 3732 315 3781; x_wconf 87' lang='lat' dir='ltr'><strong>iam</strong></span> <span class='ocrx_word' id='word_1_395' title='bbox 333 3745 357 3781; x_wconf 95' lang='lat' dir='ltr'><strong>a.</strong></span> <span class='ocrx_word' id='word_1_396' title='bbox 376 3731 432 3782; x_wconf 82' lang='grc'><strong>748.</strong></span> <span class='ocrx_word' id='word_1_397' title='bbox 452 3728 599 3793; x_wconf 86' lang='lat' dir='ltr'><strong>intelligens</strong></span> <span class='ocrx_word' id='word_1_398' title='bbox 616 3731 683 3781; x_wconf 85' lang='lat' dir='ltr'><strong>haec</strong></span> <span class='ocrx_word' id='word_1_399' title='bbox 698 3729 785 3780; x_wconf 86' lang='lat' dir='ltr'><strong>addit:</strong></span> <span class='ocrx_word' id='word_1_400' title='bbox 824 3730 897 3794; x_wconf 87' lang='lat' dir='ltr'><strong>quod</strong></span> <span class='ocrx_word' id='word_1_401' title='bbox 930 3732 1023 3780; x_wconf 86' lang='lat' dir='ltr'><strong>contra</strong></span> <span class='ocrx_word' id='word_1_402' title='bbox 1056 3741 1118 3780; x_wconf 86' lang='lat' dir='ltr'><strong>esse</strong></span> <span class='ocrx_word' id='word_1_403' title='bbox 1156 3728 1351 3780; x_wconf 87' lang='lat' dir='ltr'><strong>demonstravit</strong></span> 
     </span>
     <span class='ocr_line' id='line_1_41' title="bbox 261 3802 1350 3869; baseline -0.002 -14"><span class='ocrx_word' id='word_1_404' title='bbox 261 3807 304 3856; x_wconf 81' lang='lat' dir='ltr'><strong>ete</strong></span> <span class='ocrx_word' id='word_1_405' title='bbox 320 3805 415 3868; x_wconf 61' lang='lat' dir='ltr'><strong>Allecto</strong></span> <span class='ocrx_word' id='word_1_406' title='bbox 431 3807 494 3869; x_wconf 70' lang='lat' dir='ltr'><strong>soree</strong></span> <span class='ocrx_word' id='word_1_407' title='bbox 510 3811 589 3866; x_wconf 82' lang='lat' dir='ltr'><strong>stato,</strong></span> <span class='ocrx_word' id='word_1_408' title='bbox 616 3819 641 3855; x_wconf 81' lang='lat' dir='ltr'><strong>re</strong></span> <span class='ocrx_word' id='word_1_409' title='bbox 656 3819 707 3855; x_wconf 79' lang='lat' dir='ltr'><strong>uon</strong></span> <span class='ocrx_word' id='word_1_410' title='bbox 722 3819 787 3867; x_wconf 77' lang='lat' dir='ltr'><strong>pro-</strong></span> <span class='ocrx_word' id='word_1_411' title='bbox 824 3804 961 3854; x_wconf 88' lang='lat' dir='ltr'><strong>Weichert</strong></span> <span class='ocrx_word' id='word_1_412' title='bbox 985 3802 1002 3854; x_wconf 94' lang='lat' dir='ltr'><strong>l.</strong></span> <span class='ocrx_word' id='word_1_413' title='bbox 1028 3802 1046 3854; x_wconf 93' lang='lat' dir='ltr'><strong>l.</strong></span> <span class='ocrx_word' id='word_1_414' title='bbox 1074 3817 1100 3869; x_wconf 90' lang='lat' dir='ltr'><strong>p.</strong></span> <span class='ocrx_word' id='word_1_415' title='bbox 1127 3803 1168 3854; x_wconf 77' lang='lat'><strong>29.</strong></span> <span class='ocrx_word' id='word_1_416' title='bbox 1198 3830 1226 3840; x_wconf 91' lang='lat'>-</span> <span class='ocrx_word' id='word_1_417' title='bbox 1254 3803 1350 3853; x_wconf 77' lang='grc'><strong>44444444·</strong></span> 
     </span>
     <span class='ocr_line' id='line_1_42' title="bbox 260 3876 1349 3944; baseline -0.006 -15"><span class='ocrx_word' id='word_1_418' title='bbox 260 3881 544 3943; x_wconf 74' lang='lat' dir='ltr'><strong>prtomenteeotrolato,</strong></span> <span class='ocrx_word' id='word_1_419' title='bbox 563 3880 660 3930; x_wconf 78' lang='grc'><strong>4444444444</strong></span> <span class='ocrx_word' id='word_1_420' title='bbox 675 3879 787 3944; x_wconf 64' lang='lat' dir='ltr'><strong>nolitote</strong></span> <span class='ocrx_word' id='word_1_421' title='bbox 823 3883 905 3928; x_wconf 81' lang='lat' dir='ltr'><strong>mento</strong></span> <span class='ocrx_word' id='word_1_422' title='bbox 930 3876 1008 3942; x_wconf 76' lang='lat' dir='ltr'><strong>ortis]</strong></span> <span class='ocrx_word' id='word_1_423' title='bbox 1036 3876 1168 3942; x_wconf 72' lang='lat' dir='ltr'><strong>ascalpris</strong></span> <span class='ocrx_word' id='word_1_424' title='bbox 1186 3877 1349 3928; x_wconf 57' lang='lat' dir='ltr'><strong>etiormisa</strong></span> 
     </span>
     <span class='ocr_line' id='line_1_43' title="bbox 263 3953 1351 4016; baseline -0.001 -13"><span class='ocrx_word' id='word_1_425' title='bbox 263 3953 288 4003; x_wconf 81' lang='lat' dir='ltr'><strong>dt</strong></span> <span class='ocrx_word' id='word_1_426' title='bbox 312 3967 347 4002; x_wconf 80' lang='lat' dir='ltr'><strong>un</strong></span> <span class='ocrx_word' id='word_1_427' title='bbox 371 3960 525 4005; x_wconf 59' lang='lat' dir='ltr'><strong>innectente</strong></span> <span class='ocrx_word' id='word_1_428' title='bbox 550 3955 576 4004; x_wconf 76' lang='lat' dir='ltr'><strong>ct</strong></span> <span class='ocrx_word' id='word_1_429' title='bbox 600 3954 669 4015; x_wconf 76' lang='lat' dir='ltr'><strong>root,</strong></span> <span class='ocrx_word' id='word_1_430' title='bbox 698 3953 788 4002; x_wconf 80' lang='lat' dir='ltr'><strong>ctiam</strong></span> <span class='ocrx_word' id='word_1_431' title='bbox 824 3955 919 4015; x_wconf 64' lang='lat' dir='ltr'><strong>Sati,</strong></span> <span class='ocrx_word' id='word_1_432' title='bbox 938 3953 968 4015; x_wconf 87' lang='lat'><strong>3,</strong></span> <span class='ocrx_word' id='word_1_433' title='bbox 988 3953 1045 4003; x_wconf 81' lang='lat' dir='ltr'><strong>lue.</strong></span> <span class='ocrx_word' id='word_1_434' title='bbox 1067 3979 1094 3990; x_wconf 91' lang='lat'>-</span> <span class='ocrx_word' id='word_1_435' title='bbox 1113 3953 1190 4003; x_wconf 82' lang='lat' dir='ltr'><strong>Sutor</strong></span> <span class='ocrx_word' id='word_1_436' title='bbox 1212 3953 1276 4016; x_wconf 80' lang='lat' dir='ltr'><strong>crat]</strong></span> <span class='ocrx_word' id='word_1_437' title='bbox 1299 3953 1351 4002; x_wconf 78' lang='lat' dir='ltr'><strong>Su-</strong></span> 
     </span>
     <span class='ocr_line' id='line_1_44' title="bbox 262 4025 1351 4092; baseline -0.001 -15"><span class='ocrx_word' id='word_1_438' title='bbox 262 4027 454 4077; x_wconf 66' lang='lat' dir='ltr'><strong>meseonem</strong></span> <span class='ocrx_word' id='word_1_439' title='bbox 480 4041 512 4077; x_wconf 81' lang='lat' dir='ltr'><strong>ne</strong></span> <span class='ocrx_word' id='word_1_440' title='bbox 537 4029 617 4091; x_wconf 71' lang='lat' dir='ltr'><strong>[aeno</strong></span> <span class='ocrx_word' id='word_1_441' title='bbox 644 4028 740 4078; x_wconf 77' lang='lat' dir='ltr'><strong>Acrone</strong></span> <span class='ocrx_word' id='word_1_442' title='bbox 764 4033 788 4077; x_wconf 86' lang='lat' dir='ltr'><strong>ct</strong></span> <span class='ocrx_word' id='word_1_443' title='bbox 823 4029 917 4078; x_wconf 71' lang='lat' dir='ltr'><strong>terim</strong></span> <span class='ocrx_word' id='word_1_444' title='bbox 935 4027 1195 4092; x_wconf 77' lang='lat' dir='ltr'><strong>(utemeortcmcet.)</strong></span> <span class='ocrx_word' id='word_1_445' title='bbox 1208 4025 1351 4077; x_wconf 83' lang='lat' dir='ltr'><strong>telemho·</strong></span> 
     </span>
     <span class='ocr_line' id='line_1_45' title="bbox 262 4100 1349 4165; baseline -0.002 -15"><span class='ocrx_word' id='word_1_446' title='bbox 262 4101 407 4165; x_wconf 73' lang='lat' dir='ltr'><strong>Porflru&#39;oee.</strong></span> <span class='ocrx_word' id='word_1_447' title='bbox 443 4101 495 4152; x_wconf 86' lang='lat' dir='ltr'><strong>Sed</strong></span> <span class='ocrx_word' id='word_1_448' title='bbox 518 4103 627 4154; x_wconf 88' lang='lat' dir='ltr'><strong>minime</strong></span> <span class='ocrx_word' id='word_1_449' title='bbox 647 4101 691 4153; x_wconf 89' lang='lat' dir='ltr'><strong>tali</strong></span> <span class='ocrx_word' id='word_1_450' title='bbox 713 4103 787 4152; x_wconf 85' lang='lat' dir='ltr'><strong>estu·</strong></span> <span class='ocrx_word' id='word_1_451' title='bbox 824 4102 925 4151; x_wconf 88' lang='lat' dir='ltr'><strong>minem</strong></span> <span class='ocrx_word' id='word_1_452' title='bbox 951 4102 1030 4149; x_wconf 84' lang='lat' dir='ltr'><strong>vocet</strong></span> <span class='ocrx_word' id='word_1_453' title='bbox 1051 4101 1105 4152; x_wconf 89' lang='lat' dir='ltr'><strong>Cic.</strong></span> <span class='ocrx_word' id='word_1_454' title='bbox 1129 4100 1163 4150; x_wconf 86' lang='lat' dir='ltr'><strong>ad</strong></span> <span class='ocrx_word' id='word_1_455' title='bbox 1186 4103 1238 4151; x_wconf 79' lang='lat' dir='ltr'><strong>Att.</strong></span> <span class='ocrx_word' id='word_1_456' title='bbox 1264 4101 1294 4162; x_wconf 87' lang='lat' dir='ltr'><strong>d,</strong></span> <span class='ocrx_word' id='word_1_457' title='bbox 1319 4101 1349 4160; x_wconf 90' lang='lat' dir='ltr'><strong>l,</strong></span> 
     </span>
     <span class='ocr_line' id='line_1_46' title="bbox 263 4173 1349 4240; baseline -0.005 -13"><span class='ocrx_word' id='word_1_458' title='bbox 263 4176 298 4227; x_wconf 85' lang='lat' dir='ltr'><strong>tia</strong></span> <span class='ocrx_word' id='word_1_459' title='bbox 322 4173 509 4226; x_wconf 86' lang='lat' dir='ltr'><strong>decedendum</strong></span> <span class='ocrx_word' id='word_1_460' title='bbox 532 4178 605 4226; x_wconf 87' lang='lat' dir='ltr'><strong>esta</strong></span> <span class='ocrx_word' id='word_1_461' title='bbox 627 4174 704 4226; x_wconf 85' lang='lat' dir='ltr'><strong>cleris</strong></span> <span class='ocrx_word' id='word_1_462' title='bbox 726 4187 787 4226; x_wconf 87' lang='lat' dir='ltr'><strong>cer·</strong></span> <span class='ocrx_word' id='word_1_463' title='bbox 825 4176 864 4225; x_wconf 79' lang='grc'><strong>45.</strong></span> <span class='ocrx_word' id='word_1_464' title='bbox 887 4201 913 4210; x_wconf 82' lang='lat'><strong>--</strong></span> <span class='ocrx_word' id='word_1_465' title='bbox 935 4175 1034 4236; x_wconf 71' lang='lat' dir='ltr'><strong>sapiae</strong></span> <span class='ocrx_word' id='word_1_466' title='bbox 1056 4175 1122 4240; x_wconf 82' lang='lat' dir='ltr'><strong>eet]</strong></span> <span class='ocrx_word' id='word_1_467' title='bbox 1145 4173 1219 4226; x_wconf 88' lang='lat' dir='ltr'><strong>Conl.</strong></span> <span class='ocrx_word' id='word_1_468' title='bbox 1240 4175 1306 4238; x_wconf 84' lang='lat' dir='ltr'><strong>Epp.</strong></span> <span class='ocrx_word' id='word_1_469' title='bbox 1325 4175 1349 4234; x_wconf 91' lang='grc'><strong>4,</strong></span> 
     </span>
     <span class='ocr_line' id='line_1_47' title="bbox 264 4248 1350 4314; baseline -0.001 -14"><span class='ocrx_word' id='word_1_470' title='bbox 264 4251 350 4312; x_wconf 89' lang='lat' dir='ltr'><strong>tlsque</strong></span> <span class='ocrx_word' id='word_1_471' title='bbox 367 4253 462 4314; x_wconf 74' lang='lat' dir='ltr'><strong>poetae</strong></span> <span class='ocrx_word' id='word_1_472' title='bbox 479 4248 582 4310; x_wconf 87' lang='lat' dir='ltr'><strong>verbis,</strong></span> <span class='ocrx_word' id='word_1_473' title='bbox 601 4252 643 4300; x_wconf 89' lang='lat' dir='ltr'><strong>cui</strong></span> <span class='ocrx_word' id='word_1_474' title='bbox 655 4253 785 4300; x_wconf 73' lang='lat' dir='ltr'><strong>astutior.</strong></span> <span class='ocrx_word' id='word_1_475' title='bbox 825 4250 852 4311; x_wconf 87' lang='grc'><strong>4,</strong></span> <span class='ocrx_word' id='word_1_476' title='bbox 872 4248 935 4298; x_wconf 80' lang='lat' dir='ltr'><strong>lou:</strong></span> <span class='ocrx_word' id='word_1_477' title='bbox 960 4249 1059 4311; x_wconf 71' lang='grc'><strong>4444444444</strong></span> <span class='ocrx_word' id='word_1_478' title='bbox 1074 4263 1125 4299; x_wconf 83' lang='lat' dir='ltr'><strong>eno</strong></span> <span class='ocrx_word' id='word_1_479' title='bbox 1138 4249 1222 4300; x_wconf 73' lang='lat' dir='ltr'><strong>minor</strong></span> <span class='ocrx_word' id='word_1_480' title='bbox 1233 4253 1268 4299; x_wconf 87' lang='lat' dir='ltr'><strong>ert</strong></span> <span class='ocrx_word' id='word_1_481' title='bbox 1284 4249 1350 4308; x_wconf 85' lang='lat' dir='ltr'><strong>loce,</strong></span> 
     </span>
    </p>
   </div>
   <div class='ocr_carea' id='block_1_5' title="bbox 0 0 1582 4966">
    <p class='ocr_par' dir='ltr' id='par_1_9' title="bbox 0 0 1582 4966">
     <span class='ocr_line' id='line_1_48' title="bbox 0 0 1582 4966; baseline 0 0"><span class='ocrx_word' id='word_1_482' title='bbox 0 0 1582 4966; x_wconf 95' lang='lat' dir='ltr'><strong> </strong></span> 
     </span>
    </p>
   </div>
  </div>
 </body>
</html>
