3090 4974
543 437 602 488 init.
620 437 650 488 ll.
688 438 784 489 EPlST.
804 440 834 489 ll.

192 591 278 672 Quid
300 592 361 658 vici
384 602 518 679 prosunt
540 604 595 659 aut
616 593 756 660 horrea?
777 594 896 682 quidve
920 594 1063 662 Calabris

192 712 332 780 Saltibus
354 712 470 782 adiecti
493 715 625 791 Lucani,
648 716 676 780 si
698 716 788 782 metit
808 718 915 783 Oreus

191 835 332 902 Grandia
353 856 427 902 cum
449 836 568 922 parvis,
593 855 657 902 non
679 835 852 903 exorabilis
874 839 977 904 auro?

191 957 351 1032 Gemmas,
369 977 517 1034 marmor,
533 955 622 1034 ebur,
639 957 804 1048 Tyrrhena
818 957 929 1045 sigilla,
946 957 1089 1036 tabellas,
1172 961 1234 1027 l80

192 1079 380 1164 Argentum,
405 1089 512 1145 vestes
535 1077 670 1145 Gaetulo
692 1079 815 1146 murice
838 1080 965 1158 tinctas,

184 1321 279 1382 nostri,
298 1319 420 1382 Bentleii,
440 1322 568 1382 Pettierii,
588 1321 732 1386 schmidii.)
753 1351 780 1360 —
800 1325 856 1375 445.
875 1325 903 1376 st
923 1327 984 1389 quta
1003 1327 1082 1386 bScd,
1102 1329 1203 1379 Schmi-

181 1394 216 1446 dii
242 1395 365 1458 quartus,
393 1409 426 1446 ex
442 1394 499 1446 aliis
516 1397 580 1458 Fen,
607 1397 656 1447 Seri
672 1399 734 1460 quio
750 1399 804 1449 duo
820 1399 955 1452 Schmidii.
977 1429 1005 1438 —
1024 1403 1081 1453 446.
1099 1403 1203 1454 4444444444

181 1468 315 1521 {lenticius
332 1469 411 1530 coni,
429 1471 574 1535 quaeipsis
592 1485 679 1536 nuper
696 1473 722 1523 iu
740 1472 806 1524 cod.
819 1476 974 1528 Lovauiensi
992 1481 1099 1542 reperta
1116 1481 1166 1530 est.

148 1685 238 1736 cuma
252 1697 333 1744 mors,
356 1697 425 1734 mors
440 1698 572 1748 auprarno,
598 1687 673 1736 cuius
711 1699 760 1751 per
785 1687 866 1739 colles
888 1693 1026 1743 montesve
1049 1693 1119 1755 sitis,
1148 1695 1234 1745 Weid-

149 1758 270 1824 exempia
292 1757 396 1822 collegit
415 1759 549 1812 Bentleius
566 1759 600 1811 ad
617 1762 671 1810 Sat.
710 1763 822 1826 trinea.»
840 1791 867 1803 -
886 1765 989 1827 adiecti]
1010 1766 1059 1816 0d.
1078 1767 1106 1828 ³,
1125 1769 1168 1829 46,
1184 1768 1231 1819 it:

150 1837 173 1894 4,
186 1836 210 1896 4,
223 1835 263 1885 43.
282 1835 375 1884 Boeth.
390 1835 468 1886 Cous.
483 1836 511 1894 4,
524 1835 548 1884 4.
562 1837 590 1886 at
604 1834 633 1894 4,
646 1837 671 1886 li.
709 1836 888 1900 siidppdoniis
906 1852 1012 1903 nanum
1027 1841 1136 1901 mouet
1157 1841 1234 1892 Cuni-

149 1911 200 1960 cet.
235 1907 349 1960 Lucilius
371 1909 459 1959 minor
480 1908 551 1972 apud
576 1910 671 1960 Senac.
706 1911 748 1972 pic
762 1912 911 1962 cecinnam.
927 1939 954 1950 -
972 1914 1049 1978 metit]
1068 1913 1156 1978 Eurip.
1176 1916 1233 1978 ily-

148 1987 195 2050 Ep.
209 1983 250 2046 ii,
263 1985 308 2036 20:
328 1985 613 2043 norcomannorum
631 1986 673 2035 scri
710 1985 778 2048 psip.
798 1985 900 2047 Fragm.
921 1987 998 2036 Dind.
1014 1988 1043 2037 a:
1070 1981 1233 2054 ἀναγκαιως

148 2073 213 2124 pona
227 2059 297 2122 rapit
312 2059 402 2108 4444444444
418 2064 541 2109 ntorsest.
557 2083 584 2094 —
602 2061 673 2110 cedat
709 2053 733 2106 δ’
759 2048 819 2117 ἔχει
840 2058 912 2108 Βιον
933 2059 1054 2130 θερίζειν
1070 2053 1146 2112 ὥστε
1161 2059 1233 2135 νάρ-

147 2136 174 2184 in
190 2135 273 2184 44444444
287 2132 356 2198 ine-c]
374 2136 508 2184 «mussat
524 2131 671 2184 inalterius
710 2146 799 2196 sipon
821 2129 945 2196 στάχυν,
971 2148 1041 2200 quiae
1063 2139 1089 2188 iu
1110 2139 1231 2189 Latimm

147 2209 188 2258 ius
205 2221 237 2258 ac
254 2208 428 2258 dominium.»
453 2207 553 2258 Eadem
571 2209 670 2257 constr.
710 2207 841 2258 convertit
856 2208 1046 2271 Cic.i'uac.³,
1061 2211 1162 2272 assa:
1178 2213 1234 2262 vito

148 2283 226 2334 Gaius
249 2281 279 2343 4,
303 2282 346 2331 43;
373 2284 400 2332 in
422 2281 549 2344 potitam
573 2281 673 2332 4444444444
709 2281 1097 2348 ονινίὸνεΜνννάν,νιρνρα.
1115 2285 1234 2336 8444νὸ44

146 2369 246 2406 omorio
261 2357 420 2406 inamoena.
708 2357 846 2406 msice.
866 2357 903 2408 ci.
918 2358 966 2407 on.
979 2357 1008 2420 4,
1022 2358 1067 2419 44,
1080 2359 1122 2410 34.
1137 2387 1165 2396 -
1183 2374 1233 2410 non

180 2433 301 2483 tit-tit.
318 2433 360 2482 Sic
372 2434 433 2494 quic
446 2432 510 2494 cet]
529 2433 609 2493 «Quia
619 2431 671 2482 hoc
708 2430 852 2496 amolita]
871 2431 910 2482 Ci.
924 2431 972 2484 Od.
985 2433 1010 2493 2,
1023 2433 1064 2494 48,
1077 2432 1109 2484 34
1121 2447 1181 2498 sqq.

147 2507 241 2568 modo,
263 2519 345 2571 quam
366 2505 532 2570 significavi»
555 2508 605 2556 cet.
642 2507 671 2558 iu
742 2506 862 2557 480-484.
882 2507 1010 2570 Genuum
1027 2520 1157 2571 marnam,
1172 2509 1234 2559 atur

146 2580 229 2632 altera
246 2580 358 2632 lectione
375 2581 464 2645 nouo
474 2581 606 2632 referatur
617 2592 671 2631 nou
709 2581 771 2644 cet]
784 2581 850 2644 Epp.
862 2581 886 2640 4,
896 2582 921 2642 6,
933 2582 976 2631 tt:
990 2587 1233 2644 arpmmmctmor·

146 2655 237 2707 habct.
252 2681 280 2694 -·
299 2654 367 2719 usus]
384 2667 449 2706 usus
466 2655 575 2706 fructus.
592 2681 618 2692 -
630 2655 671 2704 ite·
708 2667 764 2704 ntor
784 2659 854 2704 vanc
869 2667 981 2716 cacque
997 2661 1020 2705 ct
1037 2661 1105 2706 ortes
1120 2657 1231 2718 Suspice,

145 2745 186 2782 aas
194 2731 314 2782 Heredem
324 2729 437 2794 4444444444]
449 2731 514 2780 Tres
526 2730 604 2792 igitur
615 2741 672 2778 me-
707 2741 765 2777 cum
774 2729 877 2790 panmis
889 2729 976 2790 Tutior
985 2730 1082 2778 enirm
1090 2728 1230 2780 colores.—

146 2807 285 2854 morantur
295 2817 440 2868 personae,
453 2802 526 2854 velut
536 2815 612 2862 avus,
625 2815 671 2866 pa·
709 2802 837 2863 mntem
860 2801 957 2866 cipite]
988 2804 1060 2863 sigua
1086 2803 1231 2855 Tuscanica

146 2883 199 2939 ter,
217 2877 295 2930 iilius.
326 2877 431 2928 Codicis
454 2875 625 2926 Louanieusis
643 2877 671 2926 et
707 2889 800 2938 aerea,
830 2889 913 2940 parva
938 2877 1049 2926 deorum
1079 2875 1230 2931 simulacra.

145 2951 254 3004 Bentleii
279 2951 358 3002 lectio
382 2952 486 3002 altantis
510 2949 671 3013 signiticaret
706 2949 813 3001 Tertull.
827 2949 935 3015 apolog.
948 2948 994 2998 ss:
1020 2949 1125 3012 topatio
1141 2952 1232 3003 Tusco-

145 3027 212 3078 duas
230 3028 380 3090 dumtaxat,
405 3025 557 3090 etquidem
574 3024 669 3074 Titium
706 3039 764 3076 nan
784 3024 905 3090 [icamia
924 3023 1067 3074 mamacas
1087 3026 1174 3078 wiern
1189 3031 1231 3080 tn.

145 3104 217 3163 Scio,
236 3102 326 3152 Seium
342 3114 435 3152 rursus
451 3101 517 3150 Titio
534 3097 670 3150 heredito-
706 3101 871 3150 masticavit.
890 3097 989 3148 Horatii
1002 3099 1112 3163 quidem
1123 3103 1229 3166 tempo-

144 3181 200 3228 tem
217 3175 368 3236 tradentes,
395 3175 421 3224 id
440 3174 512 3237 quod
529 3185 593 3226 sane
612 3171 669 3222 lieri
706 3175 779 3226 ribus
797 3184 850 3222 uon
867 3174 922 3222 tam
937 3175 1047 3238 propter
1057 3173 1231 3238 pulchritudi-

146 3254 246 3316 nequit.
273 3278 301 3288 κ
325 3248 475 3313 superuenit]
502 3250 554 3302 «nt
570 3248 668 3298 fluctus
705 3259 767 3298 nem
779 3259 859 3310 quam
871 3249 983 3311 propter
993 3249 1176 3313 antiquitatem
1188 3254 1230 3302 vi-

144 3341 226 3390 super
242 3340 272 3376 se
290 3325 404 3376 invicem
420 3325 543 3384 veniunt,
562 3335 623 3376 cum
635 3334 668 3370 ex
704 3315 802 3370 deutur
827 3333 887 3371 esse
909 3323 1038 3384 quaesita.
1061 3321 1122 3385 (Cir.
1137 3324 1229 3376 titillor

144 3401 276 3450 immenso
301 3398 442 3449 volvuntur
467 3399 559 3448 mari.»
592 3391 665 3445 ovid.
703 3395 825 3445 Etmstcr
835 3395 865 3444 11.
884 3408 911 3460 p.
924 3396 982 3447 aet.
995 3399 1023 3448 et
1034 3397 1122 3449 Brauu
1137 3400 1164 3450 in
1175 3402 1229 3450 ,444-

144 3475 205 3524 ilet.
219 3475 259 3534 ⁴5,
274 3473 336 3523 ⁴8⁴:
354 3474 396 3522 scd
412 3477 440 3521 νι
453 3473 523 3522 ando
532 3467 667 3531 inpetitur
702 3469 756 3518 nuti
778 3469 833 3518 deii'
850 3470 909 3520 44444.
929 3471 1036 3520 matam.
1054 3473 1119 3522 viii.
1139 3485 1165 3536 p.
1183 3473 1225 3524 443.

143 3549 213 3598 mdo
231 3549 403 3611 tlrpuctorquc
419 3549 505 3598 eman
515 3545 612 3594 veniens
623 3557 667 3592 or·
703 3545 796 3607 Utique
806 3544 840 3595 de
850 3547 936 3595 aereis
946 3545 1058 3596 deorum
1068 3545 1226 3608 simulacris,

142 3623 375 3687 pasompriornn.
391 3647 418 3658 —
428 3621 485 3684 eici]
498 3620 524 3669 h.
535 3617 552 3668 4.
564 3617 664 3677 rustici,
703 3619 721 3668 1.
741 3617 784 3668 vel
801 3620 820 3668 1.
834 3621 859 3668 S.
878 3618 977 3682 pedem
993 3618 1065 3680 aitis,
1083 3619 1228 3684 intelligen-

143 3698 242 3758 idest,
268 3696 358 3757 villae,
384 3697 431 3748 ubi
448 3696 548 3746 nasute
566 3692 667 3744 habitat
703 3693 843 3752 domest,
867 3693 1020 3756 neutiquam
1047 3693 1081 3743 de
1106 3695 1227 3746 antefixis

142 3773 280 3833 domiuus,
313 3783 374 3822 cum
400 3768 520 3834 pluribus
546 3767 665 3830 argutiis,
703 3768 794 3820 aliisve
810 3765 937 3833 operibus
948 3765 1076 3830 figulinis,
1095 3767 1182 3832 qualia
1194 3783 1228 3820 ex

143 3849 170 3898 iu
195 3847 293 3910 quibus
314 3847 415 3909 degunt
436 3842 522 3894 coloni
538 3841 665 3906 partiarii.
702 3841 867 3894 Beroiiuensi
885 3853 980 3892 museo
997 3853 1083 3906 uuper
1097 3843 1180 3893 edidit
1190 3846 1228 3892 at-

143 3923 198 3973 Cic.
212 3919 245 3971 od
258 3923 309 3970 4444.
323 3921 350 3982 4,
370 3919 400 3980 4,
418 3917 447 3968 3:
475 3917 545 3978 Quod
561 3915 582 3964 si
598 3926 667 3964 usse-
703 3929 755 3980 que
773 3915 910 3966 illustravit
926 3915 1082 3966 Theodotus
1092 3916 1226 3980 Pauoim.)

141 4009 219 4058 poor,
242 4008 332 4057 saporo
348 3995 467 4044 Causam
483 3989 575 4040 cnuto
592 3994 668 4048 atone
705 3990 889 4054 -4494444444441
908 3990 1022 4051 iactum,
1041 3987 1181 4040 caelatum.
1197 4017 1224 4026 -

140 4071 252 4120 onmium
268 4071 351 4119 vicos
362 4073 385 4120 ot
398 4070 625 4130 protocootenuo.
636 4089 663 4100 -·
704 4065 816 4129 Gaetulo]
835 4064 917 4115 «Atro
934 4079 966 4115 ae
983 4078 1032 4129 per
1050 4065 1100 4114 hoc
1118 4066 1224 4125 uaurm

141 4142 256 4194 0444444444
276 4143 338 4208 cet.]
365 4142 482 4192 «Lucani
503 4137 586 4192 saltus
603 4149 666 4188 cum
703 4139 832 4202 siguificat
856 4141 927 4188 enim
949 4151 1095 4204 purpuram
1112 4139 1227 4189 Girbita-

142 4215 262 4270 Caiabris
274 4217 391 4281 coempti
403 4218 430 4266 et
441 4213 610 4266 continuati.»
625 4211 663 4262 ci.
703 4227 792 4264 nam.»
809 4213 934 4264 Possum.
960 4212 1008 4264 Od.
1027 4214 1057 4273 2,
1076 4213 1121 4274 ts,
1139 4214 1189 4263 35:-
1203 4220 1227 4264 te

142 4292 226 4356 Epod.
240 4295 264 4354 4,
277 4295 309 4344 ii
321 4306 361 4357 sq.
375 4319 401 4330 -—
414 4291 531 4356 8444444444]
544 4288 666 4355 «pascuis
703 4287 739 4338 bis
754 4285 816 4354 Afro
831 4283 929 4341 unua
951 4287 1042 4338 tinctae
1062 4289 1168 4340 Vettitatt
1184 4289 1226 4338 lo-

229 4385 320 4431 1404444.
336 4393 391 4430 vor..
407 4381 434 4428 41.
464 4392 504 4428 so.
520 4391 571 4429 4444.
588 4379 625 4428 444.
1011 4377 1038 4428 lii
