3178 4972
253 413 316 480 460
580 463 583 468 ,
615 413 744 464 llottffll
762 409 982 464 Ertsronlatint

296 572 483 661 decipiebat
503 609 545 620 -
567 569 632 646 abi,
656 589 779 658 quaere
798 579 831 634 et
849 567 950 644 refer,
974 565 1060 632 unde
1075 565 1188 643 domo,
1213 567 1296 654 quis,

296 694 396 763 Cuius
419 694 580 770 fortunae,
604 713 669 780 quo
694 691 734 757 sit
756 700 848 779 petre
870 708 978 777 quove
1000 695 1146 776 patrono.

297 819 338 895 lt,
361 816 446 883 redit
467 825 499 883 et
520 824 644 891 narrat,
667 812 825 880 Volteium
847 810 976 878 nomine
999 811 1140 887 lienam,
1300 809 1342 874 55

295 942 509 1016 Praeconem,
533 935 620 1004 tenui
644 955 760 1012 censu,
783 928 854 1000 'sine
877 933 1026 1010 crimine,
1050 941 1176 1010 nomm,

295 1061 334 1128 Et
353 1079 532 1150 properare
554 1057 626 1125 loco
648 1067 681 1124 et
703 1075 835 1124 cessare
857 1065 890 1122 et
911 1073 1072 1144 quaerere
1095 1055 1192 1122 etuti

296 1181 496 1250 Gaudentem
518 1181 694 1269 parvisque
716 1176 882 1245 sodalibus
905 1185 938 1243 et
958 1175 1027 1243 lare
1049 1185 1139 1244 certo

318 1329 359 1414 titi.
377 1365 471 1414 licaeo
487 1361 531 1412 bc.
551 1387 580 1398 -
599 1361 652 1410 sine
667 1360 786 1423 ommino,
812 1368 913 1425 noim,
937 1359 970 1409 lit
987 1360 1026 1410 sic
1044 1359 1162 1411 distinxi:
1189 1361 1242 1410 sisse
1256 1361 1309 1409 nri-

284 1441 352 1490 mioe
366 1443 466 1498 actaeo,
484 1438 516 1486 lit
532 1437 664 1498 LCtFliO,
682 1437 735 1487 sine
752 1438 868 1502 crimine,
886 1442 975 1488 notum
991 1436 1024 1485 lit
1040 1449 1068 1497 s,
1086 1435 1254 1486 descrimine
1263 1449 1310 1486 no-

285 1521 351 1576 tem,
368 1515 401 1564 Et
417 1527 432 1565 e
451 1512 535 1564 Codd.
556 1513 617 1576 (non
634 1513 697 1577 suls)
715 1511 858 1564 Bentleins.
875 1540 902 1550 -
922 1513 962 1563 ts.
978 1517 1050 1563 wic
1067 1525 1082 1562 e
1100 1510 1205 1562 duobus
1223 1509 1307 1561 Codd.

253 1685 333 1736 hodie
350 1675 429 1747 ἅπαξ
451 1678 607 1750 λεγόμενον
624 1685 679 1744 est,
706 1682 779 1733 unde
817 1683 852 1732 ita
868 1684 899 1732 nt
916 1695 949 1732 ex
964 1681 1061 1731 horum
1073 1677 1192 1743 quolibet
1207 1677 1242 1728 de
1258 1680 1343 1729 mori-

253 1759 462 1822 Cuninghnmius
483 1758 620 1809 substituit
635 1758 728 1808 taem.
750 1784 777 1793 -
817 1757 869 1808 bus
880 1760 908 1808 et
919 1755 1006 1807 indole
1019 1755 1077 1805 eius
1088 1753 1217 1804 sciscitari
1226 1751 1342 1814 lieeet;·

251 1833 402 1896 decipiebat]
433 1834 579 1897 «excipere
606 1832 632 1882 et
657 1831 780 1882 celeriter
818 1835 874 1884 tum
885 1831 986 1895 pergit:
1006 1835 1051 1880 «et
1057 1841 1198 1892 properare
1208 1828 1276 1878 loco·
1289 1831 1342 1878 cet.

253 1909 364 1972 exsequi
389 1907 522 1960 solebat.»
550 1935 578 1944 —
604 1908 669 1958 unde
693 1905 779 1970 domo]
817 1905 1020 1957 Siccaesarli.
1041 1905 1118 1966 (1.2,
1138 1901 1186 1953 te:
1211 1915 1262 1952 ooo
1279 1901 1342 1966 (init)

251 1983 323 2047 virg.
336 1985 401 2034 Aen.
415 1982 440 2044 8,
454 1981 519 2033 tlt:
539 1981 587 2044 (lui
600 1979 700 2046 penus?
715 1981 780 2030 unde
816 1981 878 2032 eicis
900 1983 1025 2032 lionscous
1037 1979 1117 2042 pastio
1138 1978 1256 2040 notior,
1283 1978 1344 2041 quic

252 2057 347 2108 mmo?
369 2059 465 2107 Domus
481 2055 515 2106 de
532 2058 632 2120 patria,
651 2057 681 2105 ut
697 2069 779 2119 saepe
817 2057 852 2106 ad
868 2056 933 2107 diem
949 2054 1097 2104 conomiret.
1116 2053 1183 2117 Epp.
1202 2053 1231 2113 t,
1250 2053 1274 2114 6,
1292 2054 1341 2103 25:

252 2134 278 2183 in
290 2131 423 2195 inscriptt.
437 2131 504 2180 Lati.
522 2132 598 2180 Dono
608 2131 714 2182 Pnrrsrr
727 2131 778 2180 cet.
818 2132 880 2183 Gaea
896 2131 968 2181 isne
984 2127 1162 2180 notum-oio
1178 2133 1202 2178 te
1212 2140 1345 2190 συνηρω-

251 2206 412 2270 interrogari
428 2205 507 2268 igitur
517 2203 605 2263 iubet,
625 2216 710 2267 equae
722 2205 781 2255 eius
817 2207 852 2255 rit
867 2204 940 2268 Appi.
976 2203 1043 2254 Olim
1064 2200 1185 2266 plerique
1208 2215 1240 2251 ac
1257 2215 1344 2266 nuper

252 2282 337 2345 patrie
349 2280 392 2340 sit,
405 2277 492 2342 (qais)
504 2277 577 2340 quod
589 2290 697 2340 nomen,
711 2291 780 2341 quae
818 2291 911 2330 rursus
929 2277 1061 2328 Obberius
1072 2275 1218 2339 iungebant
1233 2276 1285 2326 siae
1296 2277 1345 2326 ori-

252 2367 297 2406 res
321 2353 469 2403 domestice
493 2352 522 2401 et
544 2350 679 2414 condicio,
706 2353 781 2416 inge·
817 2355 884 2403 mine
899 2358 997 2414 ocimo,
1017 2349 1344 2402 contmconsuetudinem

253 2441 356 2478 unusne
374 2441 408 2477 nn
420 2425 568 2477 libertust»
588 2455 616 2463 -
634 2427 665 2488 lt,
682 2427 747 2476 redit
759 2432 782 2477 et
820 2429 949 2488 Latinsm;
968 2429 1029 2491 post
1040 2425 1220 2476 Heinrichium
1231 2423 1343 2476 inWol-

251 2501 354 2566 ecerat]
372 2500 526 2553 mmnuiter
537 2501 606 2551 haec
617 2500 782 2565 respondent
818 2502 844 2551 iii
861 2500 935 2552 Anni.
954 2503 979 2552 2.
997 2515 1024 2565 p.
1038 2501 1096 2550 oto.
1114 2497 1207 2550 multi:
1224 2503 1310 2550 moen
1321 2505 1344 2550 et

252 2575 344 2627 verbis
366 2575 419 2637 obi,
447 2580 581 2638 quaere-et
601 2574 690 2637 refer:
712 2589 781 2638 quo-
814 2589 967 2640 propsrare,
985 2578 1015 2626 ut
1031 2587 1096 2625 sane
1110 2575 1257 2624 construxit
1267 2573 1343 2625 Silius

252 2653 322 2702 circs
335 2649 388 2701 noli
399 2650 488 2714 legere
500 2661 563 2700 cum
575 2650 778 2714 Cuninghamio:
818 2653 861 2712 ta,
890 2651 955 2701 330:
991 2650 1080 2700 Delius
1095 2677 1110 2687 -
1128 2649 1248 2699 itoicoos
1271 2655 1344 2700 notter

252 2727 308 2787 odi,
327 2739 432 2788 qaaere,
450 2726 524 2789 τίον.
546 2752 573 2761 -
592 2726 703 2790 Menam]
725 2726 780 2776 ire-
816 2739 913 2788 seraper
921 2727 1038 2776 minuisse
1049 2725 1154 2775 totores.
1173 2725 1266 2789 Neque
1276 2737 1343 2775 vero

252 2813 338 2865 quens
355 2813 496 2851 seruorum
507 2813 539 2850 ac
556 2798 712 2850 libertorum
730 2813 780 2850 no-
817 2800 946 2852 accedere
956 2811 1068 2864 possum
1077 2798 1193 2850 Obbsrio
1202 2799 1344 2850 affirmanti

252 2888 315 2926 men
333 2873 497 2939 populariter
513 2875 680 2924 contractum
694 2875 779 2924 maxi·
816 2878 906 2926 nostra
924 2877 949 2926 in
962 2875 1179 2942 interpretatione
1194 2875 1236 2924 «et
1246 2887 1344 2926 versus

252 2963 297 3000 me
314 2951 340 3001 in
351 2947 464 3000 dialecto
476 2947 668 3010 Alexandrina,
686 2949 779 2998 utno-
815 2951 937 3000 tenorem
958 2952 985 2999 et
1006 2949 1154 2999 sententiae
1171 2948 1342 3014 vimymisere

251 3037 320 3086 mos,
337 3023 451 3086 Apollas,
470 3036 503 3073 ex
514 3037 586 3074 nom.
607 3022 775 3084 Menodorus,
816 3024 956 3088 iniringi;»
974 3025 1074 3075 etenim
1091 3021 1165 3087 quod
1182 3022 1217 3074 ad
1234 3035 1343 3074 versum

251 3097 625 3162 Demodorus‚Apollod0rus.
640 3096 779 3160 (Cisimil-
814 3100 922 3160 attinet,
955 3097 1051 3149 melius
1076 3099 1169 3161 utique
1195 3111 1227 3148 ea
1253 3099 1344 3148 servat

250 3172 343 3224 limem
358 3173 490 3223 rationem
508 3175 646 3224 nominum
668 3173 778 3221 Germa-
815 3174 964 3224 tenuiorem
979 3171 1050 3224 illam
1067 3185 1208 3224 caesuram
1225 3173 1341 3236 postvv.

251 3247 375 3298 nieorum
386 3247 458 3308 Gdtz,
476 3246 674 3308 Kcnz,‘lieias‚
693 3247 775 3308 Diels,
812 3249 865 3298 sice
885 3247 1002 3308 crimine,
1029 3247 1103 3312 quod
1119 3247 1154 3298 ad
1170 3246 1340 3308 sententiam,
1440 3245 1445 3264 ¹

252 3325 303 3372 cet.
315 3333 364 3386 pro
373 3321 508 3384 θοηρΐοᾶ,
519 3321 634 3382 Komarei,
645 3316 775 3382 Heinrich,
814 3323 936 3387 quintum
945 3320 1019 3372 addit
1029 3321 1183 3373 membrum
1195 3321 1342 3387 explendae

251 3396 363 3448 Dietes'cl
380 3397 442 3459 cet.)
461 3397 541 3459 igitur
558 3408 590 3445 ex
602 3397 653 3446 hoc
664 3409 718 3446 uno
731 3409 778 3446 no-
815 3395 925 3460 Philippi
954 3396 1100 3448 curiositati
1131 3397 1341 3462 perappositum.

251 3471 323 3522 mine
336 3467 471 3533 Philippus
489 3467 628 3532 colligebat
645 3470 697 3521 sibi
714 3483 777 3521 oum
814 3468 948 3521 Bentleius
965 3483 1043 3522 suam
1062 3469 1205 3522 lectionem
1222 3473 1275 3522 sine
1289 3471 1343 3521 nri-

251 3542 464 3596 Volteiialicuius
476 3542 639 3595 liberiorem
650 3544 716 3595 lore.
738 3545 778 3595 Li·
813 3545 879 3595 mine
888 3549 977 3594 nctwn
988 3543 1140 3609 explicavit:
1156 3547 1247 3609 «patre
1257 3549 1340 3606 certo,

250 3617 321 3670 berti
333 3620 424 3669 eutem
434 3631 467 3668 ex
479 3631 529 3669 usn
540 3620 720 3670 Romanorum
728 3633 777 3681 pa·
814 3619 933 3670 honestis
950 3618 1143 3682 parentibus;s
1161 3619 1188 3670 id
1205 3620 1279 3683 quod
1296 3633 1342 3670 rs-

251 3693 380 3754 treooilc,
393 3693 447 3742 sine
453 3695 607 3754 potrecerto
619 3694 672 3742 nati
685 3694 774 3753 erant;
814 3696 914 3762 pugnat
930 3695 1045 3746 hominis
1062 3696 1163 3747 nomini
1179 3695 1312 3748 libertino.

251 3769 416 3832 quapropter
440 3780 493 3818 non
521 3766 667 3832 respondet
692 3779 777 3830 quae-

251 3841 698 3904 stioniqaopotrev.5l.-Verbis
707 3843 778 3892 asiais
847 3843 946 3896 sr-te.
981 3845 1015 3894 lit
1035 3857 1177 3908 properare
1200 3846 1269 3908 cet]
1295 3847 1343 3896 «et

249 3916 367 3979 fortunae
393 3915 540 3981 respondet
566 3930 592 3966 r.
611 3929 775 3980 praecocem,
815 3919 896 3970 modo
922 3919 1034 3982 negotiis
1059 3917 1154 3970 sedulo
1179 3931 1277 3970 vacare
1302 3919 1343 3969 vi-

250 3991 484 4054 stcdtcasrofer
494 3991 571 4040 voss.
591 3991 644 4040 Cir.
655 4003 681 4040 v.
691 3991 733 4042 es.
746 4021 774 4029 -
815 3994 943 4058 oturnque
955 4005 1102 4056 quaerere,
1119 3992 1199 4042 modo
1211 3993 1250 4043 uti
1262 4005 1344 4056 quae-

250 4065 423 4128 sioecrimiee]
434 4063 650 4115 unbssclclteo.
661 4063 738 4116 cts.
748 4067 776 4116 P.
815 4067 871 4118 sitis
897 4068 978 4130 utque
1004 4067 1093 4129 otiari,
1121 4066 1277 4130 etquidem
1293 4080 1341 4118 suo

252 4154 276 4190 v.
289 4139 350 4191 eet:
367 4140 554 4191 vitio-remotus
564 4137 597 4188 ai
608 4140 676 4189 moni
688 4139 775 4203 (sumi.
815 4142 913 4191 horum
924 4141 1043 4206 quidque
1054 4142 1120 4200 ioco,
1135 4143 1197 4206 epto
1209 4143 1340 4206 ternpore,

253 4213 778 4278 -ooteenJebsolutepcnitur:«notum
816 4214 847 4266 ἐν
871 4214 989 4287 suepp-
1013 4216 1061 4280 (Gi.
1090 4215 1138 4266 Od.
1165 4215 1195 4276 l,
1218 4218 1264 4278 ts,
1291 4217 1340 4268 28:

252 4289 455 4342 interhomines
468 4290 588 4342 eiusdem
604 4287 776 4353 condicionis,
817 4288 896 4340 Duce
915 4294 951 4341 est
970 4291 1079 4354 desipere
1097 4291 1123 4340 io
1147 4290 1220 4354 toro)
1250 4289 1343 4351 Quoti-
