3022 4984
128 635 237 698 Quando
253 641 392 704 repostum
411 637 566 690 Caecubum
582 639 617 689 ad
634 639 714 692 testas
732 641 816 708 dapes
833 640 916 706 Epod.
936 642 959 691 e.

127 713 257 772 Quuntum
275 713 355 764 distet
372 711 407 764 ab
424 713 523 766 inacho
541 714 588 764 Od.
608 715 650 766 lit.
670 717 710 766 ⁴9.

127 789 210 848 Quem
228 789 268 848 tu,
286 787 470 853 Melpomene,
488 787 573 840 semel
591 789 638 841 0d.
658 789 699 840 lv.
719 789 743 841 3.

126 863 209 922 Quem
226 862 313 912 virum
331 866 377 912 aut
394 863 475 913 heroe
493 861 550 926 lyra
568 863 609 915 vel
627 867 681 916 ocri
698 865 746 916 0d.
766 867 784 916 l.
806 867 845 918 it.

125 936 192 997 Quid
209 935 351 988 bellicosus
369 937 504 990 Cantaber
521 941 548 988 et
565 939 677 1002 scythes
694 939 742 991 0d.
761 941 792 991 il.
813 943 853 992 tl.

126 1011 191 1072 Quid
208 1011 362 1063 dedicatum
379 1015 465 1078 poscit
485 1011 633 1078 Apollinem
651 1013 698 1064 od.
718 1017 737 1066 l.
757 1016 798 1065 dl.

126 1087 192 1148 Quid
209 1088 273 1150 iles,
291 1089 407 1150 Asterie,
426 1101 508 1151 quem
525 1088 572 1140 tibi
591 1089 696 1140 candidi
714 1089 762 1140 Od.
780 1093 822 1141 ill.
842 1091 865 1140 i.

126 1162 192 1224 Quid
209 1164 382 1215 immerentes
400 1165 519 1228 hospites
537 1177 618 1216 vexas
636 1165 709 1215 cenis
726 1165 810 1228 Epod.
830 1165 854 1214 6.

126 1237 191 1297 Quid
208 1236 255 1287 tihi
272 1238 326 1299 vis,
345 1235 441 1288 mulier
459 1239 538 1302 nigris
557 1238 710 1302 dignissima
730 1239 814 1290 barris
832 1239 914 1304 Epod.
934 1239 972 1289 it.

126 1313 187 1372 Quis
204 1311 337 1362 desiderio
355 1313 389 1363 sit
404 1311 491 1377 pudor
509 1316 554 1364 aut
572 1314 668 1365 modus
685 1313 733 1364 0d.
753 1315 772 1363 l.
792 1312 832 1364 il.

125 1387 187 1447 Quis
205 1386 287 1437 multa
305 1387 410 1451 gracilis
427 1391 453 1440 te
470 1399 538 1452 puer
556 1387 582 1438 in
601 1401 661 1440 rosa
677 1389 725 1440 od.
741 1389 761 1438 l.
774 1389 798 1438 5.

126 1463 181 1522 Qun
198 1474 256 1523 me,
275 1463 392 1522 Bacche,
411 1463 483 1528 rupis
501 1465 538 1513 tui
555 1461 603 1513 0d.
623 1465 665 1514 iii.
684 1465 724 1514 25.

126 1539 194 1598 Quo,
213 1547 266 1600 quo
284 1536 391 1589 scelesti
408 1539 505 1589 ruitis?
524 1542 570 1588 eut
586 1551 634 1588 cur
651 1537 768 1588 dexteris
785 1535 868 1604 Epod.
888 1537 912 1587 7.

125 1613 228 1662 Rectius
245 1615 331 1674 vives,
351 1613 444 1674 Licini,
463 1627 552 1680 neque
569 1612 651 1664 ultum
669 1612 717 1663 0d.
731 1614 761 1663 ll.
776 1612 817 1662 lu.

124 1688 224 1750 Rogare
242 1685 320 1751 longo
336 1688 457 1751 putidam
475 1691 500 1738 te
519 1686 610 1739 seculo
628 1687 713 1752 Epod.
732 1689 756 1738 8.

124 1760 252 1812 Scriberis
269 1763 348 1813 Vario
365 1762 439 1814 fortis
458 1767 485 1814 et
501 1763 618 1814 hostium
636 1762 683 1812 Od.
702 1763 720 1812 l.
740 1763 764 1814 6.

124 1837 245 1901 Septimi,
265 1838 351 1888 Gades
368 1837 472 1889 aditure
490 1849 597 1888 mecum
615 1838 643 1887 et
659 1838 707 1888 Od.
726 1839 756 1888 li.
773 1839 797 1888 6.

124 1913 165 1962 Sic
183 1914 208 1962 te
225 1912 286 1963 diva
304 1916 399 1976 potens
419 1913 499 1978 Cypri
517 1913 566 1963 Od.
585 1913 604 1962 1.
624 1912 647 1962 3.

124 1985 237 2038 Solvitur
253 1987 322 2037 acris
338 1987 425 2038 hiems
442 1991 516 2050 grata
533 1988 591 2036 uice
609 1989 680 2037 veris
697 1990 725 2037 et
740 1985 837 2037 Favoni
854 1985 901 2036 od.
921 1987 940 2036 l.
960 1985 984 2036 i.

124 2062 158 2111 l'e
176 2061 257 2112 maris
275 2063 302 2112 et
318 2063 406 2111 terroe
424 2075 590 2126 numeroque
609 2063 725 2112 carentis
743 2073 841 2112 menae
859 2060 907 2111 Od.
928 2062 946 2110 l.
964 2061 1006 2111 28.

124 2137 160 2186 Tu
178 2149 211 2185 ne
229 2135 389 2198 quaesieris,
409 2137 478 2188 scire
497 2136 584 2198 netas,
604 2148 686 2199 quem
704 2135 781 2197 mihi,
800 2147 881 2198 quem
899 2133 945 2184 tlbl
963 2133 1011 2184 Od.
1030 2135 1050 2184 l.
1071 2136 1111 2186 ti.

123 2209 259 2272 Tyrrhena
277 2223 370 2273 regum
389 2211 544 2276 progenies.
563 2209 610 2260 tibi
627 2209 675 2260 od.
694 2210 736 2260 ill.
758 2209 798 2258 ae.

123 2283 175 2336 Ulia
193 2285 216 2336 si
232 2285 296 2335 iuris
313 2283 360 2334 tibi
377 2285 488 2348 peierati
506 2284 554 2334 Od.
574 2286 605 2336 ll.
624 2285 649 2335 8.

123 2359 191 2411 Uxor
206 2359 332 2423 pauperis
349 2357 425 2424 Ibyci
442 2357 490 2410 od.
509 2361 551 2409 ill.
571 2361 611 2411 ih.

122 2433 204 2484 Velox
221 2447 366 2484 amoenum
383 2447 464 2499 saepe
478 2432 636 2486 Lucretilem
654 2435 702 2486 0d.
722 2437 740 2486 l.
756 2435 796 2485 li.

122 2508 215 2570 Vides,
234 2511 263 2559 ut
279 2508 331 2560 elta
348 2511 401 2560 stet
418 2509 477 2559 nive
495 2508 639 2560 candidum
657 2511 705 2563 Od.
725 2511 744 2562 1.
763 2511 787 2560 ll.

123 2582 177 2634 Vile
196 2583 300 2648 potabis
318 2584 429 2635 modicis
446 2583 575 2635 Sabinum
592 2585 640 2635 Od.
660 2587 679 2635 l.
697 2584 738 2636 ab.

121 2659 193 2710 Vitas
210 2658 335 2710 hinnuleo
352 2673 397 2710 me
414 2658 521 2721 similis,
540 2659 622 2711 Chloe
640 2660 688 2710 0d.
708 2661 727 2710 l.
746 2660 786 2709 23.

121 2735 178 2784 Vixi
195 2733 289 2798 puellis
307 2747 394 2798 nuper
411 2734 524 2784 idoneus
541 2732 589 2783 0d.
609 2735 650 2783 ill.
669 2733 710 2784 26.

542 2892 572 2942 li.
592 2892 781 2943 serimuuii.

119 3033 331 3086 Ambubaiarum
349 3032 472 3096 collegio,
491 3029 714 3098 pharmacopolae
733 3029 788 3082 Lib.
808 3031 828 3081 1.
847 3032 871 3080 i.

119 3111 263 3174 Egressum
282 3121 377 3172 magna
395 3121 438 3158 me
457 3107 562 3171 excepit
578 3108 664 3158 Aricia
681 3108 763 3157 Roma
782 3104 838 3156 Lib.
856 3107 876 3156 l.
895 3107 919 3157 b.

119 3183 227 3249 Eupolis
244 3187 325 3248 etque
342 3183 465 3234 Cratinus
482 3182 726 3247 Aristophanesque
743 3184 840 3246 politae
857 3179 913 3230 Lib.
932 3181 951 3230 l.
972 3180 995 3232 i.

119 3259 178 3310 Hoc
195 3261 253 3309 erut
270 3259 296 3309 in
314 3258 398 3308 votis:
424 3257 521 3308 modus
538 3257 593 3321 agri
611 3269 664 3307 non
682 3257 718 3305 ita
735 3268 849 3320 magnus
867 3255 923 3306 Lib.
942 3256 973 3306 11.
991 3255 1016 3304 6.

120 3333 178 3383 lion
195 3345 315 3396 quoque,
335 3333 449 3394 Tiresia,
468 3334 575 3396 praeter
592 3331 698 3381 narrata
716 3331 816 3394 petenti
835 3329 890 3380 Lib.
910 3331 940 3380 ll.
959 3330 983 3380 b.

118 3407 280 3458 iamdudum
297 3405 417 3457 ausculto
435 3409 463 3456 et
479 3407 590 3470 cupiens
607 3404 654 3455 tibi
672 3404 762 3455 dicere
780 3417 875 3456 servus
892 3403 949 3455 Lib.
968 3404 999 3453 il.
1019 3404 1042 3452 7.

118 3481 195 3532 ibam
213 3481 280 3532 iorte
297 3483 339 3532 vie
357 3481 452 3542 Sacra¹
472 3481 540 3532 sicut
557 3493 634 3530 meus
652 3480 769 3529 estmoe
786 3477 842 3530 Lib.
862 3481 881 3529 l.
901 3479 925 3530 9.

117 3559 223 3620 Nempe
240 3557 415 3620 incomposito
433 3555 486 3606 dixi
502 3555 572 3620 pede
590 3565 699 3605 currere
717 3565 812 3604 versus
829 3552 885 3603 Lib.
905 3555 925 3603 l.
945 3553 985 3603 lii.

117 3631 178 3682 Non
195 3633 270 3695 quia,
290 3634 443 3694 Maecenas,
462 3630 598 3696 Lydorum
615 3627 745 3694 quidquid
762 3628 889 3678 Etruscos
907 3626 963 3678 Lib.
982 3629 1001 3677 l.
1020 3627 1044 3676 6.

116 3705 188 3756 Olim
204 3709 314 3759 truncus
332 3720 405 3758 eram
424 3706 550 3767 ficulnus,
569 3703 659 3756 inutile
676 3705 778 3769 iignum
794 3701 850 3754 Lib.
871 3705 889 3753 l.
908 3704 933 3754 8.

116 3779 248 3832 Omnibus
266 3782 317 3832 hoc
334 3783 426 3832 vitium
444 3783 485 3832 est
501 3779 669 3841 cantoribus,
688 3780 758 3830 inter
775 3779 876 3830 amicos
893 3777 949 3828 Lib.
969 3779 989 3828 1.
1008 3777 1032 3826 3.

115 3857 263 3920 Proscripti
280 3857 358 3920 Regis
375 3853 459 3920 liupili
476 3869 526 3919 pus
543 3857 624 3917 atque
642 3867 777 3905 venenum
794 3853 851 3906 Lib.
869 3855 889 3903 l.
908 3853 932 3902 l.

116 3932 194 3991 Quae
211 3931 295 3982 virtus
313 3933 340 3981 et
356 3931 468 3995 quanta,
487 3928 564 3990 boni,
584 3929 618 3978 sit
634 3928 725 3978 vivere
744 3941 826 3992 parvo
840 3927 900 3979 Lib.
920 3929 951 3978 ll.
970 3927 995 3977 2.

115 4007 171 4065 Qui
188 4005 230 4066 fit,
249 4007 403 4066 Maecenas,
423 4006 451 4054 ut
469 4015 562 4064 nemo,
584 4015 666 4066 quam
683 4001 733 4052 sibi
751 4005 854 4054 sortem
871 4001 926 4053 Lib.
946 4004 966 4052 l.
986 4003 1009 4051 l.

114 4081 161 4132 Sic
178 4094 240 4131 raro
257 4079 366 4139 scribis.
385 4081 415 4130 ut
432 4081 487 4130 toto
504 4091 557 4128 non
574 4079 669 4141 quater
686 4090 755 4126 anno
774 4077 830 4128 Lib.
849 4080 880 4128 11.
900 4079 924 4128 3.

115 4157 199 4218 Sunt,
219 4156 316 4221 quibus
334 4157 359 4206 in
377 4155 457 4205 satira
474 4153 567 4204 videor
584 4152 662 4203 nimis
680 4164 743 4202 ucer
760 4155 787 4202 et
805 4151 872 4201 ultra
890 4151 946 4202 Lib.
965 4153 997 4202 ll.
1017 4152 1040 4200 i.

115 4229 193 4282 Unde
211 4234 238 4282 et
255 4244 308 4296 quo
326 4231 438 4281 Cutius‘i
461 4231 517 4279 lion
535 4233 576 4278 est
593 4226 656 4278 mihi
674 4231 781 4290 tempus
799 4227 887 4276 aventi
905 4225 959 4276 Lib.
979 4227 1010 4276 ii.
1029 4224 1054 4277 l.

115 4306 151 4356 lit
168 4305 301 4356 Nasidieni
319 4303 385 4354 iuvit
402 4307 427 4354 te
445 4316 529 4354 coena
547 4303 620 4353 beati
636 4303 692 4354 Lib.
713 4303 742 4352 li.
762 4302 786 4352 8.
