3192 4974
303 463 365 528 452
665 459 794 510 Hortarii
816 457 1036 518 Erlsronalttllt

346 619 506 706 Prodigus
529 629 562 683 et
584 614 700 682 stultus
722 614 837 692 donat,
861 634 947 701 quse
970 613 1094 702 spernit
1115 621 1148 680 et
1169 612 1254 692 odit;
1356 614 1397 680 20

347 744 435 809 llaec
457 760 553 828 seges
576 739 717 826 ingratos
741 735 812 804 tulit
832 745 866 802 ct
888 735 968 803 leret
990 733 1141 802 omnibus
1163 735 1264 801 annis.

346 865 401 932 Vir
421 861 527 930 bonus
550 871 583 928 et
604 859 736 947 sapiens
760 858 866 947 dignis
888 858 933 924 ait
954 878 1028 924 esse
1051 865 1197 946 paratus,

370 1045 412 1094 44.
425 1043 527 1106 inarato
539 1027 610 1102 (curn
623 1037 656 1103 gl.
668 1039 775 1102 4444444)
789 1037 818 1088 Ε.
832 1061 859 1073 -
873 1038 913 1088 ii.
927 1037 1037 1100 rapiens]
1044 1039 1155 1100 4444444
1164 1050 1191 1102 p.
1204 1065 1231 1074 -
1240 1043 1364 1102 44444444

336 1118 424 1178 bch,
443 1118 508 1167 item
525 1117 542 1166 S
560 1114 619 1180 (sed
636 1115 661 1163 in
679 1113 730 1164 boc
749 1125 885 1177 superscr.
898 1113 1079 1176 vaporatae),
1097 1114 1237 1176 praeterea
1248 1115 1288 1166 Lt.
1301 1113 1363 1179 (44-

304 1279 388 1343 magis
411 1273 571 1342 reprehendi
590 1285 604 1322 a
622 1271 693 1322 bono
716 1269 760 1321 illo
778 1271 831 1321 Ca·
868 1271 946 1321 sint.»
966 1297 994 1307 -
1017 1272 1055 1321 444
1079 1283 1129 1323 essa
1149 1271 1269 1338 4444444]
1293 1275 1394 1324 Graeca

303 1353 379 1404 labro
404 1350 515 1415 hospitis
544 1347 654 1398 Romani
683 1346 710 1396 in
734 1345 830 1396 vicinia
868 1347 1031 1396 constructio
1049 1341 1078 1410 (ὁ
1095 1340 1208 1414 ἀγαθὸς
1224 1347 1274 1398 sat
1290 1343 1395 1420 φρόνι-

303 1425 455 1477 rusticantis
472 1421 615 1473 fastidium.
866 1433 924 1485 μος
939 1425 1001 1484 τοῖς
1018 1415 1112 1486 ἀξίοις
1128 1422 1220 1489 φησὶν
1238 1417 1312 1474 rium
1322 1417 1395 1476 4444-

336 1499 425 1552 att-tt.
454 1500 531 1548 44444
554 1495 617 1560 cet]
637 1492 743 1544 «abiicit
758 1492 832 1544 velot
866 1495 933 1559 μσς)
957 1495 1028 1546 baud
1046 1510 1106 1547 rara
1123 1497 1194 1562 apud
1213 1500 1306 1562 postas
1324 1500 1396 1550 Lati·

304 1575 330 1626 in
348 1573 505 1625 barathrum
523 1583 569 1632 ea,
594 1581 663 1634 quae
681 1567 738 1632 ipsa
756 1565 829 1618 lasti-
867 1569 936 1620 44444
953 1574 1015 1634 post
1030 1571 1115 1622 verba
1126 1571 1277 1624 affirmandi
1296 1576 1324 1623 44
1334 1585 1395 1624 sen·

303 1647 367 1700 444.»
386 1649 489 1711 ingrata
501 1643 613 1696 aliorum
625 1645 666 1694 est
680 1641 827 1693 distinctio:
866 1642 964 1704 tiendi;
984 1644 1032 1696 Od.
1045 1645 1074 1706 3,
1088 1647 1135 1708 tr,
1154 1646 1200 1696 73:
1223 1648 1293 1697 Uxor
1309 1648 1395 1700 4444444

301 1720 831 1787 Prmtqmetsmltor,doaatcooe,aper·
865 1719 1093 1770 loouersaasacia.
1124 1719 1260 1784 catulli,
1280 1723 1309 1771 l:
1331 1722 1395 1774 roa·

302 1799 340 1848 ait
356 1803 379 1848 et
389 1796 454 1856 4444,
472 1795 615 1857 minusque
627 1792 757 1843 concinna
769 1803 830 1842 sen·
865 1793 930 1842 relus
953 1793 994 1844 4444
1010 1819 1024 1831 -
1040 1819 1055 1831 -
1070 1794 1111 1845 Ait
1134 1795 1210 1859 4444444
1231 1797 1335 1848 4444444
1355 1810 1395 1848 44-

304 1873 399 1933 444444,
422 1883 484 1921 cum
505 1871 594 1919 nostra
612 1868 714 1918 notione
732 1865 829 1918 clarius
865 1867 991 1918 4444444444.
1018 1869 1088 1932 virg.
1101 1871 1167 1920 444.
1180 1871 1207 1932 o,
1227 1870 1286 1921 sia:
1305 1873 1349 1934 qui
1365 1883 1392 1922 te

303 1949 477 2013 significetur,
497 1945 532 1995 ud
549 1944 617 1994 dona
635 1942 755 1994 iacienda
766 1939 830 1993 stul·
866 1941 989 2004 Bebrycio
1004 1943 1104 1992 4444444
1116 1942 1204 2006 Amyci
1220 1945 1251 1995 de
1266 1951 1338 2009 44444
1354 1945 1394 2009 [4-

302 2026 359 2073 tom
378 2021 492 2072 maxime
514 2016 613 2082 impelli
630 2019 785 2081 contemptu
802 2018 829 2066 44
866 2016 945 2067 rebat.
976 2019 1095 2082 Propert.
1109 2019 1139 2079 4,
1159 2019 1189 2080 tl,
1208 2020 1237 2069 7:
1265 2020 1356 2070 Virum
1369 2025 1394 2072 st

303 2096 405 2148 fastidio
423 2106 514 2146 rerum
531 2091 582 2143 sibi
600 2093 652 2142 iam
670 2105 723 2142 non
736 2103 830 2142 neces·
866 2094 981 2154 quomis
1004 2106 1134 2155 nunquam
1161 2099 1275 2156 44444444
1305 2095 1393 2146 utne·

302 2173 443 2222 seriarum.
473 2165 513 2218 Ad
530 2167 691 2217 sententiam
709 2165 829 2229 44441ρί-
866 2169 918 2216 cet.
948 2166 986 2217 ld.
1000 2166 1125 2228 4,4,39.
1145 2169 1393 2232 utraquaconstru·

302 2247 445 2295 cbarmum
456 2244 483 2292 in
495 2241 575 2291 Grotll
586 2241 649 2291 Exc.
664 2253 690 2304 p.
703 2239 766 2292 tet:
786 2233 826 2302 Ou’
866 2242 954 2292 ctione
972 2241 1126 2292 coniuncta:
1145 2243 1187 2292 444
1203 2255 1301 2305 444444
1310 2244 1393 2294 44444-

301 2313 508 2387 φιλάνθρωπος
529 2310 566 2365 σύ
588 2315 613 2379 y'
631 2313 710 2365 ἐσσί·
737 2311 828 2366 νόσον
865 2315 1074 2378 militmportturn
1085 2317 1393 2381 torquerierianilorubo

300 2386 392 2454 ἔχεις·
420 2391 530 2460 χαίρεις
552 2385 658 2452 διδούς.
692 2391 753 2440 Son.
777 2391 825 2454 Ep.
865 2395 888 2442 et
910 2389 946 2440 444
967 2403 1012 2440 aas
1034 2390 1131 2454 4444444
1151 2403 1202 2440 aare
1218 2391 1278 2442 dtas.
1307 2393 1392 2443 Etiam

302 2468 365 2528 teo,
384 2467 413 2516 9:
432 2465 507 2516 Metti
516 2468 585 2526 4444,
605 2465 648 2526 qui
659 2477 710 2514 444
723 2465 826 2526 444444,
865 2464 937 2530 apud
955 2464 1073 2514 Tacitum
1086 2465 1153 2515 Ann.
1168 2467 1212 2528 44,
1231 2465 1260 2516 9:
1275 2467 1394 2531 44444444

301 2543 343 2594 red
364 2541 508 2605 4444444444.
536 2567 563 2576 -
588 2539 664 2604 waes]
690 2538 827 2590 Proverbii
863 2539 981 2603 4444444
1009 2539 1169 2590 inimieorum
1200 2540 1286 2592 ulcisci
1318 2547 1393 2604 atquc

300 2617 421 2682 speciem
432 2614 515 2665 babet
525 2612 589 2664 illud
600 2615 634 2664 44.
649 2613 744 2664 Pinarii
755 2614 827 2678 apud
864 2615 912 2678 ipsi
927 2615 994 2665 44444
1009 2627 1035 2665 sc
1051 2615 1192 2666 concedere.
1219 2616 1285 2667 illst.
1299 2616 1327 2679 4,
1346 2618 1390 2668 bb:

222 2733 226 2740 .
301 2689 404 2742 cleda
422 2689 573 2750 or.2‚65,
592 2689 656 2738 tot:
686 2688 715 2738 444
731 2701 828 2739 444444-
864 2689 1055 2751 4444--444444
1067 2689 1394 2754 44444444444444444444

299 2773 348 2818 tom
363 2765 463 2830 444444,
488 2763 526 2812 ito
547 2767 631 2813 meter.
656 2788 683 2800 -
704 2763 826 2828 44444444]
864 2763 989 2826 44444444,
1009 2763 1320 2818 ubiv.iortcbatdalens
1332 2779 1392 2818 san-

300 2842 332 2891 Et
348 2839 409 2904 quia
428 2837 488 2888 talla
505 2836 576 2888 dona
596 2835 756 2901 plerumque
778 2849 828 2901 pa·
865 2840 977 2890 tentiam
1002 2839 1102 2890 misere
1127 2838 1275 2891 debilitavit
1299 2841 1390 2892 4444444.

299 2914 485 2977 rumaccepta
502 2913 565 2962 sunt
582 2911 613 2962 iis
631 2911 710 2976 ipsis,
729 2910 827 2974 quibos
864 2914 903 2963 De
932 2913 983 2963 bac
1011 2913 1083 2964 baud
1111 2913 1279 2978 infrequente
1308 2917 1391 2966 attra-

300 2989 488 3053 proiiciuntur,
516 2989 543 3037 et
564 2987 626 3051 quia
644 2985 826 3036 adulatoribus
865 2989 967 3050 ctione,
997 2989 1073 3040 cuius
1103 2988 1241 3053 complura
1270 2989 1392 3055 exempla

300 3061 412 3126 indignis
434 3075 466 3113 ac
487 3059 530 3112 vel
551 3063 695 3126 propterea
718 3061 826 3125 ingratis
864 3061 951 3114 attulit
973 3063 1036 3113 lahn
1056 3062 1090 3113 ad
1113 3064 1183 3127 Vir-g.
1200 3066 1267 3115 Aen.
1285 3065 1315 3124 2.
1332 3065 1390 3116 377.

298 3133 550 3188 hominibussolent
561 3133 741 3186 lauerastultl.
759 3137 828 3186 Con·
864 3137 912 3189 Ed.
927 3139 969 3188 11.:
988 3139 1062 3188 444444
1079 3139 1393 3201 mediosdelcprurlabo-

299 3214 341 3262 tra
358 3212 454 3262 Accius
472 3209 543 3275 apud
560 3209 643 3259 Bothe
661 3211 733 3260 Po'et.
750 3222 824 3261 scen.
864 3216 923 3272 4444,
950 3211 978 3260 b.
997 3209 1015 3262 l.
1033 3224 1083 3275 pro
1102 3210 1156 3263 bls:
1188 3213 1266 3276 «quia
1283 3215 1392 3276 paratus

300 3300 326 3351 p.
340 3287 402 3337 tra:
431 3286 502 3348 Quod
512 3285 655 3348 4444444444
670 3284 739 3334 4444
749 3284 827 3334 sterili
865 3289 921 3348 ast,
946 3286 1031 3350 dignis
1048 3287 1086 3336 ait
1106 3299 1135 3337 se
1157 3289 1282 3351 peratum
1299 3301 1391 3350 esse,-

301 3363 329 3411 44
341 3365 432 3424 444444,
448 3373 511 3420 rese,
530 3364 553 3410 te
563 3358 656 3409 obsessa
667 3356 824 3423 (obsevisss)
865 3363 913 3413 cir.
932 3363 1013 3412 etlam
1037 3363 1125 3426 Reisig
1140 3363 1197 3414 444,
1216 3365 1347 3427 84444444.
1363 3378 1390 3430 p.

300 3435 429 3498 4444444444.
460 3433 543 3484 Plaut.
563 3433 638 3497 capt.
658 3433 688 3494 2,
707 3434 736 3494 4,
761 3433 825 3484 44484
864 3439 921 3488 nat.
953 3437 997 3488 Est
1009 3439 1100 3500 igitur:
1120 3439 1178 3488 4444
1184 3451 1218 3518 se
1231 3452 1292 3491 esse
1303 3453 1393 3505 prom·

301 3511 372 3572 Quod
389 3508 458 3558 44444
468 3507 554 3573 becalt
565 3507 722 3573 4444444444,
740 3509 828 3572 aratio
864 3515 940 3578 ptum
958 3511 993 3562 ad
1010 3511 1142 3564 beneficia
1153 3513 1331 3578 impertienda
1342 3516 1393 3567 bo-

300 3598 332 3636 ec
348 3584 480 3649 4444444444
497 3581 573 3632 bocia
594 3609 621 3618 -
641 3583 697 3632 44444
713 3588 736 3634 44
754 3582 826 3648 [aa]
865 3586 981 3638 minibus
999 3586 1060 3637 talia
1077 3588 1245 3640 merentibus
1260 3593 1288 3640 44
1298 3595 1390 3654 444444,

301 3657 377 3710 llaud
394 3655 549 3720 infrequens
566 3659 608 3707 est
631 3657 699 3707 haec
716 3657 828 3721 perlecti
865 3662 1036 3726 quantumvis
1053 3662 1132 3713 44444
1147 3665 1174 3714 44
1190 3663 1332 3716 beneficus
1347 3665 1390 3727 444,

301 3736 329 3784 et
353 3734 433 3784 tutori
457 3731 617 3783 coniunctio.
654 3731 702 3781 0d.
724 3733 754 3794 2,
780 3732 826 3794 43,
865 3741 976 3802 propter
993 3737 1019 3787 id
1037 3739 1125 3802 ipsum
1142 3739 1215 3803 quod
1231 3741 1330 3802 reptem
1340 3743 1391 3802 est,

301 3809 346 3860 aa:
366 3807 561 3871 suprasolari
581 3807 622 3857 Vir
636 3807 829 3870 4444444444-
866 3809 963 3862 eodem
989 3813 1112 3875 tempore
1138 3813 1248 3864 minime
1273 3815 1391 3878 ignorat,

300 3896 348 3944 que
363 3887 455 3948 amtor.
470 3905 497 3918 —
512 3879 602 3945 444444]
620 3882 649 3930 44
665 3893 763 3946 saepe,
782 3883 829 3934 ab·
866 3885 1098 3949 quemadmodum
1142 3888 1264 3950 ignorare
1306 3887 1393 3940 solent

301 3956 396 4008 solute.
426 3954 534 4008 Publius
553 3955 652 4020 (Syrus)
672 3955 743 4020 apud
761 3955 825 4008 Geli.
865 3957 1079 4022 stultabeneiici,
1090 3961 1257 4024 4444444444,
1270 3963 1391 4025 diatoni,

302 4033 346 4093 ti,
370 4031 414 4083 lt:
441 4031 591 4096 4444444444
613 4030 697 4080 doado
719 4033 826 4095 4444444,
865 4047 929 4084 uero
944 4034 1050 4097 4444444,
1069 4035 1096 4086 id
1114 4038 1168 4098 eat,
1187 4034 1281 4100 dignos
1298 4037 1333 4088 ab
1350 4039 1392 4088 ln·

301 4106 344 4168 444
361 4105 436 4169 dicam
453 4107 527 4157 dedit.
557 4105 605 4155 Est
621 4105 710 4156 autem
723 4105 828 4158 dativus
865 4107 951 4172 dignis
979 4109 1128 4173 prudenter
1141 4109 1304 4176 Ι4444444444
1334 4111 1392 4163 illos

301 4178 335 4229 da
353 4181 488 4243 personis,
513 4192 581 4240 non,
606 4182 636 4229 ut
655 4177 697 4230 alii
715 4181 828 4244 opinan·
865 4180 989 4234 sublevat
1009 4186 1037 4234 et
1059 4185 1185 4245 honorat.
1212 4185 1261 4236 bos
1279 4185 1393 4250 despicit

302 4256 359 4316 tur,
386 4251 530 4305 ablativus:
565 4253 620 4306 aad
646 4267 679 4305 ea
704 4253 826 4308 donanda
865 4256 966 4307 acsina
979 4257 1056 4309 donis
1068 4257 1201 4309 dimittit.»
1223 4256 1393 4312 uuiversum

302 4327 422 4393 paratus,
443 4340 511 4392 quae
524 4327 603 4392 digna
615 4329 642 4378 44
658 4341 687 4378 se
702 4331 729 4378 et
740 4328 826 4378 amico
865 4329 905 4382 2³.
926 4331 964 4381 sic
976 4330 1120 4398 explicant:
1141 4330 1242 4382 aProba
1254 4333 1390 4398 4444444444,
