3082 4968
284 417 345 484 ‚128
664 419 793 470 rionnrn
811 405 994 472 serinnnun

283 593 331 631 eus
348 579 383 630 eb
402 579 553 630 Hermanno
570 590 651 642 supra
668 577 775 640 elisius,
794 579 847 629 Sei.
861 579 908 639 iii,
929 578 985 628 iiii.
1005 576 1100 629 celleio
1117 576 1225 628 Heinsio
1243 577 1277 628 ed
1289 578 1374 630 Ovidii

283 665 352 715 Fosi.
366 663 396 724 3,
415 662 472 713 829.

347 749 386 798 De
406 745 466 798 loeo
486 746 539 797 boe
561 759 625 798 sune
646 757 779 810 perquam
801 745 917 797 obscuro
940 745 1008 798 bueo
1030 745 1063 795 ed
1087 759 1132 796 me
1155 758 1242 810 nuper
1266 747 1375 810 scripsit

282 831 521 883 Ruuohensieinius
538 843 628 881 meus:
659 831 702 880 ein
720 841 781 881 eom
798 830 974 892 sententium,
997 842 1079 893 quum
1096 831 1125 894 C.
1145 831 1187 881 Fr.
1207 830 1377 882 Hermunnus

283 914 417 977 defendit,
435 927 610 980 permenses
627 916 669 965 IV.
688 917 805 966 aestivos
822 915 901 966 lenies
919 912 1091 965 scholasticus
1109 914 1203 976 inisse,
1231 915 1289 979 ipse
1307 926 1377 978 quo-

283 1011 336 1063 que
353 997 495 1062 aliquando
512 997 667 1048 incideram.
702 1000 737 1049 iii
753 1011 815 1048 eum
833 997 867 1047 de
886 997 958 1048 feriis
981 997 1031 1048 illis
1049 998 1157 1049 eesiivis
1175 996 1239 1049 nibil
1255 999 1375 1058 consui,

282 1085 354 1132 lotus
371 1081 490 1132 eonoedo
514 1082 540 1131 in
563 1085 637 1132 tuem
660 1083 836 1144 senientiam,
863 1095 914 1133 nee
938 1082 1024 1146 probo
1050 1081 1212 1144 obberium‚
1240 1082 1286 1145 qni
1312 1093 1376 1130 eum

283 1165 436 1216 Heindoriio
454 1165 578 1229 eogiluvii
594 1165 628 1216 de
646 1163 754 1216 eeleulis
769 1166 797 1216 et
813 1164 847 1215 de
864 1177 1008 1228 usurarum
1025 1164 1283 1230 computationibus,
1302 1163 1378 1228 quod

282 1248 401 1313 proiecte
419 1249 589 1301 incommode
607 1248 708 1299 dietum
725 1250 800 1299 esset
815 1248 856 1298 bie
873 1247 964 1298 verbis
981 1251 1075 1298 ociosis
1090 1248 1174 1299 idibus
1190 1261 1254 1298 aero
1269 1248 1375 1312 referre.

283 1333 361 1392 Quod
383 1334 474 1383 aulem
498 1345 547 1397 pro
570 1330 679 1394 singulis
704 1330 796 1382 idibus
818 1331 882 1382 dixii
907 1333 1000 1382 eclesiis
1024 1332 1122 1394 idibus,
1150 1333 1248 1383 loeium
1269 1330 1378 1383 viderur

281 1418 438 1481 propterea,
465 1415 538 1480 quod
555 1428 609 1465 non
627 1413 721 1465 iduum
738 1415 783 1466 die
804 1416 960 1467 mercedem
983 1417 1151 1466 mensiruem
1174 1414 1325 1467 efferebant
1349 1416 1377 1466 in

281 1497 389 1558 ludum,
411 1498 461 1548 sed
476 1499 545 1548 inira
562 1501 624 1548 ocio
640 1495 698 1548 ilios
718 1497 793 1560 dies,
816 1499 862 1562 qui
877 1501 940 1562 post
956 1501 1045 1550 Nonus
1063 1502 1226 1562 sequuntur,
1253 1511 1377 1563 quosque

282 1583 345 1632 idue
362 1581 421 1632 dies
438 1580 615 1646 appellabunt.
651 1582 741 1645 (Tacit.
760 1583 826 1632 iiist.
840 1583 870 1644 i,
889 1584 930 1634 26.
945 1587 1046 1645 nerino
1062 1583 1153 1632 iduum
1169 1582 1287 1646 dimon.)
1322 1583 1377 1632 Cur

283 1680 336 1716 non
353 1679 407 1716 uno
425 1669 552 1730 certoque
570 1666 613 1716 die
632 1665 789 1716 mercedem
807 1666 902 1717 eiierre
915 1667 1118 1726 consueverint,
1137 1665 1187 1716 sed
1205 1667 1266 1716 ocio
1278 1663 1376 1716 diebus

282 1749 310 1801 id
327 1748 386 1799 fleri
403 1747 510 1800 soliium
527 1751 573 1811 sit,
598 1761 680 1800 cause
696 1750 740 1798 rix
757 1749 854 1814 poterii
871 1751 1005 1814 expulsuri,
1032 1749 1084 1801 nisi
1100 1749 1169 1802 haee
1185 1750 1257 1810 iere,
1284 1749 1374 1814 quod,

283 1833 334 1885 elsi
351 1833 409 1884 dies
426 1832 461 1883 ad
477 1831 604 1884 solvende
621 1831 758 1904 dldnxrpa
780 1833 937 1885 constitutus
959 1847 1029 1885 unus
1051 1833 1159 1894 luisset,
1185 1835 1276 1884 lemen
1298 1834 1376 1897 pueri

283 1916 440 1981 negligenda
453 1919 499 1967 eut
509 1930 557 1968 sua
569 1919 615 1968 eui
627 1919 770 1981 parentum
787 1919 881 1981 postes
892 1917 988 1967 efferre
1001 1914 1129 1978 solerent,
1148 1916 1221 1980 quod
1238 1917 1264 1966 in
1276 1929 1374 1980 magno

282 2000 474 2066 discipulorum
491 2013 604 2052 numero
622 2000 750 2052 credibile
769 2003 818 2052 esi.
854 1999 939 2051 Fneile
961 2000 1023 2052 inde
1041 2000 1208 2051 consuetudo
1226 2001 1299 2052 nesci
1323 2013 1375 2066 po-

282 2087 345 2146 luit,
363 2088 394 2135 ui
410 2082 506 2135 sellem
523 2086 583 2134 onio
600 2083 649 2134 iilis
661 2083 825 2149 singulorum
838 2087 971 2136 mensium
983 2085 1073 2136 idibus
1086 2077 1182 2136 diebus
1199 2086 1276 2150 pueri
1288 2083 1375 2136 Fluvio

282 2182 346 2219 sera
363 2168 487 2219 ferrent.»
523 2168 599 2227 Quod
615 2167 650 2218 ed
667 2167 745 2218 lenies
757 2169 872 2218 eesiivee
884 2170 992 2230 ettinei,
1011 2170 1179 2220 Hermennus
1197 2169 1223 2218 in
1235 2170 1375 2233 Responeo

282 2255 334 2304 eei.
352 2265 379 2317 p.
403 2250 460 2302 iis.
491 2245 629 2314 eomnerei
652 2252 819 2302 uacationem
845 2265 860 2302 e
886 2252 984 2302 celeris
1009 2253 1121 2316 negotiis
1146 2251 1298 2304 forensibus
1324 2265 1375 2316 per

282 2336 355 2388 idem
372 2338 479 2399 tempus
491 2336 638 2396 eesiivuns,
658 2348 739 2399 quam
750 2336 884 2386 memorel
894 2337 957 2384 Siai.
972 2333 1032 2386 Siiv.
1046 2334 1077 2396 i,
1095 2335 1140 2387 40:
1158 2337 1192 2386 iil
1201 2349 1292 2398 paoem
1299 2337 1376 2402 pinei·

282 2433 365 2472 annue
380 2417 453 2469 babel
468 2431 605 2480 messesque
619 2432 734 2469 reuersae
749 2420 872 2470 Dimisere
886 2420 979 2483 sorum.
1015 2419 1053 2468 Ex
1069 2419 1151 2469 Taciti
1167 2418 1227 2470 loeo
1249 2420 1374 2471 Lambini

282 2505 357 2556 linxit
373 2503 454 2564 ratio,
473 2515 555 2566 quum
572 2501 646 2552 uituli
658 2503 684 2552 in
695 2501 840 2554 Aduolans
859 2503 908 2554 sed
925 2501 1066 2554 deiensuni
1083 2503 1196 2567 quidem
1207 2517 1222 2552 e
1234 2502 1373 2555 Weidnero

261 2585 398 2638 ·insolens
414 2585 478 2636 iliud
491 2591 591 2649 peslero
607 2587 697 2638 idone
714 2588 811 2638 dionem
828 2588 862 2637 eb
880 2586 936 2639 eliis
954 2589 1087 2638 mulelum
1104 2585 1204 2638 estrei
1229 2588 1255 2638 in
1271 2593 1374 2650 peslero

282 2672 372 2722 Iduum
388 2671 427 2719 die
443 2670 485 2721 vel
503 2671 530 2721 in
544 2677 643 2734 peslero
657 2673 761 2734 iduum,
780 2673 853 2735 quod
871 2673 997 2736 equidem
1014 2669 1178 2736 probabilius
1195 2683 1308 2733 censeo,
1337 2673 1375 2722 ile

281 2758 311 2806 ut
331 2755 428 2804 dienen
450 2767 503 2805 non
524 2755 559 2806 sii
578 2755 629 2806 nisi
639 2768 721 2818 prave
734 2755 876 2818 geminatio
896 2755 1060 2819 syllabarum
1077 2755 1163 2806 deseri.
1190 2753 1269 2806 Coni.
1290 2756 1373 2806 elium

282 2839 385 2890 Becker
402 2839 490 2891 Gallus
507 2838 558 2904 (ed.
572 2838 626 2903 all.)
643 2841 674 2890 il.
693 2854 719 2906 p.
738 2841 770 2890 66
787 2852 848 2905 sqq.
866 2842 894 2891 7⁴
916 2853 957 2904 sq.

603 3193 971 3253 Excunsus
1010 3195 1057 3252 ΙΙ.

746 3305 904 3357 sonim.

346 3409 488 3458 Boerrruen
499 3407 533 3458 iri.
546 3407 670 3470 Sebes'sm
680 3409 700 3458 i.
714 3421 741 3472 p.
754 3409 795 3458 28.
828 3408 923 3458 lieber
940 3409 990 3458 die
1006 3411 1287 3472 Marryosrieiues.
1309 3413 1375 3463 iios

279 3493 344 3557 fond
360 3493 387 3541 io
403 3492 448 3541 der
464 3491 603 3540 Gesobiebie
620 3491 661 3540 des
677 3493 795 3552 Marsuas
806 3491 845 3542 ein
863 3493 993 3554 lreffender
1008 3493 1065 3542 Bild
1082 3495 1123 3543 dee
1133 3495 1269 3559 μαίνομαι
1282 3495 1374 3546 lieber-

280 3578 370 3628 muibe.
405 3576 464 3625 Nun
480 3575 512 3624 isi
528 3573 589 3624 aber
605 3574 669 3624 illese
686 3566 769 3646 ὕβρις
786 3575 832 3624 dns
848 3575 1080 3638 Haupioerbreeben
1097 3579 1124 3628 in
1140 3579 1374 3640 republiirosiseben

281 3662 399 3721 Studien,
424 3659 477 3708 und
497 3672 524 3708 so
545 3657 635 3708 bonnis
657 3659 704 3707 dos
724 3659 781 3708 eiiii
803 3659 872 3709 ibrer
888 3659 1040 3724 Besiratieoq
1055 3661 1196 3724 iiberbouni
1210 3663 1312 3724 sundol
1328 3665 1375 3715 der

281 3743 460 3806 Gerecbliyleeii
475 3743 584 3793 werden.
621 3741 713 3807 Weqen
730 3743 810 3792 dieser
825 3743 967 3808 Beziebunq
983 3745 1059 3794 daed
1074 3746 1153 3796 deber
1167 3747 1373 3799 wubrsclieiolieb
1467 3801 1471 3808 ,

280 3829 308 3878 io
324 3829 371 3878 den
386 3827 488 3878 nebien
504 3827 608 3877 Studien
624 3827 735 3890 eusdem
751 3827 858 3890 Forsan,
884 3841 924 3878 wo
941 3828 981 3878 die
997 3829 1111 3880 Gerieiiie
1127 3831 1240 3894 eeboiien
1255 3833 1372 3894 worden,

281 3913 334 3962 eine
351 3911 453 3974 Grunpe
472 3912 514 3962 des
531 3911 618 3974 Apollo
639 3912 692 3960 und
712 3911 839 3973 Murenae.
876 3911 933 3963 Wir
948 3913 1038 3964 wisent
1055 3914 1118 3964 diere
1140 3917 1274 3966 amelien·
1298 3915 1374 3968 Sieile

281 3995 322 4045 des
338 3995 440 4046 servires
454 4007 514 4044 zum
532 3995 623 4060 Vir9i1‚
642 3997 707 4046 Aen.
720 3993 751 4055 i,
770 3995 822 4057 58„
840 3997 885 4046 der
901 3996 962 4048 uber
978 3998 1018 4048 die
1034 3999 1234 4064 Kunrlelleyorie
1249 4013 1301 4050 nur
1314 4001 1373 4050 boib

279 4079 365 4143 [ossio
398 4079 452 4129 Der
467 4079 586 4140 Harenas
601 4078 652 4142 aus
662 4079 717 4130 dein
732 4079 871 4130 remisriee
888 4081 981 4132 lienem
997 4083 1029 4133 isi
1045 4083 1092 4132 den
1101 4083 1193 4134 berem
1204 4085 1249 4134 der
1264 4085 1374 4142 Heresi-

280 4161 352 4212 eeb'en
368 4162 469 4212 Satires
485 4163 564 4211 dureb
574 4163 614 4214 die
623 4163 724 4228 milriqe
736 4163 868 4228 Weoduoa
884 4163 1003 4227 Monoi,
1020 4167 1140 4217 wedereb
1150 4168 1237 4218 liores
1247 4169 1287 4218 die
1296 4170 1373 4233 niiss-

280 4245 353 4298 sende
368 4246 450 4296 illene
465 4245 545 4296 dieser
560 4247 649 4296 Sialue
664 4247 714 4310 eos
731 4247 778 4296 den
794 4247 935 4298 vermen
961 4249 1084 4302 ii'eelreler
1098 4251 1194 4302 Novius
1210 4251 1305 4312 deuel,
1332 4253 1373 4302 die
