3174 4974
303 399 364 464 632
661 401 788 450 aonium
807 375 1028 453 mussomuuu

347 555 510 624 Fabellam
532 555 640 621 surdo.
680 557 759 622 Nam
783 577 867 642 quae
890 556 1079 642 pervincere
1103 577 1199 622 voces
1327 557 1396 622 200

345 678 502 745 Evaluere
525 698 653 753 sonum,
678 677 819 744 referunt
841 699 939 765 quem
962 687 1070 742 nostra
1094 675 1239 743 theatra?

346 802 528 887 Garganum
547 799 671 887 mugire
694 809 788 886 putes
811 819 925 864 nemus
948 809 1003 865 aut
1025 819 1114 865 mare
1137 801 1291 874 Tuscum,

346 924 443 988 Tanto
467 941 540 988 oum
562 921 697 1008 strepitu
719 919 785 985 ludi
809 930 994 1007 spectantur
1016 930 1048 986 et
1070 931 1156 987 artes

347 1043 548 1132 Divitiaeque
570 1041 776 1130 peregrinae,
801 1041 920 1130 quibus
943 1040 1060 1107 oblitus
1084 1052 1173 1108 actor

346 1166 426 1232 Cum
448 1165 533 1230 stetit
556 1163 587 1228 in
609 1183 723 1241 scena,
747 1163 910 1230 concurrit
931 1163 1065 1231 dextera
1087 1163 1209 1230 laevae.
1329 1164 1394 1229 205

348 1286 433 1352 Dixit
454 1285 560 1352 adhuc
583 1284 728 1373 aliquid?
751 1285 798 1351 Nil
821 1305 909 1352 sane.
954 1285 1039 1364 Quid
1062 1284 1167 1373 placet
1189 1285 1293 1372 ergo?

346 1408 433 1473 Lana
454 1408 623 1473 Tarentino
646 1405 747 1473 violas
769 1406 889 1474 imitata
915 1426 1050 1473 veneno.

346 1531 391 1593 Ac
413 1549 453 1594 ne
477 1527 556 1594 sorte
579 1538 673 1615 putes
696 1549 762 1604 me,
787 1548 872 1614 quae
895 1528 1001 1596 lacere
1024 1529 1094 1616 ipse
1117 1549 1283 1604 recusem,

372 1689 429 1738 208.
448 1690 479 1738 At
496 1688 717 1753 Guelferbytanus
734 1689 860 1739 Schmidii
885 1717 911 1725 -
924 1690 982 1739 209.
1002 1690 1071 1751 Cum]
1091 1691 1160 1752 Quoue
1177 1687 1194 1738 b
1213 1693 1240 1738 et
1257 1691 1360 1753 primus

338 1811 382 1860 20⁴
399 1811 482 1859 -207,
514 1813 830 1874 peruincere-Enotuerunt
867 1812 918 1861 boc
940 1812 1069 1876 temporis
1086 1813 1241 1875 puuctum.»
1263 1837 1289 1846 —
1311 1811 1394 1875 Leno]

307 1887 395 1946 nQune
408 1899 489 1934 uoces
505 1887 643 1949 tantopere
655 1885 756 1937 validae
769 1899 829 1937 esse
867 1884 975 1936 Marcilti
999 1889 1026 1935 et
1047 1884 1191 1936 Marklandl
1215 1886 1283 1934 cont.
1304 1886 1395 1947 hena,

305 1962 426 2024 possunt,
439 1961 467 2009 ut
478 1959 634 2023 pervincunt
643 1972 738 2011 sonum
747 1962 829 2010 cett»
867 1958 973 2020 χλαῖνα
998 1972 1085 2023 neque
1108 1959 1142 2010 ab
1160 1958 1213 2009 ullo
1231 1959 1329 2010 Codice
1346 1959 1397 2010 ttr-

306 2035 348 2084 Sio
366 2034 633 2097 Virg.Aen.7,756:
660 2047 710 2082 uon
728 2035 831 2084 Darda·
868 2039 957 2084 matur
982 2035 1009 2084 et
1035 2035 1149 2084 maxime
1171 2035 1313 2097 propterea
1331 2035 1396 2086 reii-

306 2110 365 2158 uiuc
381 2109 537 2158 medicari
554 2108 662 2170 cuspidis
672 2109 749 2157 ictum
760 2109 833 2157 ltca-
868 2110 963 2159 cienda
981 2109 1034 2170 est,
1054 2108 1125 2171 quod
1144 2109 1169 2158 ln
1183 2107 1267 2157 verbo
1278 2109 1340 2157 tono
1354 2109 1395 2170 (re

307 2184 376 2232 tuit.
393 2209 420 2218 -
439 2181 545 2246 theatra]
566 2195 604 2232 as.
618 2180 769 2247 spectaculo
786 2183 834 2231 ho·
869 2195 918 2245 per
935 2196 964 2234 se
982 2181 1127 2232 admodum
1145 2179 1202 2244 vili)
1221 2180 1307 2246 lepida
1326 2183 1397 2233 inest

307 2256 423 2306 minibus
437 2257 559 2319 inquietis
571 2257 598 2305 et
611 2255 766 2306 turbulentis
778 2255 833 2319 ple-
869 2257 965 2317 ironia,
993 2269 1062 2320 quae
1087 2255 1185 2306 tollitur
1208 2260 1316 2320 recepto
1333 2269 1394 2307 voc.

308 2343 354 2390 na,
368 2330 464 2388 verbo,
484 2331 534 2393 ipsi
546 2334 711 2394 spectatores
723 2332 834 2396 referunt
869 2331 984 2394 proprio.
1001 2356 1027 2367 -
1038 2331 1118 2381 uiolas
1129 2331 1236 2396 imbuta}
1250 2331 1394 2392 «ianthina,

309 2404 440 2467 (reddunt)
467 2418 563 2454 sonum
586 2405 621 2454 ita
640 2404 831 2465 turbulentum,
869 2403 987 2454 violacea
1005 2407 1119 2456 vestis.»
1141 2433 1166 2442 -
1189 2406 1397 2456 Tarentino-ec-

309 2493 390 2543 quem
417 2481 525 2529 vincere
555 2481 722 2529 scenicorum
752 2493 832 2530 voces
869 2479 948 2544 nouo]
975 2475 1155 2548 «φαρμάκῳ,
1183 2480 1395 2540 medicamento,

310 2566 366 2604 non
383 2557 522 2617 possunt.»
541 2555 615 2603 Gesu.
641 2553 715 2604 Conl.
731 2553 784 2603 Cio.
798 2553 832 2602 de
870 2556 897 2607 id
910 2561 951 2607 est
962 2557 989 2606 h,
1003 2555 1031 2618 l.,
1046 2557 1237 2618 muricissuco,
1251 2571 1395 2622 purpura„

308 2629 379 2679 Orat.
394 2627 417 2688 3,
430 2627 471 2688 50,
486 2627 548 2677 too:
567 2628 665 2678 tbeutru
682 2633 735 2678 totu
751 2629 833 2678 reclu-
870 2634 900 2682 ut
917 2631 988 2694 Virg.
1003 2633 1049 2680 Ge.
1063 2632 1088 2691 2,
1102 2630 1164 2681 lot:
1183 2632 1245 2682 Albo
1260 2645 1339 2694 oeque
1351 2632 1398 2682 As·

306 2707 386 2752 muut.
402 2731 429 2738 —
450 2703 607 2766 Gorpunum]
627 2707 744 2754 montem
760 2706 833 2767 Apu·
869 2708 938 2768 syrio
954 2706 1058 2769 fucatur
1073 2706 1135 2754 tuno
1150 2718 1250 2754 ueneno.
1270 2705 1316 2756 od.
1330 2705 1354 2766 3,
1368 2708 1395 2767 a,

308 2777 358 2828 liae
371 2775 507 2828 silvosum.
527 2777 565 2828 Ct.
580 2777 627 2828 0d.
641 2780 666 2838 2,
679 2779 703 2840 o,
715 2779 744 2828 6:
758 2779 834 2839 Aqui·
869 2782 915 2832 28:
933 2782 1147 2832 Latro-medicata
1160 2780 1226 2842 suco.
1244 2779 1308 2831 Plin.
1321 2781 1352 2832 ll.
1362 2783 1395 2832 N.

307 2852 403 2902 toutbus
428 2853 549 2914 (lucernata
569 2853 684 2916 Gurporu'
707 2853 831 2902 laborant.
871 2857 896 2916 9,
909 2856 949 2916 39,
964 2855 1009 2905 63:
1028 2857 1109 2918 Nepos
1126 2853 1268 2919 Cornelius,
1286 2856 1340 2916 llo,
1357 2857 1397 2905 iu-

308 2930 406 2978 Lucan.
420 2929 444 2987 5,
460 2927 520 2975 379:
540 2927 696 2988 Calabroque
713 2929 835 2978 ohuoutus
872 2931 937 2992 quit,
958 2931 1045 2980 iuuene
1060 2929 1209 2979 violacea
1221 2941 1341 2991 purpura
1356 2931 1398 2978 ui-

307 3005 398 3053 Austro
414 3002 526 3064 Appulus
541 3003 683 3052 Hadriacos
698 3004 751 3053 aaut
765 3004 833 3053 Gor·
871 3005 957 3069 petunt,
984 3005 1066 3071 cuius,
1079 3005 1145 3054 libro
1170 3004 1280 3054 mundis
1300 3009 1399 3054 οσηιικη

307 3091 390 3141 ponus
405 3079 432 3126 tu
448 3079 537 3127 undas.
561 3105 586 3112 —
610 3078 670 3142 ludi]
699 3091 832 3142 «pompae
870 3079 982 3140 baubat,
1007 3093 1051 3128 uec
1067 3080 1145 3129 mutto
1158 3084 1215 3140 post
1231 3077 1329 3128 rutro
1348 3079 1398 3127 Tu-

309 3155 336 3201 et
353 3165 456 3215 pugnae
474 3150 592 3202 ludicrae
608 3165 640 3201 nc
656 3152 794 3202 simulatae
807 3153 833 3202 in
871 3153 980 3203 reatino.
993 3153 1057 3202 Huic
1068 3154 1182 3202 successu
1190 3153 1299 3214 dibapha
1309 3153 1395 3214 Turio.

309 3225 411 3276 tabulas
429 3226 572 3277 intrusae.»
594 3254 620 3263 -
642 3225 717 3291 artes]
737 3239 833 3290 nopera
904 3225 1025 3276 208-il3.
1044 3225 1120 3277 Aaou
1133 3227 1272 3290 fortunat]
1290 3227 1356 3290 Epp.
1372 3227 1395 3286 t,

309 3303 385 3362 artis,
413 3303 529 3362 statuae,
554 3314 617 3351 vasa
636 3299 750 3362 caelato,
770 3302 834 3351 item
873 3303 900 3360 t,
921 3299 965 3349 aa:
992 3301 1027 3350 Ac
1047 3301 1162 3363 neforto
1184 3303 1324 3365 reposcet.
1356 3300 1395 3350 Ct.

310 3375 479 3435 Corinthia»
498 3375 526 3424 ut
543 3374 590 3424 Od.
605 3373 632 3435 l,
647 3375 670 3436 8,
684 3377 708 3425 5.
728 3375 832 3439 lippi,
872 3374 947 3425 liand
964 3377 1039 3424 Tors.
1060 3377 1078 3424 l.
1098 3387 1123 3438 p.
1143 3374 1200 3425 tot.
1228 3375 1285 3425 «Ne
1308 3377 1397 3424 umen

310 3451 334 3509 6,
349 3451 399 3510 tt,
419 3464 485 3510 non,
500 3451 527 3498 ut
540 3447 593 3498 volt
606 3450 756 3500 Commeut.
770 3451 835 3500 Cru-
871 3449 994 3500 videatur
1011 3453 1096 3499 artem
1114 3451 1249 3500 scenicum
1266 3450 1340 3514 parvi
1354 3461 1398 3498 ae-

310 3525 379 3588 quii,
405 3525 494 3574 cartes
516 3523 674 3574 histrionum
693 3526 720 3573 et
737 3524 834 3574 mimo·
871 3525 981 3574 stimare
1004 3522 1045 3573 vel
1068 3535 1128 3574 eom
1152 3522 1186 3573 ob
1205 3537 1313 3574 causam
1331 3528 1398 3587 poe-

308 3613 395 3650 rum.»
407 3597 835 3664 -Diuitiuciuvestimentnsplen-
872 3599 913 3648 tas
939 3599 1073 3650 Romanos
1098 3612 1178 3664 perce
1195 3596 1305 3648 laudare
1321 3599 1397 3647 vitta-

310 3674 386 3734 dida,
406 3685 470 3722 auro
487 3674 570 3736 picta,
591 3673 625 3723 ab
644 3675 750 3736 antiqua
768 3675 834 3724 sim·
871 3686 924 3737 que
951 3671 1069 3724 iudicare
1087 3675 1115 3724 et
1132 3671 1300 3724 difficultates
1317 3683 1397 3722 enar-

310 3748 425 3815 plicttato
438 3749 554 3798 Romana
567 3746 678 3798 aliena.»
694 3776 720 3783 -
738 3747 833 3814 oblitus]
871 3760 947 3808 rare,
970 3746 1068 3810 quibus
1087 3750 1140 3798 tota
1159 3759 1203 3798 res
1220 3747 1327 3798 scenica
1345 3749 1397 3797 lto-

312 3823 469 3887 ucoopertus
495 3835 526 3870 ac
551 3835 634 3887 prope
655 3823 733 3872 nimis
754 3836 834 3873 orno·
872 3833 932 3872 mae
956 3821 1142 3885 premebatur,
1170 3821 1241 3886 quod
1264 3835 1316 3871 non
1334 3833 1349 3871 e
1368 3833 1397 3872 ro

311 3900 382 3956 tus,»
402 3895 586 3954 libertatico,
605 3909 672 3956 non,
692 3899 721 3946 ut
737 3896 779 3946 alii
791 3911 835 3947 er·
872 3909 918 3946 sua
937 3895 1042 3945 duxerit
1058 3908 1120 3946 eam
1138 3898 1260 3956 tractare,
1283 3895 1397 3945 affirmat

309 3969 420 4034 plicant:
448 3969 691 4029 «commaculatus,
712 3972 835 4036 inqutua·
872 3969 922 4022 sibi
949 3971 975 4020 in
996 3983 1103 4020 summo
1126 3972 1189 4021 artis
1207 3969 1309 4033 fastigio
1326 3972 1397 4020 stare

310 4045 379 4093 tus.»
403 4072 429 4079 --
457 4046 584 4094 concurrit
606 4047 710 4095 duntuu
734 4045 833 4112 henoc]
871 4045 969 4104 vident,
989 4047 1142 4108 quicunque
1154 4046 1232 4095 buius
1243 4045 1350 4108 generis
1361 4042 1398 4094 le-

311 4119 462 4169 «maximus
478 4117 587 4182 planam
605 4118 738 4183 extemplo
752 4121 836 4171 oritur
872 4119 949 4183 gibus
967 4133 999 4169 ac
1016 4121 1153 4185 proposito
1171 4133 1201 4178 ex
1221 4121 1276 4170 toto
1292 4117 1397 4169 sutiste-

310 4195 419 4256 propter
436 4195 584 4256 pretiosum
601 4197 628 4244 et
645 4193 776 4258 splendidi
788 4208 835 4245 co·
873 4195 964 4246 ecrit.»
983 4197 1086 4246 lirense.
1109 4223 1135 4231 -
1156 4194 1272 4258 recusuri]
1291 4193 1396 4258 propria

311 4265 373 4316 loris
391 4279 508 4329 syrma.»
524 4296 550 4304 -
570 4269 658 4332 adbuc]
682 4283 783 4334 iusque
801 4269 834 4321 nd
872 4269 1063 4334 significatione
1076 4269 1151 4334 (sich
1163 4267 1398 4330 abducturum-
