3022 4984
342 421 403 487 754
688 445 691 451 .
822 423 951 476 sonim

384 582 450 646 Nec
472 579 587 646 virtute
609 579 691 645 leret
712 578 848 646 clarisve
870 581 1033 667 potentius
1055 583 1153 648 ermis

384 704 489 783 Quum
510 701 619 788 lingue
640 701 778 778 Latium,
802 702 831 767 si
857 721 922 768 non
943 701 1123 770 offenderet
1143 723 1243 770 unum
1359 703 1408 766 too

385 826 556 910 Quemque
578 827 747 909 poetarum
768 821 863 890 limee
885 822 977 890 leber
999 834 1032 890 et
1054 845 1154 919 more.
1199 827 1278 902 Vos,
1301 846 1320 891 ο

383 943 560 1032 Pompilius
583 944 731 1031 sanguis,
755 963 886 1011 mrmen
907 944 1150 1032 reprehendite,
1175 945 1265 1034 quod
1287 966 1346 1013 non

385 1065 482 1132 Multa
504 1066 575 1132 dies
597 1075 631 1130 et
652 1063 751 1132 mults
773 1064 867 1131 litura
889 1067 1033 1133 coerenit
1054 1077 1152 1155 etque

406 1275 464 1326 889.
477 1276 602 1333 cumque
611 1274 641 1322 B.
658 1299 684 1308 -
698 1271 755 1322 ron.
768 1273 958 1333 representans
975 1274 1036 1336 (non
1053 1273 1145 1336 bled).
1160 1301 1189 1312 —-
1201 1275 1259 1326 894.
1275 1281 1385 1338 pm,

374 1355 400 1416 (p
412 1363 474 1402 oum
486 1347 580 1399 lineole
597 1349 791 1412 superscripta,
810 1345 837 1395 id
855 1349 908 1407 est,
924 1347 1089 1408 praesectum)
1108 1349 1136 1408 Β,
1150 1347 1242 1399 Blend.
1255 1350 1384 1413 antiquiss.

342 1537 456 1588 illustres
480 1537 529 1585 viri
551 1537 612 1598 tege
629 1535 766 1598 praetexu
783 1531 867 1582 induti
902 1535 1043 1583 enumeret
1055 1534 1131 1594 vitis,
1149 1535 1176 1584 in
1188 1547 1257 1597 quse
1269 1534 1410 1600 plenumque

340 1613 367 1664 in
379 1613 411 1662 iis
423 1609 551 1674 egebant,
570 1611 650 1672 etque
662 1607 799 1672 oppositus
811 1621 867 1658 ere·
902 1606 1041 1657 incurrere
1057 1606 1163 1658 seleent
1172 1611 1270 1672 poetae
1282 1610 1360 1660 latini
1371 1610 1410 1670 (vv.

338 1687 432 1750 pidetis
449 1685 597 1749 argumenti
614 1683 722 1741 Greeei,
749 1683 866 1746 seripse-
901 1680 1049 1743 28944084,
1068 1682 1217 1746 etquidem
1233 1685 1410 1748 primmeue

340 1763 403 1812 runt
417 1759 548 1825 imprimis
559 1757 690 1809 Pacuvius
700 1756 827 1820 (Pontem
839 1758 867 1807 et
902 1756 939 1805 eit
954 1753 1033 1806 limae
1050 1756 1184 1816 taedium,
1208 1758 1320 1809 nhnism
1336 1761 1412 1808 enutri

340 1835 435 1886 hocius
447 1835 564 1898 (emotus
573 1837 600 1882 et
609 1830 732 1895 Dmtsonj.
749 1832 865 1882 Primum
902 1831 1055 1894 opinionem
1067 1831 1101 1881 de
1113 1832 1191 1882 insito
1203 1833 1303 1896 cuique
1314 1833 1411 1896 ingenio,

340 1911 434 1962 iecisse
452 1911 617 1975 praetextum
635 1907 787 1970 (timentem)
800 1909 866 1956 Nee·
901 1903 974 1968 quod
986 1917 1068 1969 seepe
1081 1904 1198 1958 ridiculis
1207 1908 1297 1959 modis
1306 1908 1413 1960 affectent

339 1987 412 2035 vium
426 1979 867 2045 doeuitGreuerttPhilol.Schnei-
901 1993 934 2030 eo
958 1981 1013 2031 suis
1039 1980 1212 2046 populns-thus
1233 1986 1373 2036 ostentent.
1391 2007 1412 2019 -

339 2061 489 2124 dew.ll.p.
504 2055 867 2121 destruemonemus
900 2067 978 2104 uersu
1004 2055 1146 2118 Qumsque]
1175 2057 1306 2110 ttslitiost
1329 2059 1412 2116 immi,

339 2135 457 2186 Lersehii
475 2134 564 2200 opinio
584 2133 609 2182 in
628 2133 720 2182 Museo
738 2130 865 2181 Rheneno
901 2128 966 2178 dum
987 2129 1162 2192 reprehendlt
1182 2133 1348 2192 socordiam,
1371 2144 1414 2196 qm

338 2211 380 2259 Vl.
393 2209 418 2260 t.
435 2223 462 2274 p.
482 2209 538 2258 509.
558 2219 657 2256 nomen
675 2205 745 2256 istud
762 2205 865 2255 dueen-
900 2214 982 2265 saepe
994 2215 1089 2254 versus
1100 2209 1216 2268 pungent
1227 2207 1352 2266 Romani,
1368 2208 1413 2270 ipse

338 2284 481 2334 demesso
504 2295 564 2331 ev.
580 2285 743 2342 praemere,
765 2277 865 2330 seilicet
901 2275 1022 2327 oonsulto
1046 2277 1219 2342 negligentior
1235 2285 1281 2332 est
1301 2285 1328 2332 in
1343 2279 1414 2333 divel-

337 2369 462 2414 seensm;
485 2368 545 2406 esse
568 2355 648 2417 igitur
665 2352 812 2412 «inbutum,
836 2356 863 2404 tn
900 2351 1292 2419 leudoverhoummqsemqee.
1308 2359 1413 2422 ctlipp.

337 2444 389 2494 que
402 2443 484 2480 scens
495 2429 692 2494 praetexatur.»
708 2455 734 2464 -
749 2427 862 2493 domuere]
899 2428 924 2488 8,
937 2429 963 2488 i,
978 2427 1035 2478 488.
1053 2429 1107 2478 Set.
1122 2429 1150 2490 4,
1164 2431 1190 2491 2,
1204 2431 1244 2480 dt.
1265 2432 1291 2493 l,
1304 2434 1329 2494 9,
1341 2435 1378 2483 ot.
1391 2459 1412 2467 -

336 2508 366 2554 ut
382 2504 475 2554 Graeci
493 2503 527 2553 de
543 2503 629 2568 potitis
653 2503 767 2553 soeniols
783 2500 863 2554 dulei·
898 2501 1033 2564 hospitius
1049 2502 1164 2567 mopoh]
1192 2505 1345 2558 honorifice
1361 2505 1415 2556 stlo-

336 2593 416 2629 σκειν
433 2579 575 2642 usurpant,
595 2577 657 2641 quie
674 2579 754 2641 poeta
767 2591 862 2642 reepse
900 2576 980 2626 ontio.
1015 2577 1095 2628 rhlihi
1121 2579 1212 2642 utique
1237 2583 1414 2640 nominativus,

335 2654 438 2705 docebat
449 2653 591 2704 histriones
603 2654 631 2702 et
642 2653 769 2712 ehomm,
788 2656 863 2704 ente-
899 2661 981 2714 quem
998 2663 1048 2713 pro
1062 2653 1184 2704 voeetivn
1197 2655 1316 2717 positum
1327 2656 1414 2709 uolunt.

336 2740 417 2793 mem
435 2725 552 2778 lshulem
575 2728 660 2788 deret,
687 2729 776 2778 ederet.
805 2729 860 2779 Cic.
898 2737 952 2776 non
969 2726 1105 2787 vocantis,
1123 2727 1174 2778 sed
1191 2727 1352 2782 declarantis
1364 2743 1413 2782 esse

335 2804 408 2854 Brut.
423 2803 463 2863 48,
476 2803 522 2852 m:
542 2801 627 2850 Lteim
640 2803 740 2862 prinmo
749 2803 863 2864 rebeum
898 2799 1013 2850 videtur.
1033 2800 1071 2851 Ct.
1085 2801 1139 2852 Set.
1150 2803 1175 2864 8,
1186 2803 1212 2862 8,
1223 2804 1281 2854 ton.
1296 2806 1413 2869 Odysss.

335 2904 349 2914 -
358 2903 372 2914 -
383 2877 475 2927 docuit.
487 2903 515 2912 -
526 2875 633 2939 topotos]
647 2877 801 2928 comoedias
809 2879 862 2928 lto·
897 2873 959 2926 ido:
977 2869 1116 2944 Γαμβρός
1132 2873 1204 2940 ἐμὸς
1218 2875 1351 2950 θυγάτηρ
1366 2875 1415 2944 (44-

335 2953 408 3002 ment
424 2951 587 3013 argumenti,
615 2951 751 3014 oppositus
764 2953 862 3012 pettin-
897 2949 983 3019 yatdp
995 2949 1087 3014 Belrkl
1101 2964 1133 3001 re
1143 2952 1254 3002 :ossae
1269 2947 1354 3020 ὄνομ’
1365 2946 1414 3003 ὄπι

336 3025 381 3084 tis,
400 3025 550 3088 argumenti
561 3025 662 3074 Gmeei.
689 3027 862 3086 Aproetentis
897 3037 946 3074 uso
969 3020 1072 3074 εἴπω.»
1099 3026 1252 3078 limuisses
1277 3028 1314 3079 nd
1337 3027 1414 3091 Eurip.

336 3100 363 3149 st
379 3099 530 3150 tabernariis
555 3099 594 3148 sie
610 3103 710 3162 tuentes
726 3099 862 3164 dietinssult
896 3099 979 3150 Andr.
991 3113 1018 3163 p.
1031 3101 1085 3150 XV.
1106 3101 1159 3152 Cir.
1169 3101 1266 3166 Zumpt
1275 3104 1321 3154 Gr.
1333 3103 1357 3168 g.
1366 3103 1413 3154 444.

336 3171 508 3223 Greuertl.l.:
520 3174 699 3236 «praetextae,
711 3173 859 3237 diehdtm,
897 3175 1004 3224 Terent.
1017 3175 1126 3226 Phorm.
1139 3177 1164 3238 8,
1177 3177 1202 3238 i,
1217 3177 1261 3228 to:
1282 3179 1304 3228 0
1319 3181 1361 3228 eir
1373 3177 1415 3240 {or

334 3247 405 3297 mehr
421 3247 561 3310 naporum
575 3247 860 3312 Naumatetampom
897 3249 929 3300 tte
949 3253 1025 3310 atque
1044 3251 1158 3301 amieos.
1184 3252 1252 3303 ilino
1274 3255 1380 3306 Persius
1395 3254 1414 3308 t.

335 3323 454 3385 togatae,
476 3321 516 3370 die
540 3319 609 3369 ntehr
625 3320 719 3371 teme
735 3321 861 3387 &tepert-
897 3322 945 3372 et:
966 3324 1027 3384 Vos,
1046 3325 1318 3390 opdtrtotesseoauie.
1344 3326 1414 3388 ⁸th

335 3395 395 3445 eheu
411 3397 486 3445 host-
502 3395 554 3444 und
570 3393 742 3456 sesamum
769 3397 861 3448 teber-
898 3395 995 3462 Celpus
1013 3395 1159 3463 (μυθικὸς)
1176 3399 1246 3452 tilius
1262 3405 1307 3454 est
1323 3405 1414 3454 Nemee

335 3469 439 3528 neriae,
464 3469 504 3518 dte
519 3469 607 3518 Pomeu
623 3481 671 3518 oue
687 3470 743 3518 dom
758 3470 861 3520 rieden
897 3471 1030 3537 Pompilii,
1054 3487 1070 3523 s
1092 3487 1147 3537 quo
1164 3473 1298 3539 Calpurnii
1316 3479 1414 3528 Pisones

337 3542 494 3594 Vottsteheo:
511 3542 559 3592 atto
576 3543 630 3593 drei
644 3543 701 3592 dett
716 3544 770 3594 uod
785 3545 862 3608 oripi·
899 3548 1036 3598 traxerunt
1061 3561 1191 3600 nemen·
1226 3553 1321 3602 Pomn.
1348 3549 1414 3601 Saleii

334 3619 532 3668 astronom.»
567 3619 621 3668 «Et
646 3620 748 3682 tegetes
773 3617 862 3670 hellus
898 3622 972 3672 Bessi
997 3624 1127 3686 Panegyr.
1151 3625 1179 3674 in
1199 3625 1229 3675 C.
1252 3623 1414 3690 Celpurniun

335 3694 439 3753 hemis,
457 3693 586 3743 Antonius
603 3692 699 3753 liuius,
722 3694 770 3742 Cn.
785 3692 810 3755 (4.
824 3694 861 3756 C.)
900 3694 1120 3748 eispromisit:
1138 3711 1199 3748 eoin
1213 3699 1415 3760 summm

335 3763 470 3827 Melissus,
491 3767 627 3830 (Titinium)
645 3767 780 3828 hirenius,
800 3767 862 3831 (No-
898 3781 993 3820 neeesse
1008 3776 1057 3833 est,
1077 3773 1206 3824 Utdomes
1218 3773 1415 3838 emmonem

334 3841 860 3906 vins,tPomponiusseripseruntohcso.
899 3844 1040 3906 cruento
1056 3847 1155 3898 duom?
1175 3849 1262 3913 Atque
1274 3849 1300 3899 ln
1313 3859 1414 3900 nummo

336 3915 474 3967 llomtium
487 3915 574 3966 minus
586 3917 660 3966 recte
672 3915 771 3966 erroris
782 3917 809 3966 in
821 3916 862 3973 his
899 3919 971 3982 epud
986 3919 1084 3970 Eehhel
1100 3923 1132 3972 n.
1150 3924 1180 3973 N.
1199 3921 1257 3974 Vel.
1270 3921 1300 3972 V.
1319 3935 1347 3987 p.
1361 3923 1413 3972 tet:

336 3989 428 4041 verbis
451 3990 586 4041 commissi
603 3988 737 4041 insimulet
752 3991 863 4042 Diome-
899 3992 950 4042 GN.
967 3993 1039 4044 Piso
1054 3994 1145 4058 Phoe.
1173 3997 1259 4060 caput
1279 3995 1415 4048 namnum

337 4062 386 4114 des
402 4077 431 4128 p.
448 4063 504 4115 tet.
525 4066 552 4114 P.
580 4063 620 4113 Cl.
642 4065 765 4116 heuneus
783 4065 863 4117 00444-
899 4065 1051 4118 diedemate
1064 4069 1413 4134 elnoturn,euiinem·iptnm:
1463 4105 1464 4110 .

337 4143 426 4188 etam
442 4152 468 4204 p.
482 4137 523 4190 ie.
543 4140 570 4188 et
581 4139 714 4190 Neukiroh
729 4141 760 4190 de
774 4140 863 4204 sohttte
898 4141 1000 4191 Nuus.
1020 4141 1073 4192 Cir.
1087 4143 1194 4196 Festum
1206 4146 1233 4196 ln
1243 4157 1270 4194 v.
1283 4143 1413 4206 cotpumi

337 4215 425 4274 tapam
434 4215 615 4264 flmmeum
633 4213 860 4278 [ipsissimus.
900 4213 1047 4266 «Plutarch.
1064 4217 1143 4268 Num.
1160 4219 1201 4268 st.
1220 4219 1367 4280 responsas
1380 4216 1414 4265 di·

371 4285 508 4336 tes-tet.
535 4288 586 4336 Neo
606 4289 698 4339 voum
714 4287 776 4352 eet]
805 4290 862 4340 lum
898 4291 946 4352 cit,
971 4291 1102 4354 Pium,
1129 4292 1291 4356 caumes,
1308 4293 1413 4346 ΗΜ·
