3082 4968
303 448 364 516 448
630 519 634 526 ,
684 447 812 498 noaino
829 445 1010 500 siriniensi

343 605 489 676 Accurrit
510 604 642 694 quidam
665 613 761 670 notus
783 601 859 668 mihi
883 601 1012 669 nomine
1038 611 1173 680 tanturn,

343 734 545 818 Arrepteque
568 747 679 792 manu:
704 723 789 806 Quid
812 724 897 812 agis,
920 722 1107 792 dulcissime
1129 725 1264 792 rorum?

342 852 499 928 Suaviter,
519 860 554 916 ut
568 869 654 915 nunc
669 857 727 926 est,
747 846 887 933 inquam,
903 856 935 913 et
949 847 1045 936 cupio
1066 846 1173 913 omnia
1188 845 1346 935 quaevis.
1370 849 1391 912 5

343 974 423 1042 Cum
446 980 680 1039 assectaretur:
703 972 786 1036 Num
809 969 887 1058 qnid
910 968 983 1034 vis?
1005 987 1139 1056 occupo.
1173 971 1212 1035 At
1233 967 1301 1046 ille,

341 1095 437 1163 Neris
459 1115 536 1172 nos,
560 1093 680 1182 inquit;
703 1091 789 1159 docti
811 1112 933 1158 sumus.
977 1091 1038 1158 llic
1060 1110 1138 1178 ego,
1163 1091 1267 1159 Pluris

364 1275 389 1326 3.
408 1275 524 1325 desumit
541 1287 556 1324 c
573 1275 601 1324 et
618 1285 687 1322 corr.
701 1272 726 1322 S.
747 1271 787 1335 (Ut
798 1283 860 1333 nos,
878 1268 935 1335 bdp
947 1271 986 1332 et,
1005 1268 1165 1332 dividetur,
1183 1283 1277 1324 omnes
1290 1273 1356 1323 Pot-

331 1351 417 1412 tierii.)
437 1374 465 1385 -
485 1348 509 1400 4.
529 1347 681 1408 dubiumve,
700 1359 786 1396 rerum
803 1347 858 1404 tc,
878 1359 931 1396 non
949 1347 959 1395 t
976 1358 1064 1410 neque
1082 1345 1225 1396 Bentleius.

297 1481 372 1533 bant.
402 1478 641 1544 (Cir.Epod.l‚'t.
660 1479 687 1538 i,
707 1477 740 1540 8.)
769 1474 825 1527 Ple-
862 1477 923 1541 apta
935 1477 978 1527 est
993 1476 1136 1540 importuni
1153 1475 1287 1535 moribus,
1306 1489 1390 1542 quam

296 1569 411 1620 rumque
429 1554 525 1605 dicitur
547 1555 630 1603 Socra
645 1553 689 1601 oto
712 1555 751 1612 et,
778 1551 824 1613 qui
861 1548 1015 1613 languidum
1032 1548 1095 1600 illud
1112 1550 1235 1610 necorde
1254 1551 1392 1602 siel'beo

296 1633 324 1682 tn
341 1644 373 1682 ea
390 1629 558 1688 habitabant,
577 1627 766 1685 Soorooienses3
786 1627 825 1676 tn·
860 1624 962 1688 parma
985 1620 1141 1689 λογοποιὸς
1158 1625 1237 1677 Char.
1257 1625 1287 1676 8:
1315 1623 1390 1676 πᾶσι

297 1717 360 1756 men
377 1704 459 1754 etiam
476 1701 572 1752 Plinius
590 1703 621 1752 ll.
634 1702 665 1751 N.
680 1700 720 1762 49,
739 1702 763 1750 4.
782 1713 825 1750 on
860 1697 891 1751 δὲ
915 1704 977 1763 τοῖς
994 1699 1025 1751 ἐν
1045 1697 1080 1772 τῇ
1105 1698 1185 1752 πόλει
1208 1697 1390 1772 προσδεθρά-

296 1777 386 1830 dinem
404 1778 540 1827 inversum
552 1775 673 1841 praebet.
703 1774 823 1825 Cir.Be-
859 1789 935 1840 μηκε
951 1773 1049 1841 λέγων.
1085 1775 1209 1826 Similiter
1225 1777 1391 1840 onipttma-

296 1854 407 1904 okerum
433 1851 467 1901 de
493 1853 592 1902 Romae
617 1850 716 1900 veteris
739 1850 823 1900 muris
860 1861 938 1910 num,
957 1862 1010 1900 non
1024 1850 1163 1912 probeodtt.
1184 1877 1210 1886 —
1229 1853 1311 1915 lungo
1329 1851 1390 1902 datt-

296 1931 348 1980 cet.
373 1940 399 1991 p.
427 1927 467 1977 43.
511 1923 611 1977 collato
636 1938 661 1975 ν.
686 1924 726 1974 35,
752 1923 778 1972 b.
804 1921 821 1974 l.
859 1924 1068 1986 cumrerum,
1087 1925 1265 1976 utlecitiam
1282 1928 1391 1977 Petras·

296 2001 425 2066 cogitabis
436 2001 470 2051 de
488 2001 552 2050 bora
571 1999 623 2050 diei
642 1997 769 2050 secunde.
790 2023 819 2034 -
861 1997 910 2048 oba
937 1997 991 2048 Eol.
1010 1999 1040 2060 6,
1068 1999 1109 2050 lb.
1136 2000 1278 2061 turpissimo
1300 2013 1391 2052 rerum

295 2078 358 2128 deut
373 2089 443 2127 naeus
458 2080 493 2126 est
513 2074 575 2138 utos]
602 2075 674 2124 ilaec
697 2085 824 2123 necesse-
860 2072 961 2124 dicens.
1002 2073 1076 2124 ovid.
1104 2075 1266 2136 diotimo,
1292 2073 1334 2126 ts.
1361 2077 1390 2126 et

295 2153 336 2203 rio
353 2150 486 2216 iungenda
498 2151 560 2200 sunt
577 2161 638 2199 oum
650 2161 677 2198 v.
690 2149 821 2206 meditem.
860 2149 923 2198 iler.
949 2147 983 2208 4,
1011 2149 1076 2199 tao:
1102 2149 1270 2211 potoberrtmo
1291 2163 1388 2202 rorum.

296 2239 349 2277 non
367 2238 429 2275 cum
445 2239 471 2275 v.
488 2224 573 2274 lbom:
593 2224 644 2273 boc
661 2223 732 2274 onim
744 2223 824 2285 signi-
860 2221 934 2272 Ovid.
948 2223 1010 2274 lior.
1024 2223 1056 2282 9,
1076 2224 1132 2274 toi.
1152 2223 1186 2273 de
1204 2222 1335 2274 Hercule:
1354 2229 1388 2286 to,

296 2299 431 2350 noandum
457 2300 527 2360 eret,
555 2296 656 2348 nullum
683 2295 734 2348 sibi
760 2299 823 2347 tuno
860 2298 973 2346 mosim
993 2311 1090 2348 ramo.
1132 2299 1240 2349 ueram.
1258 2299 1302 2360 43,
1328 2299 1388 2350 boi.

296 2374 377 2425 luisse
395 2373 531 2436 negotium
553 2385 604 2423 neo
621 2373 705 2422 serias
723 2371 824 2434 cogita·
861 2370 972 2422 llecuba
989 2371 1023 2422 de
1040 2384 1089 2422 se:
1115 2373 1188 2422 modo
1208 2373 1326 2422 monim
1345 2385 1390 2424 ro·

295 2449 395 2508 tionem
422 2461 476 2499 non
495 2459 577 2508 vero,
603 2458 688 2510 prope
705 2445 823 2510 quotidie
860 2459 926 2496 rum.
962 2443 1100 2497 claudian.
1119 2447 1146 2496 in
1157 2445 1236 2496 Proh.
1255 2449 1283 2497 et
1293 2445 1386 2512 Olybr.

296 2535 347 2587 per
371 2520 441 2572 illam
464 2521 535 2571 viem
553 2533 583 2570 se
600 2518 687 2570 solere
705 2520 822 2583 spatiari.
861 2521 940 2571 Cons.
966 2521 1030 2572 ⁴3⁰:
1060 2521 1100 2572 dio
1126 2519 1244 2584 (Roma),
1270 2523 1390 2572 morino

295 2595 384 2647 Altero
401 2594 527 2658 iungendi
542 2595 609 2644 ratio
620 2595 750 2658 repugnat
761 2592 822 2642 adv.
859 2608 954 2645 rerum.
973 2595 1022 2655 Qui
1035 2606 1098 2645 oum
1106 2597 1209 2646 Acrone
1219 2596 1387 2646 construunt:

296 2670 361 2734 {orte
378 2673 405 2720 et
422 2667 607 2722 consuetudini
625 2669 732 2719 lloratii.
760 2669 821 2730 (sat.
862 2670 927 2732 Quid
941 2682 1030 2720 renem
1045 2670 1115 2734 opio,
1138 2668 1297 2720 dubium?
1325 2683 1390 2720 oon·

298 2745 373 2807 4,6,
392 2743 745 2807 444.)-ην9ανννν]ἢνοῐε
758 2743 824 2793 lioe-
861 2735 949 2786 ierunt
974 2733 1057 2786 Plaut.
1082 2732 1139 2785 Aul.
1164 2736 1193 2796 4,
1219 2737 1229 2785 4
1235 2773 1247 2810 ,
1272 2735 1320 2786 lb:
1351 2737 1390 2788 Ne

299 2817 392 2869 denus:
422 2816 530 2868 «Oleum
552 2820 579 2868 et
600 2829 710 2880 operam
732 2815 824 2880 perdi-
860 2808 1043 2860 molituram
1056 2810 1149 2872 poetis,
1168 2810 1228 2872 sold
1244 2822 1390 2876 rerumne-

298 2893 370 2943 disse
386 2891 510 2942 videntur
528 2891 687 2954 interpretes
698 2891 822 2952 scrutati,
860 2901 926 2937 rom.
956 2888 986 2948 4,
1005 2888 1035 2948 2,
1060 2886 1109 2938 39:
1137 2888 1256 2952 Ropitont
1277 2901 1334 2950 ose,
1360 2895 1390 2940 ot

298 2965 376 3029 quale
402 2965 480 3016 luerit
509 2976 640 3027 nugarum
668 2977 767 3028 genus,
796 2966 824 3014 in
860 2962 971 3022 ναὶνανι,
991 2961 1051 3023 quid
1068 2974 1159 3025 wem,
1178 2963 1391 3028 mddrmtmpe·

299 3053 352 3103 quo
372 3041 435 3090 tunc
452 3039 575 3090 llorntius
598 3037 738 3090 ambulans
756 3037 824 3090 defl-
860 3049 927 3086 rom.
957 3035 1053 3087 Pseud.
1073 3035 1102 3097 4,
1130 3037 1159 3098 6,
1187 3038 1216 3087 4;
1255 3037 1310 3088 l't'ao
1328 3037 1390 3100 pisid

298 3126 348 3164 xus
364 3114 461 3164 esset.»
490 3114 581 3163 Potest
598 3112 823 3176 sanesigniflcero
859 3125 947 3162 rerum
971 3125 1040 3162 mm
1068 3112 1160 3173 diemo
1185 3113 1273 3175 aperit
1318 3112 1388 3164 liud.

298 3183 710 3252 versustcatull.t,3:oomooe
725 3188 825 3238 tosote-
860 3186 891 3248 4,
909 3185 937 3248 4,
961 3185 1007 3238 at:
1037 3185 1099 3248 pou
1120 3190 1148 3236 tu
1168 3198 1209 3236 mo
1229 3199 1307 3238 maor
1328 3188 1391 3249 quid

298 3260 821 3325 basileosossoolipotdpotorooopos.)‚
859 3274 947 3313 renam
973 3257 1081 3324 paam?
1114 3259 1189 3324 Capi.
1218 3261 1248 3323 2.
1278 3261 1307 3324 3,
1338 3262 1388 3313 td:

299 3345 464 3399 quamquam
499 3333 569 3384 inter
605 3333 746 3396 strepitum
780 3335 824 3383 Ss-
861 3335 922 3397 quid
951 3347 1038 3386 raum
1067 3335 1107 3384 bio
1136 3336 1236 3398 apim.
1277 3336 1388 3388 darent.

298 3421 361 3459 erae
383 3408 441 3458 viae
459 3405 585 3456 talesvix
602 3404 745 3456 meditatus
763 3419 823 3458 esse
862 3409 927 3459 Eun.
954 3410 987 3471 o.
1019 3408 1053 3471 4,
1084 3411 1116 3460 t:
1153 3409 1240 3460 lieoim
1266 3411 1390 3473 oddonis

298 3481 420 3541 videtum
456 3481 545 3544 potest
577 3480 642 3530 item
675 3478 824 3542 significare
862 3483 973 3534 θὴαννοα
1002 3483 1042 3534 liic
1070 3495 1158 3534 rerum
1182 3488 1264 3548 pout.
1299 3511 1327 3522 -
1361 3489 1391 3536 ut

298 3555 386 3607 omnis
415 3554 521 3619 generis
551 3554 724 3618 cogitationes
751 3555 824 3604 baud
860 3569 927 3606 none
948 3555 990 3620 est]
1015 3555 1082 3608 «hoo
1105 3557 1216 3622 uiridem
1238 3560 1388 3622 tempore.-

298 3630 378 3682 nlmis
395 3630 488 3682 serias.
510 3655 537 3666 —
556 3631 621 3677 totos
641 3629 669 3677 in
688 3627 746 3692 titis]
770 3640 824 3690 quo
862 3631 909 3681 Est
933 3633 1072 3682 nostrum:
1102 3631 1197 3682 «Gom
1221 3631 1318 3683 toidttcb
1344 3633 1390 3696 pir

298 3705 437 3760 molestior
447 3704 530 3756 flebat
546 3701 729 3768 interpellatio.
756 3704 822 3768 Epp.
856 3706 937 3766 jotzt,
954 3704 999 3767 μιν
1014 3705 1061 3754 deo
1072 3705 1248 3769 Aopotbttok.»
1276 3705 1388 3762 Duoier:

299 3783 328 3844 4,
348 3783 376 3844 4,
396 3782 442 3831 it:
469 3779 549 3830 onmb
569 3779 596 3828 ia
617 3779 741 3829 locam
771 3780 825 3828 Lu·
862 3778 1194 3841 Fortbtenpoort’beore.
1229 3781 1325 3830 Totum
1342 3795 1390 3833 re-

299 3855 368 3906 ciani
380 3855 499 3904 llermot
512 3853 537 3904 ².
550 3849 645 3914 δοκεῖς
656 3849 688 3902 δέ
697 3867 750 3917 μοι
761 3846 823 3902 ἄλλ’
861 3865 991 3917 sponsum
1008 3865 1042 3902 ex
1058 3865 1091 3902 eo
1108 3865 1207 3916 genere
1219 3855 1275 3916 est,
1295 3855 1322 3904 in
1334 3868 1390 3920 quo

299 3923 367 3980 οὐδὲ
384 3921 456 4000 ὄναρ
473 3927 543 3979 ποτὲ
560 3921 671 3978 ἀνιέναι
688 3924 823 3989 σεαυτόν,
862 3926 1064 3979 consuetudinis
1081 3926 1172 3980 verbis
1189 3929 1308 3980 contenti
1324 3929 1390 3982 nihil

299 3995 392 4065 οὕτως
403 3996 473 4066 ὅλος
484 3997 510 4052 ei
520 3999 598 4070 ἐντῷ
608 3999 762 4074 πράγματι.
777 4004 825 4054 Ρο-
861 4015 946 4068 prope
963 4003 1020 4053 veri
1038 4002 1202 4065 cogitamen
1229 4005 1256 4052 et
1272 4003 1390 4067 frigidis-

297 4075 354 4141 lyb.
367 4077 397 4139 3,
411 4077 457 4139 94,
470 4078 514 4128 to:
533 4071 605 4148 πρὸς
621 4075 660 4144 τῷ
677 4073 825 4149 παραβάλ-
861 4077 945 4138 sime,
963 4077 1145 4140 obponeret,
1169 4075 1316 4140 respondet
1333 4077 1390 4128 llo-

298 4151 400 4204 aeaeae
410 4153 461 4204 not
471 4151 511 4220 τῷ
522 4148 743 4205 διακινδυνεύειν
755 4145 823 4216 ὅλος
861 4153 944 4202 ratius
961 4151 1062 4202 bomini
1078 4151 1183 4202 ardenti
1199 4153 1280 4216 atque
1300 4151 1389 4217 impe·

297 4229 349 4280 not
364 4224 421 4292 πᾶς
437 4219 483 4293 ἦν.
504 4255 531 4266 -
549 4227 673 4294 Accurrit]
690 4229 763 4280 llaec
775 4240 824 4280 ou·
862 4228 949 4278 tunso.
961 4226 1072 4288 -cupio
1083 4225 1146 4292 oet]
1157 4223 1390 4292 Sobtabueoquo·

297 4302 394 4370 piditas
402 4303 539 4356 Horatium
551 4303 726 4355 conveniendi
739 4303 823 4367 magis
861 4314 914 4365 que
931 4298 1087 4352 urbanitatis
1105 4299 1232 4364 tornatile,
1251 4312 1303 4365 qua
1322 4299 1386 4352 nibil
