3192 4974
617 438 678 489 nra.
697 439 716 488 1.
751 439 849 490 4444.
867 441 909 490 vr.
1251 439 1313 504 439

266 597 299 663 Si
323 596 425 662 rvirtus
447 593 509 661 hoo
531 616 595 661 una
616 604 724 683 potest
746 595 840 672 dare,
865 595 955 662 sortis
978 597 1106 664 arnissis
1272 600 1313 664 30

268 719 336 784 Hoc
359 737 419 804 ege
442 715 577 783 deliciis.
621 717 776 784 Virtutem
797 717 899 784 verba
920 728 1014 805 putas
1036 729 1068 786 et

268 841 392 906 Lucum
413 838 515 926 ligna:
539 858 619 905 cave
643 860 684 904 ne
708 848 820 926 portus
843 849 982 927 occupet
1003 839 1098 918 alter,

268 963 315 1029 No
339 960 537 1050 Cibyratica,
562 981 604 1026 ne
626 959 765 1052 Bithyna
785 961 914 1049 negotia
936 961 1071 1049 perdas;

269 1081 354 1150 llille
377 1080 496 1148 talenta
517 1080 745 1159 rotondeutur,
770 1081 904 1150 totidem
926 1081 1041 1161 altera,
1067 1103 1165 1171 porro
1188 1093 1220 1150 et

258 1253 314 1304 sid.
334 1253 373 1316 (Ut
382 1265 443 1313 nos,
464 1253 509 1312 lle,
519 1249 581 1314 βζκ.
601 1253 639 1301 De
652 1253 707 1303 suis
723 1254 795 1303 tacet
809 1251 948 1304 Pottierius
962 1255 1080 1304 nostram
1091 1255 1182 1304 temen
1192 1251 1282 1303 lectio-

259 1339 321 1378 nem
330 1327 458 1390 secutus.)
471 1353 497 1363 -
509 1325 550 1377 34.
561 1330 584 1376 44
594 1339 701 1378 erasum
713 1328 740 1377 in
751 1327 769 1377 b
782 1340 798 1377 a
810 1340 864 1380 sec.
878 1341 926 1390 m,
939 1327 1060 1378 additum
1073 1329 1098 1378 in
1110 1329 1136 1388 S,
1150 1341 1203 1378 om.
1215 1327 1279 1388 od,t.
1322 1335 1324 1339 ’

226 1467 336 1532 prolano
358 1479 390 1516 ac
411 1467 565 1530 promiscuo
586 1466 645 1516 usui
667 1465 751 1516 desti·
788 1469 917 1518 «Potesne
951 1467 1123 1518 existimarer
1154 1466 1215 1530 (sed
1246 1465 1314 1516 haee

226 1545 312 1602 natas,
341 1541 403 1590 buie
422 1553 515 1590 rursus
537 1541 633 1590 rationi
651 1552 751 1590 conve·
788 1542 909 1592 iunctura
926 1542 1171 1592 manifestavitiose
1186 1540 1234 1602 est)
1248 1540 1314 1590 «vir-

226 1618 329 1666 4444444
345 1617 417 1674 vive;
445 1627 508 1678 ergo
527 1615 703 1679 negotiatione
724 1615 751 1665 44
788 1618 872 1666 tutem
895 1616 980 1667 verba
1004 1629 1065 1668 esse
1087 1618 1115 1666 et
1135 1615 1226 1665 lucum
1249 1625 1314 1664 oon-

226 1692 377 1740 mercatura
389 1703 490 1753 quaere
503 1687 549 1739 tibi
562 1701 653 1752 opes.»
684 1689 750 1752 (Non
788 1693 956 1742 secratuma
977 1691 1071 1755 quavis
1096 1687 1162 1740 silva
1186 1701 1239 1740 non
1262 1687 1314 1738 dit-

224 1767 288 1828 puto
314 1764 357 1814 bic
383 1765 548 1828 impietatem
573 1765 673 1823 noiari;
701 1763 751 1814 sed
787 1765 875 1814 terrei
898 1765 950 1815 boc
973 1766 1028 1826 est,
1053 1766 1167 1815 Potesne
1186 1765 1213 1813 et
1230 1763 1314 1812 virtu-

226 1838 379 1904 simpliciter
388 1840 439 1889 hoo
448 1839 521 1888 dicit:
533 1840 573 1888 «Si
586 1841 663 1903 putas
671 1840 752 1888 virtu-
787 1842 843 1889 tem
861 1840 888 1889 et
904 1839 1061 1902 religionem
1079 1840 1217 1888 exueret»
1234 1865 1261 1872 -
1274 1849 1315 1886 oo-

226 1915 279 1964 4444
289 1917 412 1964 constare
422 1913 511 1964 verbis
520 1917 547 1964 et
557 1912 619 1964 nihil
632 1915 751 1978 praeter-
787 1915 871 1976 carpet]
898 1914 1119 1978 «pmeoccupetm
1159 1911 1197 1962 Cl.
1216 1910 1265 1960 044.
1283 1911 1311 1972 2,

226 2001 344 2047 eaesae,
363 1987 749 2052 utlucusoonstatlignissive
788 1989 835 2049 ti,
853 1989 894 2038 28.
925 1988 979 2038 liv.
999 1990 1027 2048 4,
1048 1987 1093 2038 ll:
1121 1986 1210 2036 bellum
1230 1986 1315 2049 socero

226 2062 380 2123 arboribus,
405 2064 485 2112 etiam
507 2064 687 2113 consentanee
705 2075 751 2112 44-
788 2068 918 2125 occupant.
935 2091 961 2099 —-
975 2061 1169 2126 olier1Cl.Sat.
1184 2063 1214 2122 4,
1229 2061 1257 2120 4,
1271 2058 1312 2110 40,

226 2139 296 2188 tione
308 2137 441 2201 agendum
459 2141 525 2188 est»
545 2140 673 2187 Gaeuaaus
689 2149 751 2200 pro-
788 2139 860 2189 Baoh
872 2139 907 2189 ad
929 2138 1003 2189 Ovid.
1017 2139 1125 2189 Metam.
1138 2137 1167 2199 8,
1186 2136 1226 2188 74.

185 2251 192 2262 .
225 2213 306 2262 bente
326 2211 451 2262 Obbario.
481 2210 751 2262 Atsihoovoluisset
820 2213 908 2264 33-35.
938 2215 975 2264 No
999 2213 1144 2275 Cibyratica
1164 2213 1231 2273 cet]
1257 2212 1313 2260 «si-

225 2287 362 2348 lloretins,
381 2301 405 2336 v.
419 2288 748 2350 tucosnequaquamusus
787 2288 896 2340 mulae
919 2301 992 2339 mare
1016 2291 1140 2353 apertum
1166 2289 1220 2347 est,
1249 2285 1313 2335 alios

226 2353 312 2424 esset,
337 2373 431 2411 verum
448 2374 491 2410 vv.
509 2361 573 2411 44444
588 2361 632 2411 vel
648 2375 747 2421 nemum
787 2365 965 2428 praeveniens
983 2362 1018 2413 ad
1035 2365 1217 2414 mercaturam
1235 2372 1314 2410 exer-

224 2435 301 2500 longe
319 2438 410 2486 autem
427 2437 515 2500 aptius
531 2436 612 2485 4444444
633 2438 660 2486 44
681 2437 751 2486 locut
788 2439 901 2490 cendam
928 2439 1003 2501 (nam
1030 2438 1064 2489 de
1090 2437 1242 2488 mercatore
1269 2433 1313 2483 4444

225 2510 276 2561 deo
299 2523 377 2562 sacer
402 2507 590 2582 παραλλήλως
615 2513 750 2576 ponuntur
787 2515 886 2578 agitur,
906 2513 1011 2564 nonde
1029 2511 1201 2575 negotiatore)
1220 2509 1312 2571 naviga

225 2599 307 2650 quam
325 2601 357 2636 ex
375 2588 485 2637 Gesneri
507 2588 608 2637 ratione
625 2588 706 2636 virtus
723 2589 750 2636 et
787 2588 914 2651 Cibyram
927 2599 1052 2650 magnam
1065 2585 1170 2648 (urbem
1181 2584 1312 2646 Phrygiae

225 2661 308 2726 44444)
330 2663 463 2712 Locorum
482 2661 636 2726 religionem
654 2661 749 2726 negligi
787 2676 914 2726 magnae,
933 2663 1045 2726 propter
1062 2661 1225 2710 ferramenta
1244 2656 1313 2708 cele·

225 2738 347 2801 queritur
363 2738 516 2802 Propertius
534 2737 564 2798 4,
584 2737 628 2798 ti,
647 2737 691 2787 it:
719 2737 751 2787 ,44
787 2738 902 2788 bratam.
927 2735 1023 2786 Strabo
1042 2734 1087 2795 43,
1106 2745 1133 2796 p.
1147 2733 1209 2782 65⁴:
1226 2727 1313 2780 ’Ἴδιον

224 2824 290 2860 nunc
307 2811 408 2860 44444444
423 2815 519 2861 comant
539 2812 658 2860 sacrario
678 2811 748 2861 lucis.
787 2811 810 2861 δ’
829 2811 907 2862 ἐστὶν
924 2809 955 2860 ἐν
976 2805 1089 2878 Κιβύρᾳ
1105 2803 1139 2856 τὸ
1161 2803 1213 2855 τὸν
1230 2804 1313 2871 σίδη-

227 2911 254 2920 -
277 2884 362 2949 verbo]
384 2883 476 2936 Ultima
501 2886 574 2935 Bruti
600 2898 651 2934 vox
677 2886 749 2949 apud
787 2881 1020 2958 povroperieoaioo
1037 2877 1171 2954 potiori,
1191 2883 1271 2944 atque
1285 2882 1311 2930 in

225 2959 337 3008 Dionem
349 2958 394 3020 47,
407 2958 452 3010 is:
468 2950 504 3008 ’.44
521 2956 633 3024 τλῆμον
650 2953 748 3030 ἀρετή,
787 2962 950 3024 Bithyniam,
975 2971 1029 3022 quo
1047 2959 1108 3006 ante
1126 2953 1246 3005 aemulos
1263 2967 1312 3018 ep-

225 3029 311 3098 lrlyog
327 3023 372 3104 ἆρ’
391 3023 470 3098 ἦσθ’·
488 3031 542 3100 ἐγώ
559 3031 591 3084 ot
602 3027 750 3106 σεὩςέρ-
786 3035 879 3102 pulsus
907 3035 1021 3099 optimas
1049 3043 1171 3095 quasque
1206 3042 1311 3080 meroes

224 3121 277 3173 γον
294 3101 415 3173 ἤσκουν,
436 3104 474 3160 σὺ
491 3107 514 3159 δ’
532 3105 681 3172 ἐδούλευες
700 3106 750 3160 τύ·
786 3111 871 3176 pretio
884 3123 966 3174 quam
983 3109 1093 3158 minimo
1112 3109 1229 3157 caimos.
1256 3105 1311 3156 Hae

225 3197 272 3253 κῃ.
292 3183 331 3234 Ci.
346 3185 400 3235 Cie.
414 3186 491 3234 iuse.
505 3186 534 3247 a,
548 3183 590 3247 44,
605 3185 661 3235 tit.
681 3185 747 3248 Epp.
787 3184 921 3248 diligentia
940 3196 1050 3247 semper
1069 3180 1187 3232 adhibita
1204 3179 1312 3229 tandem

225 3260 254 3320 4,
275 3258 382 3320 tait:
409 3259 458 3310 4444
473 3261 554 3310 virito
569 3261 750 3310 amoeniam
788 3273 819 3310 44
845 3259 1001 3323 pervenies,
1031 3258 1061 3306 ut
1087 3253 1311 3318 locupletissimus

225 3339 272 3395 444,
290 3334 339 3384 Aut
355 3335 428 3384 4444444
444 3340 468 3385 44
480 3335 591 3396 pretium
607 3341 673 3386 recte
686 3336 750 3398 petit
787 3335 862 3386 4444.»
887 3331 927 3384 l'd
944 3332 1040 3398 triplex
1051 3345 1082 3382 444
1094 3331 1127 3382 ci.
1142 3331 1206 3380 item
1218 3326 1312 3392 triplex

225 3410 420 3471 oeperieasoir.
443 3435 469 3446 -
486 3415 563 3472 putot
579 3409 611 3473 44]
629 3409 750 3461 llaeole-
786 3411 895 3474 siEpp.
918 3411 947 3470 4,
974 3409 1020 3470 44,
1040 3408 1063 3458 o.
1091 3402 1237 3469 -44444441
1262 3415 1311 3452 «ne

225 3483 276 3534 4444
289 3481 385 3534 melius
397 3484 461 3534 milri
477 3484 533 3534 visa
545 3486 588 3534 est
598 3485 748 3548 exprimere
787 3487 844 3535 tum
862 3483 972 3534 demum
989 3480 1050 3532 illuc
1067 3481 1224 3546 pervenies,
1249 3488 1312 3526 eum

224 3571 378 3610 sermonem
400 3559 488 3622 ipsam
508 3559 637 3620 hominis,
660 3561 750 3625 quiet
786 3561 891 3624 negotia
915 3561 1093 3622 quaestuose,
1121 3556 1155 3607 eb
1182 3553 1239 3606 eliis
1265 3550 1312 3601 tibi

224 3633 358 3684 doctrinas
372 3626 479 3698 ἠθικὰς
496 3634 524 3684 44
540 3632 681 3696 religiones
696 3649 748 3700 pu·
786 3636 942 3699 praerepta,
967 3645 1062 3698 gerere
1081 3633 1135 3682 iem
1152 3643 1206 3680 non
1223 3627 1310 3679 liceto

224 3708 307 3760 blioes
332 3721 418 3772 aeque
442 3707 548 3772 negligit
575 3721 607 3758 ao
628 3710 746 3762 deridet:
788 3702 1309 3773 -Bittyrrooegotio1Vid.ad0d.3,7,

225 3785 371 3834 «Virtutem
393 3781 475 3833 verba
498 3785 563 3848 puto
584 3789 608 3834 et
628 3784 749 3836 similiter
786 3787 813 3836 3:
836 3784 1129 3847 myrameoeteotcm.
1145 3805 1172 3815 -
1191 3778 1260 3828 Mille
1270 3781 1312 3825 to-

223 3859 313 3910 lucum
334 3859 435 3923 lignem
462 3871 544 3922 quam
566 3859 588 3908 si
606 3873 748 3924 compera—
785 3861 861 3922 leato]
874 3861 912 3910 Er
924 3862 1014 3910 nostra
1025 3854 1197 3920 computandi
1209 3852 1311 3902 ratione

224 3935 295 3986 tione
313 3935 361 4000 (ot)
378 3937 436 3999 ipse
454 3935 582 3984 uteretur.
615 3937 702 3998 atque
720 3936 747 3984 ni
786 3936 904 3987 elliciunt
921 3935 1027 3986 circiter
1043 3930 1180 3992 5,000,000
1192 3929 1232 3978 Fr.
1246 3925 1308 3976 Gall.

225 4007 299 4060 lallor
319 4009 378 4074 plua
402 4009 547 4080 εἰρωνείας
569 4010 638 4060 inest
655 4013 745 4060 nostra
786 4039 814 4047 -
849 4008 1032 4072 recondentur]
1067 4001 1309 4068 «compleantur»

223 4087 250 4134 in
267 4084 380 4135 lectione
393 4098 475 4150 quam
494 4086 520 4136 in
538 4082 636 4144 altera,
655 4084 745 4136 denuo
783 4087 867 4141 Omne
885 4086 971 4144 enim,
997 4081 1068 4147 quod
1086 4077 1229 4130 rotundum
1254 4079 1303 4135 est,

222 4158 335 4224 probata
358 4160 392 4210 eb
415 4159 532 4211 Obbario
553 4163 581 4210 et
601 4161 744 4222 Diintzero,
784 4160 819 4211 ab
838 4162 910 4210 omni
929 4161 1004 4223 parte
1021 4155 1132 4220 plenum
1150 4155 1191 4204 est
1207 4167 1239 4203 ac
1251 4164 1313 4216 per·

222 4236 272 4286 etsi
290 4237 379 4286 minus
396 4235 525 4286 concinna
544 4238 593 4287 est.
617 4236 746 4286 —suam
784 4236 894 4287 lectum.
926 4233 973 4295 (444
996 4232 1079 4296 ipsius
1101 4229 1239 4281 millenarii
1261 4241 1311 4277 nu-

223 4311 282 4363 1444.
299 4316 406 4374 poteret
422 4311 460 4362 sio
473 4312 580 4376 exponit
597 4309 743 4362 Bentleius:
785 4311 852 4362 meri
876 4308 1071 4374 perlectionem
1092 4305 1174 4357 relerl
1196 4306 1312 4354 Torren-
