3090 4974
342 441 404 506 660
700 437 827 488 666666
846 433 1066 488 6666666666

384 599 511 678 066646
534 614 609 661 cum
631 591 729 668 testu,
753 603 875 682 quanto
898 591 1060 659 molimine
1083 591 1205 659 circum
1218 629 1233 642 -

384 721 574 806 Spectemus
596 735 732 782 vacuam
753 714 905 780 Romanis
927 713 1055 780 vetilius
1078 713 1211 794 acdem;

384 841 456 906 Mox
478 838 588 915 etiem,
612 835 640 904 si
662 835 743 902 iorte
766 855 878 912 vaces,
901 855 1041 922 sequere
1065 844 1098 901 et
1118 834 1230 922 procul
1253 836 1345 912 endi,
1382 838 1419 900 96

384 960 470 1042 Quid
491 957 572 1026 ieret
593 969 626 1025 et
648 977 750 1045 quere
773 955 835 1023 sibi
857 965 965 1023 nectet
985 965 1124 1044 uterque
1146 976 1310 1023 coronam.

405 1159 445 1210 93.
463 1158 559 1208 circem
573 1155 700 1206 molimine
716 1159 809 1218 666646
826 1154 880 1204 666
897 1155 1026 1204 66666646
1041 1153 1206 1218 totidemque
1224 1155 1292 1205 Feee
1308 1155 1390 1206 codd.

375 1259 401 1270 -
421 1233 462 1282 96.
479 1236 556 1281 occet
571 1227 696 1280 Schmidii
720 1226 855 1280 secundus
875 1229 902 1278 et
921 1227 963 1277 6444
985 1228 1046 1290 (666
1066 1229 1166 1290 nostri).
1192 1255 1219 1264 -
1239 1229 1280 1279 446.
1302 1231 1391 1292 quere]

340 1401 421 1453 646646
428 1403 566 1460 somatum,
580 1397 675 1448 aedem
684 1396 809 1446 Romanis
817 1407 865 1445 va·
903 1407 996 1445 66666
1009 1395 1142 1446 interdum
1153 1393 1311 1446 recitabant.
1331 1397 1383 1447 Sat.
1393 1397 1419 1453 4,

340 1474 411 1526 tibus
427 1485 549 1522 vecuem.
585 1472 652 1534 0666
669 1469 732 1520 44166
750 1468 864 1532 intellige
903 1470 949 1529 40,
972 1469 1012 1520 38.

339 1547 382 1600 vol
402 1546 592 1598 bibliothecem
609 1543 734 1609 Apollinis
756 1543 864 1595 Palatini
935 1542 1039 1594 oo-es.
1067 1543 1172 1607 6446646
1185 1547 1272 1611 cocae]
1300 1547 1342 1597 «64
1364 1545 1421 1598 nihil

340 1618 794 1687 ebAugustoconditemvelasdem
801 1620 866 1669 4466
902 1617 973 1669 64466
985 1617 1079 1679 hebes,
1097 1619 1170 1682 quod
1185 1633 1275 1684 eges.»
1290 1648 1317 1658 -
1327 1621 1421 1684 666664]

340 1697 406 1748 66446
423 1699 559 1747 Musarum
576 1693 737 1758 el’lrilippo,
755 1693 864 1756 Augusti
903 1705 952 1742 rex
969 1691 1086 1756 quedem
1104 1693 1241 1755 distantia,
1259 1695 1332 1746 unde
1350 1708 1423 1746 6666-

339 1773 445 1833 vitrico,
457 1772 630 1822 insteuretem
642 1772 670 1820 et
681 1770 864 1820 4666664666·
902 1765 959 1816 6466
977 1779 1070 1816 eorum
1087 1769 1341 1820 sermocinationem
1364 1781 1423 1833 pos·

340 1846 393 1898 Sed
416 1845 450 1896 de
472 1842 620 1895 incredibili
637 1843 688 1893 hec
705 1843 864 1905 interprete·
902 1841 964 1891 sis.»
992 1840 1031 1891 Ci.
1051 1839 1085 1890 ad
1102 1841 1155 1891 Sat.
1168 1842 1197 1902 2,
1214 1842 1243 1904 6,
1257 1844 1316 1894 roc.
1335 1845 1422 1907 sicque

339 1923 411 1974 tione
434 1924 462 1972 et
483 1933 570 1983 aeque
587 1919 654 1970 mire
671 1916 865 1982 perediortluosi
903 1915 959 1966 liv.
972 1916 998 1978 ἦ
1011 1915 1036 1974 6,
1048 1916 1075 1965 i:
1094 1916 1189 1978 46666,
1202 1916 1245 1966 ubi
1256 1918 1423 1970 memoriter

339 1995 623 2061 inspioeSchmidium.
637 2019 664 2030 -
676 1990 866 2056 4664664666-
898 1987 989 2050 proved
1022 1988 1202 2050 (recentiores
1235 1992 1421 2055 scripsissent:

340 2070 392 2122 lam
405 2071 474 2120 hene
485 2070 627 2132 imaginem
639 2067 772 2131 expingit:
795 2065 864 2128 uligo
901 2063 970 2112 6666
980 2062 1018 2112 446
1024 2063 1126 2125 procul)
1135 2064 1260 2114 6666444664
1267 2079 1328 2128 esse,
1343 2068 1423 2116 664646

340 2145 440 2209 lyricus
463 2147 491 2193 et
513 2142 580 2193 alter
597 2141 734 2205 elegorum
751 2142 866 2204 scriptor
902 2137 955 2188 4664
967 2137 1075 2200 propios
1090 2150 1121 2187 oc
1137 2139 1229 2188 6664466
1248 2140 1317 2203 socia
1333 2153 1424 2204 666666

340 2218 423 2270 multo
445 2231 506 2268 cum
529 2217 597 2267 46646
617 2218 644 2265 64
663 2215 759 2264 eximie
776 2215 866 2277 grevi-
902 2213 1009 2262 Breuem
1025 2213 1140 2276 66666644
1156 2215 1207 2264 cet.
1224 2241 1251 2250 —
1271 2217 1339 2277 0646
1353 2216 1422 2280 [erud

340 2295 409 2351 4646,
430 2303 499 2354 ques
517 2288 589 2339 voltu
605 2291 736 2351 gestuque
754 2299 783 2338 se
800 2300 865 2351 pro-
903 2285 990 2346 60646
1015 2285 1147 2350 66646664ς
1174 2287 1272 2352 quihus
1289 2291 1382 2341 verbis
1400 2293 1424 2339 et

339 2365 389 2426 dit,
417 2363 566 2414 incedimus
591 2375 641 2425 per
663 2360 779 2425 plateam
802 2361 863 2410 ente
902 2374 956 2424 quo
973 2361 1026 2412 666
1043 2360 1110 2412 alter
1130 2361 1238 2414 elterius
1254 2366 1423 2428 praeconium

337 2436 468 2502 templum
479 2435 605 2501 Apollinis
617 2435 734 2496 Palatini,
748 2437 789 2485 cui
802 2447 865 2485 con·
902 2435 1005 2485 ieciet.»
1025 2463 1052 2474 -
1073 2437 1209 2488 caedimur
1225 2438 1289 2499 cet]
1316 2442 1423 2490 Prover-

339 2516 409 2578 tigue
428 2517 469 2564 664
485 2509 646 2562 bibliothece
662 2508 768 2574 publice
787 2510 861 2574 4666.
901 2508 976 2560 bium
994 2511 1066 2575 apud
1083 2510 1170 2562 schol.
1189 2513 1296 2563 4646446.
1311 2515 1422 2564 Fromm.

338 2589 363 2650 4,
377 2589 401 2650 4,
414 2588 493 2650 tid),
507 2585 676 2636 asservandis
685 2585 792 2649 optimis
803 2584 864 2648 qui·
900 2597 961 2648 666.
983 2584 1045 2634 4966
1071 2580 1124 2636 τὸν
1145 2582 1252 2650 semea
1274 2580 1422 2652 ἀντιξύειν.

338 2663 444 2726 busque
463 2661 568 2725 66646446
584 2661 681 2711 6644646
698 2659 732 2710 eb
745 2661 863 2723 Augusto
902 2658 991 2708 «Adeo
1007 2662 1142 2711 certamus
1153 2661 1179 2711 in
1192 2663 1292 2714 mutuis
1304 2661 1423 2713 laudibus

339 2738 479 2790 destinate.
509 2737 538 2786 46
551 2735 619 2784 hanc
631 2735 709 2798 igitur
721 2747 769 2784 666
781 2733 862 2784 embo
900 2733 1081 2798 proferendis,
1100 2737 1130 2786 ut
1143 2737 1228 2788 totum
1240 2739 1379 2788 sedamen
1390 2739 1424 2790 64-

339 2811 450 2875 cupidos
466 2807 558 2860 666466
570 2809 735 2870 coniicimns,
755 2820 865 2872 speren-
901 2806 963 2859 mile
980 2811 1015 2860 sit
1030 2809 1205 2874 gladiatorum
1222 2824 1329 2875 pugnae
1348 2815 1373 2864 46
1390 2813 1424 2862 64-

339 2891 380 2937 466
392 2897 453 2936 mox
465 2884 531 2945 lore,
544 2885 573 2933 ut
587 2885 677 2933 nostre
689 2895 797 2946 quoque
806 2895 864 2932 cer-
901 2883 961 2933 vitis
979 2882 1089 2935 64466466
1107 2883 1201 2949 epulis.
1231 2887 1286 2949 Ego
1304 2889 1332 2937 et
1343 2899 1423 2937 novus

339 2959 411 3010 mine
428 2961 454 3009 in
472 2970 533 3010 eam
544 2958 732 3021 recipientur.»
750 2957 805 3007 4466
818 2969 864 3006 66-
901 2955 943 3006 466
954 2955 1424 3012 CallimachussnmusvelutSemui·

339 3037 393 3084 tem
419 3045 468 3097 per
492 3029 584 3095 procul
608 3031 747 3095 adspicere
771 3029 863 3082 Florus
900 3032 965 3081 tium
984 3043 1046 3095 per;
1065 3031 1159 3084 466666
1176 3032 1276 3085 similes
1292 3037 1424 3086 suntcre-

339 3105 445 3158 iubetur
457 3105 498 3156 vel
510 3105 599 3168 potius
611 3105 724 3168 fingitur.
742 3133 769 3142 -
784 3119 864 3168 6666-
900 3105 956 3156 bris
970 3104 1019 3156 illis
1036 3105 1133 3170 plagis,
1151 3119 1219 3170 quas
1231 3111 1346 3173 uterque
1357 3109 1424 3160 eooi-

338 3186 363 3232 to
383 3179 517 3243 molimine]
536 3181 602 3230 «6444
621 3179 729 3230 oculeo
747 3181 864 3230 Umstrto·
900 3182 953 3245 644,
972 3184 1084 3245 uterque
1100 3182 1202 3245 reddit,
1220 3186 1302 3248 atque
1314 3186 1349 3236 446
1361 3183 1448 3252 6446-ἱ

338 3257 394 3318 deo,
406 3255 566 3306 manenter
576 3255 732 3318 Wicttiplsett
743 3255 861 3316 Schmid,
900 3269 975 3318 rum,
994 3259 1071 3320 quasi
1088 3257 1272 3309 adversarium
1292 3259 1319 3310 io
1338 3271 1422 3324 pugna

337 3331 386 3382 wic
400 3329 579 3380 orostoodnroll
595 3331 725 3382 Passow.»
754 3330 810 3380 Vox
822 3331 864 3380 est
900 3331 1001 3382 ludicre
1014 3333 1149 3394 66666664,
1167 3331 1194 3382 46
1207 3335 1261 3395 664,
1276 3333 1422 3399 defetigat·

338 3404 394 3456 4666
419 3403 541 3468 poetice,
574 3415 686 3453 numero
711 3405 778 3468 sing.
800 3416 863 3455 6666
902 3406 1046 3469 Quousque
1063 3406 1115 3455 hoc
1132 3404 1265 3458 ludicrum
1280 3408 1424 3473 degenere·

338 3481 441 3532 tentum
458 3477 538 3528 oblat.
558 3477 647 3529 adhuc
664 3481 786 3543 repertu,
807 3483 863 3530 tum
902 3480 983 3541 verit,
1011 3479 1108 3530 indicet
1128 3479 1205 3532 Silius
1223 3483 1269 3542 44,
1288 3485 1333 3534 nt:
1362 3484 1423 3546 0644

338 3553 406 3620 6466.
424 3553 562 3603 6664464466.
594 3577 621 3588 -
651 3554 864 3616 cimmo-Specte-
900 3553 977 3604 etiam
993 3555 1138 3605 6664466666
1153 3557 1216 3606 otiis
1225 3559 1423 3609 6666464666644

337 3630 401 3691 mos]
420 3629 489 3680 «Una
506 3640 568 3691 6666
584 3629 709 3679 orationis
722 3630 763 3679 est
779 3629 863 3680 646466
901 3629 957 3679 6466
972 3629 1032 3679 olim
1048 3633 1071 3679 64
1083 3629 1187 3680 miscere
1197 3631 1277 3693 666446
1285 3632 1424 3696 permenio

338 3705 365 3754 in
382 3703 450 3753 duos
466 3715 562 3752 versos
580 3700 669 3754 Lucilii
687 3715 763 3752 mors
780 3705 808 3752 64
818 3715 865 3752 en·
902 3704 962 3753 diro
978 3705 1217 3768 cermotumlmoe
1235 3713 1424 3770 mepeatsaper

339 3779 438 3841 liquo.»
457 3778 581 3826 Pomaria.
609 3775 684 3840 (Nulli
701 3777 754 3826 iem
772 3789 866 3840 66666
901 3779 958 3841 4666
973 3779 1105 3829 rodarum
1120 3779 1224 3841 Poculu,
1242 3781 1363 3843 respersis
1378 3793 1423 3830 666

339 3855 402 3906 6664
413 3852 491 3902 huius
500 3852 606 3914 generis
614 3863 709 3902 versus
720 3849 864 3914 Lucilioni.)
898 3865 981 3914 parco
996 3854 1119 3917 66664666
1133 3855 1232 3904 mensis
1248 3879 1276 3892 —
1294 3856 1372 3906 46646
1387 3881 1423 3892 --

341 3926 489 3986 Cl.Sat.l,
507 3927 536 3988 6,
557 3926 639 3980 66·-
657 3925 774 3989 vacuom]
794 3925 865 3976 niem
903 3925 1423 3993 6664461444.666.4,6,7.-866664466]

340 4003 477 4067 petentem
499 4003 527 4051 et
548 4013 595 4052 eos
613 4000 689 4064 quasi
706 4002 866 4064 exspecten·
904 4003 1032 4064 6464669,
1050 4001 1097 4054 io:
1124 4001 1247 4065 4364666444
1263 4005 1296 4055 od
1311 4005 1425 4069 66666446

342 4079 423 4126 tem.»
445 4101 472 4111 -
499 4073 599 4138 cadero]
625 4075 709 4138 Supra
735 4076 863 4138 exposui:
903 4081 927 4126 64
942 4075 999 4126 odto
1013 4076 1165 4127 8664644666
1181 4077 1344 4142 amtorem,
1363 4078 1425 4143 6664

341 4149 383 4201 6444
401 4151 489 4200 minus
506 4151 594 4210 66646,
621 4150 651 4199 64
670 4149 733 4200 mihi
750 4148 864 4210 videtur,
902 4151 1070 4212 epoctocrdum
1085 4153 1325 4216 interspalnserot,
1344 4167 1425 4204 soor·

342 4224 475 4288 accipiunt
499 4223 533 4274 de
558 4225 625 4275 6666
645 4224 794 4286 Musarum,
820 4224 865 4274 uhi
903 4229 967 4274 6646
983 4229 1045 4289 (666
1057 4226 1424 4278 Semnilesdevictieltome-

342 4300 437 4364 666466
464 4300 597 4349 certantes
621 4299 690 4350 inter
713 4311 743 4348 66
769 4299 867 4350 cermi-
904 4300 944 4350 646
967 4301 1044 4349 erent
1065 4299 1117 4362 usi)
1143 4307 1279 4352 6466646464
1297 4301 1424 4352 semet-
