3082 4968
308 447 370 514 tito
688 445 1016 514 nonanuslnnlauu

345 607 408 688 Qui
430 605 521 672 locus
544 625 563 670 a
586 603 656 670 lorti
679 602 837 671 Diomede
861 612 911 670 est
931 601 1079 669 conditus
1101 599 1188 666 olim.

347 727 511 818 Flentibus
534 725 607 794 hinc
629 725 743 794 Varius
765 724 905 792 discedit
925 733 1068 791 maestus
1091 722 1213 789 amicis.

347 849 425 916 lude
447 848 556 917 Rubos
578 848 654 915 lessi
678 848 900 936 pervenimus,
924 855 1036 934 utpote
1058 844 1189 933 longum

347 973 524 1059 carpentes
548 971 609 1037 iter
629 979 663 1038 et
683 970 801 1037 factum
823 969 1007 1056 corruptius
1030 967 1134 1033 imbri.
1352 968 1393 1030 95

343 1096 479 1161 Postera
500 1089 827 1180 tempestas-melior,
853 1090 904 1157 via
925 1090 1019 1177 peior
1040 1088 1082 1155 ad
1104 1110 1209 1177 usque

367 1274 408 1322 92.
424 1272 479 1336 Qui]
491 1272 538 1321 Hie
549 1282 572 1320 c.
588 1270 672 1334 (Hunc
684 1283 709 1320 v.
723 1268 833 1320 seclusit
844 1266 996 1332 Beothius.)
1009 1297 1033 1304 -
1045 1269 1085 1318 93.
1100 1269 1157 1318 ltine
1169 1269 1357 1334 bScdp‚LCtF:

333 1349 372 1398 bic
389 1361 404 1398 e
424 1346 509 1398 Codd.
528 1343 628 1407 aliquot
653 1345 692 1408 (κ,
720 1344 825 1396 duobus
851 1342 909 1395 aliis
934 1345 1003 1406 suls,
1031 1343 1137 1395 duobus
1160 1346 1316 1396 Bersmauni
1334 1348 1362 1396 st

334 1418 544 1561 (Τῐιῖιέιὲιὲἶρῗθι)
574 1417 709 1469 Bentleius
736 1421 763 1470 st
788 1420 821 1471 lli.
851 1445 877 1456 -
906 1419 987 1469 Veros
1012 1431 1080 1469 corr.
1108 1419 1134 1470 d.
1160 1445 1188 1456 —
1214 1421 1362 1471 dtmesrtts

301 1650 392 1698 autem
410 1647 445 1696 ad
470 1645 616 1696 Canusium
638 1645 826 1709 pervenirent,
863 1645 921 1695 ltine
938 1643 1040 1696 iacilius
1061 1645 1100 1694 ltic
1121 1644 1220 1695 iactum
1239 1655 1300 1695 esse
1316 1643 1394 1694 vide·

300 1721 372 1788 apud
389 1721 558 1772 mansionem
581 1718 662 1769 hodie
680 1719 825 1782 ameneio,
865 1721 908 1769 tur
924 1732 1006 1782 quam
1025 1721 1125 1770 contra.
1161 1719 1203 1768 Sic
1222 1717 1306 1768 Plaut.
1326 1719 1392 1769 Cist.

301 1799 345 1848 cui
369 1797 426 1848 ltin.
456 1793 586 1846 Hierosol.
613 1793 706 1844 tribuit
729 1806 827 1845 nomen
865 1794 928 1854 bi,
942 1793 985 1844 ts:
1004 1793 1133 1858 tinellam
1150 1793 1220 1843 obiit
1237 1817 1264 1829 -
1284 1793 1392 1843 Canusii

299 1873 338 1924 Ad
356 1872 516 1925 cadomum
534 1870 689 1934 (miliarium
706 1883 721 1920 a
739 1871 829 1920 Canu·
864 1871 956 1918 autem
977 1869 1130 1929 Horatium,
1159 1868 1208 1918 atsi
1234 1859 1392 1937 διαῤῥήθην

302 1947 360 2009 sio),
378 1947 500 1997 Horatius
518 1947 545 1996 et
561 1947 673 1996 comites
690 1957 784 1996 rursus
801 1947 827 1996 iu
865 1956 918 1993 non
940 1941 1016 2002 dicit,
1043 1943 1218 2006 pernoctasse
1239 1941 1301 1992 ideo
1325 1955 1391 1993 eon·

300 2022 371 2071 viam
379 2021 491 2084 Appiam
503 2019 616 2082 ingressi
627 2023 696 2071 sunt.
707 2047 735 2056 -
746 2034 829 2082 epuns
865 2019 1024 2068 senteneum
1042 2018 1091 2077 ast,
1111 2016 1184 2080 quod
1196 2029 1211 2066 a
1222 2016 1318 2076 Rubis,
1339 2017 1391 2067 bo-

301 2095 363 2159 eot]
386 2096 534 2146 Construa:
565 2095 608 2157 qut
636 2095 704 2144 locate
727 2095 829 2158 (Canu
866 2092 909 2142 die
935 2093 1019 2154 Ruoo,
1047 2091 1164 2142 distabat
1188 2092 1221 2143 ll.
1248 2093 1276 2141 P.
1301 2091 1390 2142 xxiv,

302 2168 379 2234 siuml
397 2183 448 2219 noo
466 2168 536 2231 (una)
559 2173 628 2218 cred
652 2181 735 2231 oquae
754 2169 829 2220 detor
866 2167 1051 2231 (itimrtnlon.)
1069 2165 1200 2216 vellilili.
1221 2167 1287 2229 (ltin.
1301 2165 1393 2216 iliaru-

301 2247 391 2309 (quam
415 2241 573 2308 oppidulum
597 2257 623 2292 v.
649 2243 701 2304 87.)
728 2258 746 2294 a
769 2244 830 2307 forti
866 2240 935 2306 sol),
960 2241 988 2291 id
1005 2239 1077 2305 quod
1093 2239 1183 2290 verius
1201 2242 1250 2290 est.
1271 2239 1391 2303 (Walck.)

300 2319 420 2371 Diomede
448 2323 483 2368 est
515 2317 644 2376 cooditm3
679 2320 709 2368 ut
736 2321 826 2380 recte,
868 2343 895 2352 -
915 2315 1056 2380 Corpentcs]
1076 2315 1224 2375 «emensi»;
1252 2315 1313 2379 quia
1333 2315 1392 2365 viae

301 2392 430 2458 exemplis
454 2392 563 2454 additis,
590 2391 674 2442 verbo
697 2393 830 2444 ordinavit
866 2389 985 2454 singulae
1010 2392 1102 2454 partes
1119 2401 1172 2439 una
1197 2391 1258 2453 post
1281 2387 1394 2440 alteram

301 2470 355 2519 iani
366 2467 520 2519 Lambinus.
546 2466 641 2517 Strabo
653 2468 678 2528 6,
691 2467 715 2528 3,
730 2468 758 2517 9:
777 2467 831 2519 Λέ-
865 2464 980 2528 pedibus
997 2461 1079 2513 veluti
1096 2467 1249 2525 comantes,
1275 2463 1304 2512 ut
1321 2463 1351 2512 iit
1368 2464 1394 2513 in

301 2557 403 2610 γονται
418 2540 442 2592 δ’
455 2537 620 2613 ἀμφότεραι
633 2538 674 2606 (τό
686 2556 716 2591 ra
734 2540 829 2595 Κανύ-
866 2539 926 2590 lona
944 2541 972 2589 et
987 2537 1042 2589 lino
1059 2537 1157 2588 nendo.
1189 2537 1228 2588 Ci.
1242 2535 1291 2588 Od.
1304 2537 1330 2598 2,
1350 2538 1392 2598 47,

302 2617 428 2668 σιονκαὶ
442 2611 696 2689 ἡἎργυριππαη
710 2612 829 2691 νῦνἎρ-
867 2615 908 2665 ta.
943 2613 1009 2664 Inde
1030 2613 1121 2662 autam
1142 2625 1158 2662 a
1182 2611 1297 2662 Canusio
1319 2615 1393 2662 certe

304 2692 363 2754 ποι]
382 2687 549 2757 Διομήδους
559 2692 705 2757 catepano
716 2690 786 2754 sti..
800 2697 830 2744 ut
867 2702 917 2753 per
932 2689 1004 2738 viam
1021 2687 1159 2750 Egnatium
1176 2687 1228 2735 iter
1247 2683 1393 2738 habebant.

303 2766 828 2830 etiamEquustutious.SerV.adlenit,
899 2761 988 2812 tto-99.
1015 2763 1050 2811 od
1070 2759 1156 2824 tuque]
1179 2760 1218 2811 Cl.
1237 2759 1273 2810 ad
1290 2760 1343 2810 Sal.
1364 2762 1394 2822 l,

304 2843 328 2894 9.
345 2843 475 2907 —epooel
495 2842 829 2905 questiamhodieceret
868 2839 895 2899 l,
920 2837 960 2886 97.
995 2837 1038 2886 Sic
1061 2836 1142 2886 etiam
1165 2836 1229 2885 Stat.
1254 2833 1339 2887 meh.
1362 2836 1392 2896 l,

305 2916 426 2981 (Walcli.)
438 2941 466 2953 -
481 2917 683 2980 Qullocttscetl
697 2916 830 2967 Bentleius
870 2913 926 2962 ⁴85.
948 2935 975 2947 -
994 2911 1057 2961 Bari
1069 2910 1192 2975 -piscost'l
1210 2910 1331 2971 Barium,
1349 2909 1397 2960 bo-

304 2993 356 3042 boc
372 3004 454 3042 versu
470 2991 528 3042 sins
539 2989 592 3042 ulla
610 2992 678 3043 iusta
690 3003 770 3042 causa
782 2991 832 3042 de·
868 2987 910 3038 die
927 2987 1005 3048 Bari,
1025 2985 1153 3050 oppidum
1163 2984 1273 3049 Apuliae
1291 2986 1396 3036 Peuce-

303 3065 358 3117 lato
383 3066 421 3116 sic
445 3065 628 3117 construebat:
658 3079 742 3130 oquae
763 3079 832 3116 urna
868 3063 936 3122 tiae,
955 3061 989 3112 ad
1006 3073 1081 3111 mare
1099 3061 1193 3120 situm,
1220 3058 1336 3110 altubis
1353 3059 1396 3109 dl·

306 3141 441 3205 (nominat.
468 3154 517 3205 pro
544 3141 661 3207 scopia»)
684 3141 833 3192 conditior
868 3136 957 3188 stabat
967 3135 1043 3187 lilill.
1057 3135 1091 3186 il.
1101 3139 1130 3186 P.
1149 3135 1307 3185 Etiamnunc
1319 3134 1397 3185 buius

305 3215 431 3282 (uberior)
450 3218 492 3266 est
509 3217 616 3268 Canusii
640 3230 721 3281 quam
739 3217 765 3266 in
782 3228 833 3280 op-
869 3211 961 3276 oppidi
983 3207 1086 3260 incolae
1108 3207 1229 3274 plerique
1248 3209 1397 3272 piscatores

303 3289 421 3356 pidulo.»
457 3289 505 3340 ilie
531 3303 638 3354 quoque
663 3302 758 3341 versus
782 3301 833 3354 pa·
869 3287 940 3337 sunt.
966 3282 1087 3348 (Waleli.)
1108 3311 1134 3320 -
1161 3282 1225 3348 dein]
1244 3284 1283 3334 De
1303 3281 1398 3332 conm-

304 3365 397 3414 rodiaa
425 3363 560 3413 Ennianae
593 3363 676 3414 babet
704 3362 830 3412 colorem.
869 3361 944 3411 sione
967 3360 1046 3410 huius
1065 3372 1091 3409 v.
1115 3371 1178 3409 cum
1201 3371 1227 3407 v.
1246 3358 1333 3408 debinc
1355 3357 1397 3406 in-

306 3436 392 3488 Faoile
418 3439 510 3486 autem
536 3436 643 3486 Canusii
668 3437 833 3486 mentionem
869 3435 942 3498 spice
968 3432 1045 3483 Hand
1070 3432 1146 3483 Tura.
1173 3433 1204 3481 ll.
1229 3443 1257 3495 p.
1281 3431 1340 3482 23⁴.
1367 3455 1395 3468 ·-

305 3511 395 3562 iacere
406 3509 493 3574 potuit
504 3509 616 3570 Ennius,
632 3511 759 3573 quoniam
772 3507 833 3560 illuc
870 3507 973 3572 Θηαιίσ]
992 3507 1078 3557 iorma
1094 3504 1230 3571 popularis
1247 3519 1297 3570 pro
1308 3507 1398 3570 Epao-

306 3588 367 3653 post
390 3582 495 3636 cladem
518 3583 688 3634 Cannensem
709 3584 834 3649 fugerunt
869 3583 919 3644 tto,
946 3595 962 3632 a
985 3582 1063 3632 Bario
1090 3580 1191 3632 distans
1216 3579 1338 3631 xxxvii.
1361 3581 1395 3632 ll.

306 3660 426 3713 Romani.
441 3659 495 3708 Liv.
507 3658 554 3719 22,
566 3657 599 3707 tto
611 3660 639 3707 et
649 3658 689 3708 te.
705 3687 733 3696 -
746 3659 835 3722 oforti
870 3659 910 3720 Ρ.,
927 3656 1008 3707 hodie
1025 3655 1165 3718 umcpoo,
1193 3655 1224 3703 ut
1240 3655 1277 3705 ait
1299 3656 1398 3706 Roma-

306 3732 434 3798 blancos]
462 3733 492 3784 ln
516 3729 735 3784 ΚΑΝΤΣΙΝΩΝ
754 3746 834 3784 num·
871 3729 978 3793 nellius,
1004 3731 1035 3780 ut
1058 3728 1248 3792 Walolionaer,
1278 3729 1354 3781 Tem
1372 3731 1396 3780 cl'

307 3809 359 3860 mis
375 3807 511 3859 Diomedis
529 3807 630 3871 efligies
644 3819 771 3872 expressa
783 3809 831 3858 est.
869 3808 981 3857 Asuero.
1004 3804 1159 3857 Secundum
1174 3803 1240 3854 alios
1257 3803 1337 3856 hodie
1349 3816 1399 3870 ap-

307 3881 440 3945 liillingen
466 3881 666 3944 Nomismatipao
690 3882 721 3933 clo
748 3882 835 3932 l'oott-
870 3879 983 3946 pellatur
993 3881 1102 3932 Feretro.
1124 3879 1396 3930 Vidliullareblv.

308 3970 356 4021 pue
378 3958 452 4008 ltalia
474 3971 501 4023 p,
521 3958 578 4008 tei.
603 3984 631 3993 —
653 3956 779 4022 conditus]
806 3958 835 4007 ut
870 3970 897 4022 p,
919 3956 961 4008 87.
996 3957 1124 4007 Ceterum
1146 3952 1265 4006 essm
1287 3955 1399 4004 vooetnr

308 4031 403 4083 Graeci
414 4033 517 4096 κτίζειν
528 4027 639 4103 χώραν,
657 4028 762 4096 νῆσον,
777 4033 836 4082 usl-
871 4033 952 4083 etlam
970 4033 996 4082 in
1013 4033 1111 4084 lusorr.
1135 4029 1173 4080 ibi
1199 4029 1314 4081 effossis.
1343 4027 1397 4080 Cir.

308 4119 380 4171 στης
399 4102 504 4156 τόκων.
531 4134 558 4143 -
576 4105 642 4171 binc]
664 4118 679 4155 a
703 4105 833 4168 Canusio,
870 4105 1066 4157 Avellinollull.
1079 4105 1187 4156 orebsol.
1211 4101 1397 4155 ossensele.

309 4194 379 4243 non,
406 4185 437 4231 ut
452 4181 496 4231 alii
512 4177 617 4242 volunt,
647 4179 682 4230 ab
708 4179 834 4244 oppidulo
870 4181 942 4230 inter
966 4179 1017 4232 elia
1041 4183 1166 4248 repertus
1192 4181 1234 4232 est
1257 4179 1295 4230 ibi
1313 4177 1400 4229 eadu-

308 4247 431 4327 ἀμέτρῳ.
458 4254 570 4319 optimis
582 4253 747 4306 meisCodd.
762 4254 836 4318 equi-
871 4267 936 4306 cens
971 4267 1033 4306 cum
1072 4257 1155 4309 inser.
1186 4251 1397 4315 ΙΝΑΘΙΝΩΝ,

309 4329 372 4382 dem
388 4329 589 4394 obtemperavi,
615 4330 697 4382 etiam
715 4329 778 4394 quia
802 4341 835 4380 ex
871 4328 943 4381 unda
955 4328 1003 4381 luit
1014 4330 1061 4395 qul
1071 4329 1247 4384 contenderet
1262 4330 1290 4380 b.
1303 4327 1321 4380 l.
1334 4327 1400 4380 serl-
