3090 4974
303 461 364 526 668
660 457 787 508 uoarrn
805 457 1024 508 errsronlauu

306 594 314 606 ⁸
345 621 459 684 Posset
479 616 534 704 qui
558 633 672 701 rupem
695 624 728 679 et
748 623 880 700 puteum
903 613 1003 678 vitare
1025 619 1196 698 patentem.

345 739 404 806 llic
426 737 481 804 ubi
503 745 711 824 cognatorum
734 735 850 822 opibus
873 735 1026 820 curisque
1047 733 1187 801 relectus

344 858 471 948 Expulit
491 856 657 926 helleboro
681 856 828 923 morbum
850 854 1013 942 bilemque
1036 875 1166 922 meraco

345 983 383 1049 Et
404 981 487 1048 redit
509 980 550 1048 ad
572 1001 663 1046 sese:
688 977 744 1046 Pol
768 997 820 1044 me
842 942 1020 1054 occidistis,
1044 976 1152 1052 amici,

344 1106 413 1170 Non
435 1101 603 1179 servastis,
626 1101 684 1178 ait,
708 1099 760 1166 cui
783 1099 830 1165 sic
852 1107 976 1164 extorta
997 1095 1144 1185 voluptas

343 1225 381 1290 Et
402 1223 552 1310 demptus
574 1242 633 1308 per
656 1222 719 1286 vim
742 1219 857 1286 mentis
879 1219 1080 1306 gratissimus
1102 1239 1203 1286 error.
1325 1219 1384 1285 tto

343 1345 498 1412 Nimirum
519 1364 636 1430 sapere
658 1353 708 1408 est
729 1340 862 1409 abiectis
887 1340 963 1409 utile
985 1343 1079 1430 nugis

344 1467 382 1532 Et
402 1465 627 1553 tempestivum
653 1464 764 1551 pueris
785 1462 968 1530 concedere
989 1461 1117 1543 ludum,

344 1591 389 1655 Ac
412 1608 475 1652 non
497 1585 597 1652 verba
619 1584 712 1672 sequi
734 1583 853 1651 fidibus
875 1582 1070 1650 modulanda
1090 1585 1224 1663 Latinis,

345 1709 410 1776 Sed
432 1727 529 1774 verae
552 1725 770 1794 numerosque
792 1705 973 1794 modosque
996 1705 1144 1774 ediscere
1167 1707 1260 1776 vitae.

370 1869 425 1920 000.
445 1869 494 1918 Sed
516 1869 584 1919 eilue
608 1881 773 1928 noceretque
796 1867 930 1930 modosque
955 1869 1062 1918 ediscere
1084 1881 1159 1918 uerae
1180 1869 1265 1920 Codd.
1285 1872 1356 1936 apud

336 1947 407 1994 Cori.
421 1942 455 1994 ad
473 1945 571 1993 Lucan.
584 1941 608 2004 0,
622 1941 679 1993 306.
701 1969 728 1978 -
748 1943 804 1992 lus.
824 1943 950 1995 domnini
961 1955 1030 1993 unus
1041 1943 1210 2004 Bersmanni‚
1230 1945 1357 1996 donorum

336 2032 404 2069 unua
422 2032 453 2068 ex
470 2017 586 2082 collegio
603 2017 735 2068 Trinitatis
752 2019 780 2067 et
796 2017 864 2068 Fene
879 2014 992 2080 aliquot,
1010 2018 1129 2068 (3000νί00
1140 2018 1274 2070 Bentleius
1287 2021 1354 2071 coni.

303 2160 376 2210 bant.
404 2159 450 2208 Est
461 2159 550 2220 igitur:
571 2158 633 2220 «qui
645 2156 763 2207 furenter
774 2169 827 2206 non
898 2154 1029 2230 titgeri.
1054 2157 1181 2208 Nimirum
1197 2159 1261 2224 cet]
1278 2161 1385 2212 Narrate

302 2234 464 2284 irasceretur
481 2233 509 2282 ut
525 2229 661 2295 plerique,
680 2243 743 2282 cum
754 2229 828 2293 lage·
864 2229 916 2279 hac
926 2230 1049 2294 historia,
1062 2245 1132 2296 quae
1143 2231 1267 2297 exemplo
1278 2232 1387 2286 illustrat

303 2321 364 2358 nam
383 2303 532 2372 (λάγηνος,
556 2301 693 2372 λάγυνος,
717 2305 826 2367 Lepet,
865 2305 1025 2357 sententiam
1041 2319 1067 2357 v.
1082 2305 1154 2370 tte,
1178 2305 1301 2360 ultimam
1318 2309 1387 2360 addit

302 2379 407 2446 Lepet)
424 2394 440 2430 a
457 2393 487 2432 ee
504 2379 671 2442 obsignatam
683 2382 829 2442 comperis-
865 2379 1005 2440 rationem,
1019 2393 1067 2430 eur
1074 2379 1206 2445 relinquat
1213 2385 1308 2446 poesin
1318 2387 1386 2434 certe

303 2458 345 2508 set
374 2469 389 2504 a
415 2453 520 2506 servulo
546 2465 606 2504 esse
634 2455 827 2516 resignatum.»
865 2451 989 2515 lyricum
1009 2452 1154 2519 «reliquam
1171 2458 1243 2507 enim
1254 2459 1387 2509 vilamau-

304 2530 426 2581 iderunt
450 2526 559 2579 Martiel.
583 2527 612 2590 3,
634 2527 681 2588 83,
701 2527 729 2576 7:
755 2527 829 2577 Nune
865 2528 979 2591 pientiae
996 2530 1090 2580 studiis
1104 2528 1347 2583 essedicandam.»
1360 2559 1384 2568 -

302 2604 386 2668 eipnot
408 2615 477 2652 meua
502 2602 612 2652 aendor
634 2601 753 2666 bennam
776 2601 827 2664 (sio
864 2602 963 2666 sapere]
995 2602 1047 2652 «ad
1074 2605 1220 2667 sapientiae
1245 2608 1386 2671 praecepta

303 2677 487 2734 Schneideul.
509 2705 536 2714 -
560 2691 649 2739 nepem
673 2681 697 2727 el
713 2677 827 2743 pweum]
865 2676 946 2725 vitum
972 2688 1149 2741 componere,
1183 2681 1290 2730 omissis
1316 2682 1386 2732 vanis

303 2752 343 2804 Gi.
356 2753 409 2802 Set.
420 2753 445 2813 l,
456 2751 481 2813 3,
491 2753 532 2802 es.
545 2753 574 2802 A.
586 2754 613 2802 P.
626 2749 682 2802 030.
696 2775 723 2786 -
737 2765 829 2815 copric-
865 2749 1082 2812 oblectamentis,
1101 2754 1181 2802 etium
1193 2754 1287 2806 studiis
1304 2755 1386 2820 poeti-

303 2825 670 2891 lorum1Epp.t‚t‚tdt.-
689 2825 828 2888 epitueJin
866 2825 931 2876 cis.»
950 2827 1077 2890 -nopisJ
1101 2826 1140 2876 Cl.
1163 2827 1229 2891 Epp.
1249 2830 1276 2890 0,
1299 2829 1384 2892 4,00;

303 2913 383 2967 prose
400 2902 519 2952 oratione
539 2913 619 2964 «ope,
644 2897 776 2960 aurilio‚»
800 2902 830 2949 ut
866 2901 938 2950 Nunc
959 2901 1045 2962 itaque
1064 2905 1086 2951 et
1107 2915 1194 2952 cerm
1209 2907 1233 2952 el
1248 2907 1334 2956 cetere
1348 2904 1387 2954 iu-

305 2977 370 3040 Epp.
385 2975 409 3035 0,
424 2976 464 3036 to,
477 2975 517 3024 30.
534 3001 562 3010 -
579 2975 686 3036 Expulit
703 2973 765 3038 cet]
785 2975 829 3023 Ti·
866 2975 938 3024 dere
950 2989 1027 3036 peno.
1043 3003 1070 3012 -
1090 2978 1384 3044 imperitorumque

303 3049 412 3112 bulbi,
430 3049 459 3109 0,
479 3051 506 3099 t:
535 3050 589 3098 Huc
611 3051 670 3100 ades
691 3054 830 3099 elienorae
866 3049 976 3112 Eppl.
996 3048 1101 3110 tt‚36:
1127 3051 1285 3102 Noolusisse
1299 3055 1385 3116 paldo,

302 3125 402 3175 ntorboe
417 3125 513 3186 erpelle
525 3125 633 3186 mellae.
653 3151 681 3160 -
699 3123 828 3184 helleboro]
865 3125 907 3174 sed
928 3139 979 3173 non
993 3125 1103 3176 incidere
1121 3126 1216 3176 ludum.
1248 3127 1386 3179 «nativum

304 3197 380 3251 solito
405 3199 535 3250 adversus
557 3198 687 3249 inueniam
709 3197 829 3248 medica·
863 3199 949 3260 pueris
970 3198 1042 3249 reier
1063 3201 1091 3249 et
1117 3199 1150 3249 nd
1172 3201 1342 3264 lenepeslivmn
1362 3204 1387 3252 et

305 3275 406 3325 mento.
434 3273 580 3334 elsam,
600 3273 724 3334 3,83.-
743 3272 830 3322 litern-
866 3273 900 3324 ed
917 3274 1056 3324 concedere.
1076 3275 1114 3324 ci.
1134 3275 1188 3325 Cic.
1207 3277 1328 3339 Tusci,
1346 3276 1384 3336 il,

304 3349 359 3412 que]
385 3345 524 3412 μέλαιναν
548 3344 655 3412 χολήν,
685 3359 754 3411 quae
779 3359 829 3411 pro
867 3347 923 3398 409,
950 3347 1024 3398 Ovid.
1043 3349 1104 3398 liet.
1122 3351 1151 3410 u,
1167 3349 1243 3400 500.»
1270 3352 1384 3400 onnam.

304 3421 392 3472 morbi
410 3434 491 3472 causa
509 3421 668 3472 habebatur.
696 3423 830 3484 Fertque
868 3449 895 3460 -
914 3421 1028 3486 Aenon]
1052 3422 1127 3472 Hand
1147 3423 1223 3474 iure.
1242 3425 1261 3474 1.
1280 3437 1307 3488 p.
1325 3423 1384 3476 tia:

304 3497 360 3556 iric,
381 3499 410 3547 ut
421 3509 511 3560 saepe,
525 3493 694 3562 ἐπεξηγήσει
708 3497 826 3548 inservit.
866 3497 930 3548 «Ubi
947 3496 1025 3546 alicui
1042 3497 1141 3548 notioni
1157 3496 1207 3548 alia
1224 3511 1294 3563 quae
1312 3511 1388 3563 nege·

307 3599 333 3608 -
351 3571 462 3634 mucce]
490 3584 576 3634 «puro
600 3574 627 3621 et
650 3569 720 3622 nulle
741 3570 829 3622 sorbi—
866 3575 909 3622 tur
931 3571 1091 3621 delinitionis
1114 3585 1195 3624 eausa
1221 3572 1386 3636 adiungenda

304 3647 374 3696 done
392 3645 487 3706 diluto,
515 3659 568 3709 quo
585 3647 625 3696 vie
647 3647 704 3697 eius
721 3647 755 3696 sit
770 3645 830 3695 eiti-
866 3646 982 3710 ideoque
1010 3645 1037 3696 in
1064 3659 1152 3710 aequo
1179 3647 1305 3710 ponenda
1333 3648 1384 3701 est.

305 3721 418 3770 cacione
438 3722 511 3771 Pers.
525 3719 550 3781 0,
564 3720 610 3769 to:
628 3719 763 3782 dolituros
776 3733 829 3770 me-
866 3733 927 3772 eam
945 3721 1027 3770 Latini
1044 3732 1097 3771 non
1114 3733 1163 3786 per
1179 3733 1225 3770 nec
1238 3721 1287 3773 sed
1298 3733 1386 3786 perae

304 3796 353 3845 lior
371 3796 471 3846 sorbere
491 3807 615 3846 euroeae.
650 3796 781 3845 Lucienus
798 3793 830 3844 ἐν
865 3796 1119 3856 oontumnectuut‚
1138 3795 1387 3846 cuminlerulram-

304 3869 403 3937 Πλοιῳ
415 3869 462 3921 ld:
482 3867 569 3920 τοῦτο
586 3869 636 3919 καὶ
648 3863 829 3939 ὁὲλλέβορος
866 3885 918 3936 que
936 3869 1078 3920 intercedit
1097 3869 1229 3934 oppositio
1249 3871 1337 3931 recta,
1361 3870 1386 3918 in

305 3941 405 4008 ἱκανὸς
429 3943 553 4011 ποιῆσαι
577 3941 690 4009 (παύειν
710 3958 746 3995 oa
766 3961 830 4010 μω·
866 3959 918 4009 qun
936 3944 1016 3994 etiam
1034 3941 1158 4007 copulam
1178 3945 1301 3994 omittere
1318 3943 1385 3994 licet.

304 4020 451 4091 φαίνοντα)
477 4017 633 4092 ζωρότερος
661 4019 769 4082 ποθείς.
799 4047 827 4056 -
866 4047 907 4060 --
924 4019 1016 4069 [libert
1032 4019 1076 4068 bic
1092 4017 1385 4076 usueaverbiseleou,

305 4095 433 4158 00000000]
461 4094 686 4146 «inimicissimum
703 4107 747 4146 me
765 4094 830 4145 red·
866 4095 928 4158 quie
949 4093 975 4142 in
996 4107 1027 4142 ec
1043 4107 1094 4142 een
1116 4094 1183 4144 inest
1200 4090 1307 4156 aliquod
1324 4103 1387 4142 con-

305 4169 443 4227 didistis3»
461 4171 624 4232 utoeeidere,
642 4183 746 4221 enecare
757 4169 828 4236 apud
865 4165 1059 4219 secutionisvel
1068 4164 1246 4218 conclusionis
1253 4165 1384 4217 indicium.

306 4243 437 4294 comicos.
450 4245 556 4295 Terent.
569 4246 675 4298 Phorm.
690 4244 718 4306 0,
735 4246 764 4308 3,
780 4246 826 4296 or:
865 4245 919 4294 Nos
937 4241 1051 4292 dicimus
1066 4243 1119 4291 uod
1134 4255 1162 4291 eo
1178 4241 1262 4302 oieb,
1281 4239 1333 4290 md
1347 4251 1387 4288 sa·

306 4317 381 4380 Gelu,
401 4317 510 4369 occidisti
525 4332 565 4370 me
581 4321 629 4370 loia
645 4319 761 4382 [diociis.
865 4317 1031 4368 minent.»
1050 4315 1089 4367 Cl.
1103 4317 1156 4368 Sat.
1168 4315 1194 4376 Ξ,
1208 4315 1232 4377 3,
1247 4315 1303 4366 ten.
1321 4313 1383 4377 Epp-
