3174 4974
626 461 685 512 hle.
704 461 723 512 1.
759 461 858 512 EPIST.
877 463 964 546 xviii.

295 619 370 691 4444,
395 616 421 681 si
445 635 509 682 non
532 615 613 692 odit,
637 617 719 703 regit
740 636 779 682 ac
800 615 897 682 veluti
921 619 975 705 pia
996 629 1098 686 mater

293 735 369 803 Plus
391 757 489 824 quem
511 757 548 802 se
570 757 686 824 sapere
708 747 741 804 et
760 737 931 805 virtutihus
953 759 1028 806 esse
1049 741 1190 828 priorem

292 858 373 934 volt,
398 867 430 924 44
452 857 496 926 ait
517 878 619 946 prope
634 879 728 925 vera:
752 859 842 927 Meae
856 897 899 910 -
913 860 1110 928 contendere
1131 861 1195 929 noli
1209 901 1252 912 -

293 979 463 1047 Stultitiam
484 979 648 1067 patiuntur
670 999 766 1068 opes;
789 979 846 1048 tibi
870 982 1003 1069 parvula
1025 1003 1079 1050 res
1099 994 1164 1052 est:

291 1104 367 1166 Arta
389 1100 484 1168 decet
504 1122 619 1168 sanum
641 1102 790 1168 comitem
812 1113 903 1190 toge;
926 1103 1040 1172 desine
1062 1126 1190 1174 mecum
1294 1107 1336 1173 344

293 1221 435 1288 Certare.
478 1221 684 1310 Eutrapelus,
709 1225 892 1311 cuicunque
914 1245 1034 1292 nocere
1056 1226 1199 1306 volebat,

291 1344 486 1412 Vestimenta
508 1343 605 1410 dabat
626 1345 783 1432 pretiosa:
813 1345 928 1412 beatus
951 1349 1036 1413 enim
1061 1349 1123 1414 iam

291 1465 372 1532 Cum
393 1465 536 1554 pulchris
557 1467 673 1533 tunicis
697 1476 803 1532 sumet
824 1488 908 1533 nova
932 1468 1066 1536 consilia
1088 1481 1119 1538 44
1141 1492 1234 1559 spes,

314 1598 354 1648 46.
376 1597 432 1662 Aut]
454 1599 488 1648 Ac
505 1599 532 1648 d.
553 1625 579 1634 -
599 1599 639 1648 28.
659 1600 713 1662 opit
729 1599 755 1649 S.
778 1627 804 1634 -
822 1600 901 1664 44444]
920 1601 981 1650 mili
997 1615 1038 1666 pr.
1058 1602 1075 1652 d
1094 1605 1121 1654 ei
1138 1617 1153 1654 a
1172 1605 1256 1655 Codd.
1270 1605 1298 1656 L.

283 1700 310 1708 -
329 1672 370 1722 30.
388 1673 452 1722 Atra
468 1674 497 1722 E.
513 1701 540 1710 -
559 1673 600 1723 33.
612 1675 729 1724 consilio:
752 1687 839 1736 enspes
856 1675 875 1722 C
895 1689 909 1724 e
928 1675 1033 1727 Codicis
1050 1679 1129 1729 Tons.
1142 1677 1203 1729 lect.
1216 1693 1299 1742 aupes.

245 1785 365 1847 portiano]
384 1797 469 1848 «qnae
493 1785 622 1848 pecuniae
645 1786 771 1850 cupidum
809 1787 872 1836 444444
888 1787 915 1835 in
931 1788 1029 1848 speculo
1046 1789 1167 1851 ponebat,
1192 1792 1235 1840 uhi
1251 1805 1277 1842 se
1292 1794 1335 1842 in-

248 1861 440 1923 conquiesoere
453 1873 589 1923 nunquam
601 1861 663 1912 sinit
674 1863 771 1910 eleum
809 1865 879 1909 tuens
895 1867 981 1924 loquor
997 1864 1098 1924 corpori
1119 1865 1154 1913 sic
1174 1865 1330 1928 applicabat,

248 1935 373 1986 continuo
391 1939 496 1984 venat.»
511 1961 537 1970 -
558 1935 639 1984 44444444
655 1935 722 1984 uitiis
734 1935 773 1982 in·
808 1939 993 1998 uteuposnon
1007 1936 1085 1998 forte,
1103 1939 1145 1988 ced
1159 1940 1334 1990 4444444444)-

247 2009 372 2072 structior]
392 2007 490 2058 «mullo
507 2009 651 2059 vitiosior.»
682 2010 772 2058 Decem
808 2013 879 2058 catos
895 2011 991 2073 ortissu
1012 2012 1092 2060 uolua
1112 2014 1290 2077 constringeret
1310 2021 1334 2065 et

247 2085 285 2134 sic
295 2083 459 2148 usurpabant
470 2085 496 2134 in
509 2097 633 2134 sermone
643 2083 773 2147 quotidia-
807 2085 876 2133 444444
896 2097 929 2134 ec
951 2088 1084 2148 composito
1107 2089 1215 2152 detinens
1239 2093 1334 2142 uocum

247 2173 290 2210 no.
309 2159 530 2218 Piaul.h1erc.2‚
549 2159 578 2218 3,
598 2159 624 2208 44
638 2174 643 2208 z
661 2159 701 2208 Ilo
712 2160 771 2208 oni-
807 2158 893 2208 icteris
908 2158 1022 2210 ambiret.
1035 2185 1062 2197 -
1074 2163 1196 2228 comiteur]
1211 2177 1265 2215 non
1277 2167 1331 2215 iam

185 2293 191 2306 ι
245 2235 282 2282 mi
298 2235 380 2284 44444444
396 2235 422 2282 in
442 2239 542 2296 pectore
560 2233 648 2284 incerti
663 2239 768 2284 conoul.
808 2232 958 2294 initiasse,
983 2247 1064 2298 quam
1087 2236 1225 2288 honestius
1249 2251 1331 2290 voca-

247 2309 286 2359 Ci.
299 2313 328 2360 Α.
342 2312 370 2359 Ρ.
384 2308 445 2358 365:
467 2309 535 2358 Haec
552 2309 658 2372 (poesis)
674 2310 772 2371 placuit
807 2305 900 2358 bulum
918 2321 966 2372 pro
983 2308 1091 2371 cliente,
1118 2312 1163 2374 qui
1189 2315 1330 2376 patronum

245 2384 329 2444 4444444,
355 2384 416 2433 hoec
433 2384 511 2433 (444444
527 2384 633 2445 repetito
652 2383 768 2446 placebit.
807 2382 1060 2436 iniorurndeducit.
1080 2385 1269 2450 Cisauna,
1288 2390 1328 2439 47.

244 2459 392 2508 imtructlor
419 2459 509 2508 entem
537 2453 615 2528 παρὰ
643 2456 769 2529 προσδο-

244 2534 323 2594 κίαν,
351 2533 427 2596 quasi
449 2545 514 2582 vero
531 2533 592 2582 vitia
611 2536 768 2584 ornamento
838 2533 926 2584 34-36.
944 2535 1105 2601 liiitrcpelus]
1120 2539 1149 2587 P.
1162 2536 1328 2598 Volumnius,

245 2611 272 2658 et
289 2607 432 2658 commodo
449 2609 549 2658 essent.
649 2657 654 2663 ,
806 2620 890 2670 eques
902 2609 959 2668 Ro..
977 2607 1012 2660 ad
1028 2623 1110 2673 quem
1121 2615 1183 2662 sunt
1195 2613 1250 2664 Cic.
1260 2614 1327 2678 Epp.

277 2683 366 2734 46-30.
382 2683 455 2746 repit]
469 2683 614 2733 arationem
626 2682 732 2732 vivendi
744 2683 768 2732 ei
806 2681 875 2730 duae
892 2681 926 2730 ad
946 2683 1017 2732 Fam.
1036 2685 1064 2744 7,
1084 2684 1124 2732 32.
1142 2687 1170 2733 et
1190 2685 1247 2744 33..
1265 2701 1330 2750 pro-

244 2757 429 2822 praescribit.·
457 2785 483 2792 -
510 2757 586 2808 4444444
608 2758 654 2819 pic
678 2757 768 2819 44444444]
805 2757 866 2818 pter
890 2754 1072 2816 festivitatem,
1099 2757 1220 2820 facetias,
1247 2760 1331 2810 urha·

245 2833 397 2883 Admodum
408 2831 502 2884 festive
512 2833 649 2894 comparat
658 2831 768 2880 divitem
807 2829 931 2890 nitatem,
961 2829 1059 2892 quibus
1088 2830 1215 2894 aequales
1242 2845 1329 2896 paene

245 2909 376 2968 uitiosum,
391 2909 436 2971 qui
445 2907 523 2958 amici
532 2906 662 2956 inferioris
671 2903 769 2956 malem
807 2915 901 2953 omnes
918 2903 1076 2966 superabat,
1100 2905 1258 2970 Eutrapelus
1280 2921 1330 2957 no-

244 2981 359 3046 aiiquam
391 2981 612 3034 consuetudinem
643 2981 768 3043 castigat,
807 2979 922 3029 minatus
941 2980 990 3028 est.
1022 2979 1267 3042 (Aristot.iihet.2.
1282 2983 1326 3032 ⁴2:

244 3071 306 3108 cum
325 3061 422 3116 matre,
440 3058 482 3107 cui
500 3055 599 3106 itherus
615 3069 631 3105 a
647 3056 715 3106 viliis
728 3067 770 3104 re·
806 3053 838 3102 ol
852 3054 966 3104 νέοιυ
981 3051 1186 3119 φιλογέλωτες,
1212 3051 1258 3106 διὸ
1278 3058 1328 3108 uel

243 3145 341 3182 444444
358 3133 525 3196 propositum
542 3133 584 3182 est
600 3133 627 3180 44
644 3129 766 3190 allicere,
805 3123 982 3198 εὐτράπελοι·
1002 3121 1087 3198 ἡγὰρ
1098 3122 1268 3199 εὐτραπελία
1278 3147 1329 3182 πε-

244 3211 273 3257 ut
297 3207 339 3258 vel
364 3209 452 3258 semei
476 3208 533 3270 ipsa
554 3203 679 3256 meliores
702 3218 767 3254 eva·
805 3201 979 3268 παιδευμένη
997 3195 1081 3273 ὕβρις
1097 3201 1196 3269 ἐστιν.)
1223 3206 1327 3258 Eratis

244 3283 315 3334 dant.
337 3282 468 3344 -prope]
486 3279 675 3343 4444444144.
693 3280 720 3340 4,
740 3281 765 3341 6,
804 3281 872 3329 inter
893 3279 998 3328 Antonii
1021 3277 1154 3330 collusores
1174 3284 1198 3328 et
1221 3281 1326 3330 sodales

245 3360 267 3408 4,
289 3386 316 3394 -
335 3359 407 3408 Meae
429 3356 491 3420 cet]
512 3357 601 3406 «44444
624 3365 689 3418 opes
706 3356 768 3404 tan·
805 3357 859 3406 Cic.
873 3352 982 3417 Philipp.
997 3353 1041 3414 43,
1055 3354 1084 3415 4,
1103 3353 1127 3403 3.
1147 3352 1328 3417 Aliquotiesci

244 3437 285 3484 tae
303 3435 376 3492 sunt,
401 3433 430 3480 ut
450 3429 557 3482 stultitia
580 3427 767 3493 (quemadmo-
804 3442 884 3494 opem
896 3427 954 3479 tulit
963 3429 1075 3480 Atticus.
1102 3431 1181 3480 Corn.
1196 3431 1260 3492 Nep.
1273 3432 1325 3478 Att.

243 3507 308 3558 dum
328 3505 461 3556 luxuriem
484 3517 533 3568 per
550 3503 769 3568 euphemismum‘
803 3505 827 3555 9.
847 3504 887 3554 444.
907 3503 947 3553 44.
969 3529 996 3539 -
1020 3503 1165 3568 cuicunque]
1188 3504 1252 3564 Quia
1275 3503 1327 3554 hoc

242 3582 327 3645 vocat)
346 3594 392 3632 eas
410 3594 462 3632 non
480 3582 608 3630 attenuet.
626 3605 641 3616 ·
658 3577 767 3640 -Quod
803 3591 911 3642 quoque
929 3591 944 3626 a
962 3579 1077 3640 cruquio
1099 3576 1209 3642 aliisque
1230 3590 1326 3641 parum

243 3659 269 3708 in
285 3657 365 3707 divite
382 3655 490 3707 stultitia
502 3657 544 3706 est
560 3657 587 3706 et
597 3655 715 3715 vanitas,
735 3652 766 3703 44-
803 3651 966 3704 intellectum
984 3655 1038 3712 est,
1057 3665 1111 3702 uno
1128 3651 1223 3702 saliem
1241 3649 1326 3702 verbo

241 3730 288 3782 iud
313 3733 339 3781 in
365 3743 483 3796 paupere
509 3730 583 3781 iuror
599 3731 692 3780 estuc
715 3729 766 3779 de·
802 3725 1011 3791 significabimus
1034 3726 1106 3776 idem
1128 3727 1183 3776 iere
1207 3739 1268 3776 esse
1285 3727 1327 3776 al-

242 3807 367 3856 mentia.·
386 3807 462 3855 444444.
483 3833 510 3841 -
520 3804 584 3854 Arta
594 3829 606 3841 ·
616 3831 627 3842 ·
637 3804 706 3868 wpc]
719 3804 767 3854 Di·
802 3815 855 3866 que
868 3803 905 3853 usi
918 3803 985 3852 cui.»
998 3827 1025 3837 —·
1038 3801 1122 3862 44444444]
1135 3799 1327 3864 imperieclum

242 3880 324 3930 444444
349 3881 417 3943 logis
443 3878 588 3929 utebantur
611 3876 691 3940 largis
716 3877 767 3941 (444
802 3876 933 3940 significat
953 3888 1016 3926 eum
1039 3878 1175 3926 mortuum
1196 3885 1270 3934 4444,
1297 3876 1327 3925 nt

241 3955 319 4004 triurn
339 3955 460 4005 4444444444
481 3958 541 4017 lopo
563 3952 646 4016 Epod.
665 3950 694 4012 4,
719 3951 764 4014 lii,
803 3952 856 4000 Sal.
878 3952 906 4012 4,
931 3951 958 4010 3,
984 3951 1008 4000 3.
1038 3950 1084 4000 Est
1109 3951 1214 3998 aulem:
1244 3947 1325 3998 «dure

241 4041 295 4092 qno
312 4028 442 4094 plicarum
460 4026 570 4090 pulchre
588 4025 765 4089 seexctpien-
802 4022 866 4076 olim
890 4023 1019 4086 soleben-
1043 4036 1109 4074 non:
1137 4022 1240 4072 «denda
1264 4035 1325 4074 esse

241 4104 306 4154 tium
333 4105 419 4154 metor
443 4105 516 4154 esset
540 4113 676 4151 numerus.
710 4101 765 4151 444-
802 4097 917 4158 4444444»
939 4111 1003 4148 nec:
1035 4097 1106 4147 «dari
1132 4095 1270 4161 optehat‚·
1295 4099 1326 4148 ut

241 4176 315 4228 orob.
338 4179 442 4228 Saturn.
463 4178 492 4237 2,
516 4177 545 4226 9:
574 4177 602 4237 ο.
621 4175 766 4224 Hortensius
802 4171 845 4222 alii
863 4169 1026 4236 interpretati
1044 4173 1157 4222 sunt-
1173 4171 1324 4236 4444444444

242 4251 348 4315 (amtor)
375 4251 424 4314 suit
447 4250 536 4300 44444444
561 4249 595 4298 cci
618 4249 765 4299 munliuem
801 4247 912 4297 beatum
930 4257 990 4296 esse
1011 4245 1172 4297 somnians.»
1192 4273 1219 4282 -
1237 4245 1324 4310 4444444]

240 4327 339 4378 muoso
356 4330 392 4386 et,
410 4330 438 4376 ut
454 4325 514 4376 hene
524 4324 630 4376 4444444444
645 4325 707 4384 iret,
725 4323 765 4385 [o-
803 4323 891 4372 444444
908 4318 1041 4384 cogitabat
1057 4318 1099 4372 vel
1116 4319 1206 4372 dicere
1221 4318 1325 4371 soiehet
