3090 4974
581 455 641 506 res
657 455 803 507 rorum.
866 531 868 534 Ι

195 609 303 676 Primo
326 629 366 676 ne
389 607 546 685 medium,
570 609 679 678 medio
702 631 744 678 ne
767 611 931 699 discrepet
952 612 1060 680 imum.

195 733 258 807 Tu,
283 730 361 818 quid
383 751 445 818 ego
467 740 501 798 et
520 731 661 820 populus
683 753 811 800 mecum
833 731 1013 811 desideret,
1036 735 1128 803 nudi:

194 851 227 918 Si
251 850 412 939 plausoris
433 873 512 941 eges
534 852 649 920 aulaea
671 854 828 922 manentis
850 865 883 921 et
903 875 1009 942 usque

215 1032 273 1082 452.
291 1031 386 1092 mmo]
403 1044 483 1082 damn
497 1032 527 1082 B.
547 1057 576 1068 —
596 1030 652 1083 tot.
671 1033 700 1082 Si
710 1033 807 1096 pteron·
823 1047 891 1120 repas
907 1034 962 1097 (sic)
979 1047 1115 1100 superscr.
1124 1040 1203 1102 picu-

182 1109 246 1157 aorir
262 1108 296 1169 Β,
315 1107 344 1158 st
356 1107 416 1169 ptus
431 1108 484 1156 oria
499 1119 554 1171 epar
571 1107 599 1170 Τ,
618 1119 659 1172 pr.
671 1103 702 1169 β,
720 1107 749 1158 Si
761 1107 973 1172 ptuaomepeat,
992 1110 1204 1180 Stsdutoriaepea

182 1179 315 1233 Bentleius
332 1181 494 1233 coniectnrd.

150 1328 211 1380 ideo
222 1341 275 1380 nou
293 1328 407 1393 debent,
426 1331 489 1395 quin
500 1329 570 1382 nulla
582 1343 626 1384 ars
644 1332 675 1384 iis
712 1333 968 1396 moresatadectua‚
986 1339 1235 1405 utverltaspodtice

149 1403 264 1466 οἰεονοο,
274 1403 301 1455 id
313 1407 363 1466 est,
377 1407 499 1457 ornatum
511 1419 543 1456 ac
551 1409 676 1458 venusta·
711 1406 762 1458 sihi
772 1409 877 1459 constet
885 1412 1054 1462 adservetur.
1064 1414 1169 1478 Leviter
1177 1415 1236 1466 teti·

149 1480 219 1540 tem,
237 1477 369 1542 praebere
385 1481 487 1544 potest;
505 1481 595 1545 itaque
607 1480 675 1532 does
711 1481 786 1545 gerat
797 1482 911 1535 eandem
923 1483 1072 1538 doctrinam
1083 1501 1108 1537 v.
1122 1488 1179 1540 tto.
1197 1489 1235 1540 Ea

149 1554 393 1624 poesispunqrram
410 1555 537 1618 migrat.»
557 1582 585 1592 -
603 1569 675 1606 meo·
711 1559 800 1608 umen
812 1557 962 1608 differentia
969 1560 1108 1624 utriusque
1120 1561 1170 1614 loci
1182 1565 1233 1625 est,

148 1628 218 1691 titre]
245 1627 371 1680 Consulto
397 1628 504 1679 duriore
521 1629 573 1680 hoc
589 1628 674 1680 verbo
710 1629 783 1694 quod
799 1631 888 1695 priora
905 1632 986 1684 docet
1005 1636 1169 1688 concordare
1186 1637 1236 1688 de-

148 1716 213 1756 nsus
236 1705 292 1764 est,
319 1706 349 1755 ut
372 1704 546 1768 significaret,
575 1707 673 1768 quanta
709 1703 775 1756 bere
793 1707 939 1759 sententias
955 1709 1236 1764 ucverbacumcon·

149 1777 309 1828 confidentia
326 1779 431 1842 poetice
449 1781 477 1829 et
501 1791 583 1843 quam
605 1777 674 1830 ielicl
709 1779 828 1840 dicione,
852 1786 946 1844 cetae,
965 1785 1049 1846 statu,
1068 1787 1168 1850 origine
1185 1800 1235 1837 cu-

148 1865 276 1904 auccessu
294 1853 426 1904 Homerus
448 1854 530 1905 etiam
546 1851 673 1904 miracula
708 1854 791 1904 iusvis
808 1867 954 1919 personae,
972 1857 1024 1908 hoc
1042 1872 1119 1921 vero,
1138 1863 1234 1924 potitae

148 1928 314 1992 reportenta
330 1927 459 1979 tinxisset.
478 1929 585 1980 Aristot.
599 1929 673 1980 Petet.
709 1927 827 1978 officium
853 1941 912 1980 esse
938 1936 1063 1982 accurate
1086 1936 1178 1985 notare
1201 1949 1234 1986 ac

147 2002 189 2064 25,
203 2001 232 2051 3:
250 1999 366 2068 Δοῑμέν
378 2001 409 2052 ἐν
425 2007 488 2066 ταῖς
504 2000 674 2074 τραγῳδίαις
709 1999 848 2065 diligenter
872 2004 1031 2068 investigare
1048 2008 1134 2058 studia
1152 2013 1233 2074 atque

148 2079 240 2125 aeram
256 2071 290 2126 τὸ
306 2074 495 2141 θαυμαστόν,
521 2073 673 2143 μᾶλλονὸ
709 2069 768 2142 ἢθη
781 2071 1062 2145 reuerendumque
1075 2085 1234 2142 aetatisme,

147 2147 290 2210 ἐνδέχεται
306 2149 337 2202 ἐν
353 2147 389 2222 τῇ
406 2149 542 2220 ἐποποιίᾳ
555 2147 589 2202 τὸ
600 2144 672 2202 ἅλο-
708 2150 779 2200 xime
797 2153 917 2216 proprr'a.
940 2155 970 2203 ut
986 2167 1018 2204 ea
1036 2169 1069 2206 ex
1086 2159 1150 2210 ertia
1166 2157 1234 2224 legi-

146 2218 673 2292 yov.7-Aadtdaxadlpa'lcoaa‘0pp-
708 2223 760 2275 bue
777 2225 872 2276 imitari
889 2227 1032 2291 perdiscat.
1059 2231 1126 2284 Usus
1142 2237 1233 2288 autem

146 2313 196 2370 ρος
208 2300 259 2351 καὶ
270 2298 339 2363 τοὺς
349 2293 457 2363 ἄλλους
468 2297 565 2366 ψευδῆ
581 2299 672 2368 λέγειν
708 2311 768 2350 esse
790 2300 895 2352 videtur
919 2303 1065 2358 Aristotelis
1083 2307 1189 2360 Rhetor.
1206 2312 1232 2373 2,

146 2369 248 2436 ὦςοεῑ.
265 2373 399 2426 Plutarch.
417 2377 475 2426 Non
485 2389 566 2441 posse
577 2379 629 2428 cet.
641 2378 670 2428 9:
709 2374 748 2424 tr.
769 2371 828 2440 (qui
853 2375 928 2428 locus
950 2379 1021 2430 totus
1038 2382 1081 2431 eat
1095 2379 1233 2447 tegendus)

145 2443 185 2500 Δι’
212 2443 249 2514 ἢν
276 2443 406 2515 (ἡδονὴν)
424 2443 492 2501 oridt
508 2445 542 2501 τὸ
559 2448 672 2516 ψεῦδος
707 2449 750 2500 val
768 2449 818 2501 elio
835 2451 957 2515 rhetore,
976 2455 1022 2518 qui
1033 2455 1170 2520 stagiritae
1182 2458 1233 2510 do-

145 2517 264 2594 ἀμοιρεῖ
279 2519 415 2596 χάριτος,
441 2517 515 2576 ἀλλὰ
531 2526 582 2577 καὶ
598 2522 671 2576 uld-
707 2525 821 2576 ctrinam
838 2529 947 2578 secutus
965 2531 1030 2578 erat.

145 2613 239 2664 σμασι
255 2599 305 2649 καὶ
323 2597 469 2664 ποιήμασι
484 2597 536 2651 τοῦ
554 2597 671 2652 named.
739 2597 860 2649 roe-tm.
881 2601 924 2664 Tu]
942 2602 973 2651 ut
988 2615 1070 2667 saepe
1087 2606 1158 2670 apud
1178 2608 1233 2658 ilo-

145 2671 230 2724 εσθαι
241 2668 284 2738 μὴ
297 2671 458 2746 προσόντος
469 2669 579 2726 ’ἔνεστιν
591 2667 671 2740 ὅμως
707 2673 817 2723 ratium:
845 2675 915 2735 «Tr,
940 2676 1013 2738 Piso,
1036 2679 1059 2728 sl
1082 2678 1149 2731 torte
1166 2680 1232 2732 velis

144 2743 301 2799 eduardos.
317 2777 344 2786 -
357 2750 670 2814 Primonemediumcet.]
707 2747 870 2809 tragoediam
893 2761 1070 2814 componere,
1099 2753 1127 2804 et
1145 2755 1232 2817 quivis

145 2821 220 2872 llsud
237 2823 312 2875 Turs.
326 2825 368 2873 lll.
385 2837 411 2888 p.
425 2823 489 2874 ldfl:
510 2824 574 2874 aliie
590 2825 627 2873 itu
644 2827 672 2874 et
707 2819 773 2872 alius
789 2834 913 2874 meorum
929 2821 1087 2876 lectorum.»
1107 2851 1134 2863 -
1150 2843 1233 2892 popu.

143 2896 179 2946 aic
189 2895 262 2948 idem
274 2897 422 2960 significant
433 2896 671 2960 (quemadmodum
704 2894 744 2945 tua
752 2895 858 2960 mecum]
877 2898 1046 2962 «pariterque
1058 2911 1152 2954 omnes
1167 2917 1232 2968 spe-

145 2971 238 3021 clcero
250 2971 332 3021 leod.
347 2972 371 3032 4,
385 2971 410 3031 7,
420 2971 461 3021 28.
485 2968 556 3022 nullo
579 2971 672 3023 discri-
706 2971 832 3032 statores,
845 2971 907 3034 quia
918 2971 957 3022 sic
968 2972 1042 3024 iubet
1053 2987 1149 3027 seusus
1158 2990 1232 3030 com·

144 3045 229 3096 mine:
247 3059 305 3102 cum
316 3045 351 3095 ita
363 3050 495 3096 moueatur
505 3045 551 3096 itta
564 3048 671 3099 vianet
706 3045 820 3094 munis.»
833 3072 862 3081 -
880 3046 909 3096 Si
921 3047 1050 3108 plausoris
1066 3050 1129 3116 cet]
1147 3053 1231 3104 ilani·

144 3132 202 3170 mm
213 3121 252 3170 sic
268 3120 336 3170 curo
351 3119 465 3182 citroque
479 3127 591 3172 versetur
607 3123 670 3186 cet.)
705 3117 773 3169 testo
796 3121 838 3170 eat
862 3122 976 3184 protasis
995 3136 1021 3172 v.
1044 3124 1107 3173 teti:
1132 3126 1232 3179 Contra

143 3193 349 3258 relerunturque
361 3193 396 3244 ad
408 3195 604 3255 antecedentia,
616 3210 669 3248 non
705 3193 854 3245 Dilnlzerus
872 3194 935 3246 oiim
947 3195 1017 3247 male
1029 3199 1162 3251 iunxerat:
1180 3216 1231 3252 uu-

144 3267 178 3318 ad
194 3281 240 3329 ue,
259 3267 332 3332 quod
347 3269 475 3331 seqnitur.
497 3271 561 3320 liud
577 3284 609 3320 ao
626 3285 670 3322 er·
705 3267 744 3329 di,
763 3268 791 3318 st
802 3298 817 3309 -
827 3269 963 3331 -plaudite
978 3271 1054 3323 dicut.
1071 3275 1165 3324 Aetatis
1176 3281 1228 3328 cet.

142 3341 243 3404 {iudet
254 3354 287 3391 er
297 3355 368 3404 ocu,
381 3355 411 3391 ro
421 3343 529 3394 miaclrt
539 3357 572 3394 er
585 3345 670 3396 Wai·
708 3367 735 3378 -
745 3343 884 3407 plausoris]
900 3342 1011 3395 Bentleii
1025 3343 1103 3398 lectio
1110 3349 1229 3413 fautoris,

142 3416 493 3482 reamitlirdtcltetem,
511 3419 669 3472 domitatis
704 3419 893 3483 praeterquam
918 3419 991 3483 quod
1015 3433 1231 3488 perceptorum

143 3491 265 3543 career
281 3492 466 3543 eraclieiue.»
493 3494 532 3545 ct.
551 3495 668 3546 eundem
704 3491 917 3558 probflbillssesl.
936 3494 1231 3559 idwp0ll³⁸imumr0=

141 3565 184 3614 IV.
204 3577 231 3628 p.
247 3564 288 3616 tt.
307 3565 439 3630 Equidem
457 3569 545 3631 potius
562 3582 624 3620 reor
639 3584 666 3620 v.
704 3566 816 3618 iiciende
828 3566 944 3629 videtur,
964 3569 1024 3632 quia
1042 3571 1069 3620 iu
1080 3585 1110 3622 re
1121 3575 1229 3625 scenica

143 3640 199 3690 itit.
218 3639 312 3691 reterri
329 3641 363 3691 ad
376 3645 515 3706 sequentia
527 3647 554 3695 et
564 3658 596 3695 ne
606 3657 667 3697 esse
704 3640 832 3706 significat
849 3655 928 3704 eum,
946 3645 991 3708 qui
1002 3643 1044 3694 vel
1055 3649 1165 3710 propter
1175 3649 1230 3699 stu·

142 3713 328 3774 durantem,
357 3718 387 3766 ut
402 3718 507 3768 Terent.
527 3720 622 3770 liceat.
641 3719 666 3782 t,
704 3717 777 3768 dium
803 3729 866 3781 erga
893 3716 964 3768 hunc
984 3717 1091 3770 illumve
1109 3723 1230 3773 notorem

141 3787 227 3848 itali:
247 3788 615 3856 itututatueotuamirceto,
633 3809 669 3846 ne
703 3789 746 3842 vel
770 3793 850 3843 etiam
868 3794 984 3844 nummis
1001 3794 1149 3845 conductus
1166 3796 1230 3846 huic
1299 3829 1301 3836 ‹

140 3863 336 3914 ruadmtxeaa.
355 3863 394 3914 Gi.
408 3877 433 3914 v.
444 3866 492 3915 225
501 3877 561 3930 sqq.
578 3895 605 3904 -
618 3879 668 3918 me
704 3867 749 3916 uui
773 3864 889 3930 plaudit,
917 3867 981 3918 dum
1004 3868 1069 3920 elios
1093 3869 1227 3931 exsibilst;

140 3936 181 3987 dio
197 3951 228 3988 ue
238 3938 358 4000 discrepet
368 3937 456 4002 imum]
474 3939 530 3990 Cic.
545 3939 579 3990 de
592 3941 665 3991 Fioo.
700 3939 806 4002 placem
817 3944 910 3992 contra
922 3943 972 4002 est,
992 3943 1036 4005 qui
1048 3943 1152 3994 sincera
1164 3945 1228 4008 artis

140 4011 165 4072 o,
175 4011 217 4072 28,
227 4011 268 4062 83:
282 4013 666 4078 commemorassemus,
703 4013 878 4066 admiratione
888 4014 1228 4082 impulsusapplauditpoe-

138 4086 357 4149 madidumque,
376 4088 462 4138 emata
472 4088 592 4139 meon.
703 4089 746 4138 tea
759 4089 843 4152 magia
855 4101 936 4152 quam
948 4089 1078 4140 histrioni.
1095 4119 1119 4130 -
1134 4093 1227 4144 aulaea

170 4159 219 4210 Vv.
234 4160 360 4212 tue-tie.
379 4161 470 4226 docet,
488 4163 624 4227 quomodo
640 4165 666 4215 iu
702 4162 834 4226 memo]
854 4175 954 4227 rusque
971 4165 1005 4216 ad
1021 4163 1126 4216 tabulae
1143 4167 1225 4219 duem

139 4234 274 4297 tragoedia
297 4237 325 4286 et
343 4237 370 4286 iu
393 4237 531 4289 comoedia
555 4240 667 4302 exprimi
703 4239 829 4298 adonim»
848 4237 945 4302 quibus
957 4237 1047 4292 verbis
1058 4239 1136 4292 simul
1148 4242 1225 4305 signi-

137 4307 533 4364 debeantdiveraidiverserum
548 4315 666 4366 aetatum
703 4315 764 4366 licat
780 4326 810 4366 se
823 4312 951 4377 deinceps
962 4313 996 4365 de
1010 4327 1108 4379 genere
1120 4314 1225 4368 drama·
