3178 4972
636 427 763 478 donarit
781 428 1001 504 EPISTOLARUM

613 882 879 945 mffou
899 881 1013 944 m.

321 1019 367 1082 Ne
388 1013 601 1102 perconteris,
625 1013 742 1081 sundus
765 1035 873 1091 meus,
897 1015 1017 1102 optimo
1039 1016 1162 1095 Quinti,

320 1137 403 1202 llrvo
426 1145 538 1223 pascat
559 1134 672 1202 herum
696 1157 737 1202 an
760 1136 849 1203 bacis
873 1135 1038 1223 opulentet
1060 1136 1178 1211 olivae,
1233 1227 1238 1240 Ι

343 1315 392 1365 ΕΡ.
411 1313 475 1363 livi.
512 1315 535 1364 t.
555 1314 640 1377 Quinti
656 1313 776 1379 bSEcdp,
789 1315 850 1366 blo:
871 1315 969 1379 ortiucti
987 1315 1058 1379 (cum
1075 1317 1191 1368 nummis
1209 1317 1259 1368 sub
1279 1319 1333 1368 Au-

309 1393 386 1455 gusto
403 1391 519 1454 signetis)
539 1391 579 1441 FJ.
600 1417 627 1426 ·-
646 1391 670 1440 7.
683 1390 751 1440 bacis
767 1390 841 1440 bSEc
859 1391 885 1439 et
902 1403 942 1455 pr.
958 1389 991 1439 d:
1016 1389 1098 1442 buccis
1115 1404 1176 1442 cum
1197 1389 1332 1456 plerisque

311 1465 399 1528 (etium
417 1477 486 1514 corr.
505 1464 530 1527 d)
549 1464 616 1515 FMJ.
636 1463 674 1514 Cl.
688 1465 805 1527 Wagner
822 1464 938 1528 Ortitogr.
961 1465 1051 1528 Vergil.
1069 1478 1096 1529 p.
1116 1465 1173 1516 ll8.
1196 1493 1222 1502 -
1242 1465 1266 1516 3.
1285 1467 1334 1516 Ρο-

309 1540 387 1590 mbos
402 1537 515 1604 bSEcdp
533 1541 560 1589 et
577 1539 693 1589 Pottierii
715 1551 811 1590 omnes
832 1541 941 1603 praeter
963 1538 1045 1602 duos,
1068 1540 1111 1600 Lt,
1130 1539 1276 1602 Bentleius,
1295 1541 1330 1590 0:

301 1687 366 1738 XVl.
379 1687 523 1752 Ambigunt
531 1690 701 1752 interpretes,
712 1691 803 1738 utrum
838 1687 981 1750 borurunt,
1001 1689 1029 1738 ut
1046 1689 1183 1739 Horatium
1199 1702 1261 1740 cum
1279 1689 1367 1752 pessi-

277 1763 328 1813 hoc
337 1762 488 1827 epistolium
499 1763 629 1827 scriptum
638 1764 672 1814 sit
680 1762 715 1812 ad
725 1763 804 1823 Quin·
839 1763 890 1814 mis
899 1762 1051 1826 quibusque
1060 1761 1213 1814 bominibus
1222 1764 1366 1814 amicitiam

277 1839 342 1888 tium
360 1837 498 1902 Hirpinum
517 1837 691 1900 (Od.2,tt.),
717 1849 751 1887 en
768 1836 803 1887 ad
840 1837 955 1887 iunxisse
973 1833 1165 1886 insimularent.
1195 1838 1234 1888 De
1252 1851 1366 1903 compo-

276 1914 304 1963 T.
312 1913 446 1972 Quintium
454 1913 604 1977 Crispinum
612 1911 801 1978 Sulpicianum,
839 1912 941 1962 sitionis
960 1913 1081 1974 tempore
1094 1925 1147 1961 non
1159 1911 1256 1975 liquet;
1275 1915 1368 1964 Grote-

276 1987 443 2036 triumvirum
461 1990 491 2036 Α.
505 1988 535 2037 Α.
549 1989 579 2038 Α.
593 1987 619 2036 F.
636 1987 674 2047 F,
693 1985 804 2049 Augusti
839 1985 902 2036 tend
919 1997 979 2034 eam
996 1985 1114 2048 assignat
1130 1999 1201 2036 anno
1218 1986 1277 2036 737.

276 2059 417 2124 aequalem
435 2061 542 2124 (Eoklrel
555 2063 585 2111 Ι).
599 2062 630 2111 Ν.
645 2062 669 2111 5.
683 2073 710 2125 p.
723 2061 767 2110 nor
776 2059 802 2122 .),
873 2059 928 2110 4-4.
941 2060 979 2109 Ne
985 2060 1141 2121 perconteris
1150 2060 1212 2124 cet]
1223 2061 1299 2110 «scio
1308 2073 1366 2124 gra-

275 2135 321 2199 qui
341 2135 415 2185 idem
437 2136 543 2186 videtur
565 2147 628 2185 cum
650 2137 678 2186 7.
698 2135 802 2195 Quintio
840 2137 895 2186 turn
914 2133 961 2185 tibi
973 2134 1043 2196 iore,
1063 2135 1085 2185 si
1101 2134 1214 2184 sormam
1227 2134 1300 2184 fundi
1312 2135 1366 2184 mei

276 2209 414 2273 Crispino,
442 2223 497 2260 cos.
518 2223 541 2259 a.
558 2223 586 2259 u.
606 2223 630 2259 c.
652 2208 726 2268 745.;
753 2208 803 2259 sed
840 2208 908 2260 ultro
926 2207 973 2258 tibi
991 2207 1177 2272 descripser03
1204 2209 1295 2272 itaque
1313 2205 1366 2258 noli

276 2296 337 2333 cum
356 2284 495 2334 homiuum
508 2283 603 2334 horum
616 2283 747 2346 indolem,
765 2285 803 2334 vi·
839 2295 883 2332 me
906 2295 938 2332 ea
962 2281 996 2332 de
1013 2295 1043 2332 re
1060 2284 1240 2345 percontari.»
1269 2281 1366 2333 Similis

275 2361 344 2418 tam,
373 2357 587 2408 necessitudines
604 2371 666 2408 cum
683 2359 800 2420 Horatio,
839 2355 1367 2420 formulaestEpp.t,l,ld:demseris

275 2444 386 2495 prorsus
399 2433 565 2495 ignoremus,
584 2433 636 2483 hac
648 2433 681 2483 de
698 2447 727 2484 re
739 2433 802 2483 nibil
837 2444 911 2495 roges
927 2434 978 2480 cet.
994 2454 1022 2467 —
1041 2431 1134 2494 [nudus
1149 2432 1227 2496 utens]
1245 2431 1284 2482 Cl.
1299 2433 1367 2497 Cep-

276 2506 340 2556 certi
351 2507 468 2556 statuere
478 2519 632 2572 possumus.
646 2506 720 2558 Conl.
732 2519 801 2571 quae
839 2507 936 2557 martin
953 2505 987 2556 de
1001 2507 1114 2572 Chsupy
1130 2507 1284 2556 Decouoerte
1297 2507 1327 2556 dc
1340 2507 1367 2557 la

275 2579 461 2630 adnotavimus
479 2580 513 2630 ad
531 2593 556 2630 v.
576 2582 616 2631 47.
649 2584 802 2645 Argumen-
837 2581 1258 2645 mulsoudocnmpogued'liorucc.
1270 2582 1364 2642 ltome,

276 2657 332 2704 tum
362 2656 453 2705 autem
486 2655 564 2707 totius
596 2654 802 2720 scriptiunculae
839 2655 942 2717 Ugbetti
962 2654 1126 2706 4767-4769.
1150 2654 1238 2706 3Vol.
1262 2655 1287 2704 8.
1307 2655 1366 2718 (qui

274 2729 367 2793 paucis
384 2729 422 2779 sic
439 2727 628 2790 exponendum
643 2731 700 2781 est:
721 2731 800 2795 «Ego,
839 2729 923 2780 mirus
948 2727 1015 2779 liber
1040 2731 1082 2780 est
1103 2730 1129 2780 in
1146 2728 1308 2780 bibliothece
1327 2730 1366 2779 ci-

275 2816 351 2866 care,
376 2803 472 2854 beatus
490 2815 564 2864 sum,
588 2803 622 2854 sd
641 2818 721 2868 quem
740 2807 802 2869 qui·
838 2805 911 2853 vium
929 2803 1136 2866 Turieensinm),
1161 2805 1188 2853 et
1203 2804 1305 2868 inspice
1322 2807 1366 2854 to-

274 2877 337 2928 dem
354 2879 424 2927 vitaa
442 2880 541 2928 statum
558 2880 642 2929 cuivis
653 2879 801 2944 optandum
838 2879 890 2928 tius
907 2876 974 2928 illius
987 2879 1087 2929 tractus
1098 2881 1249 2928 accuratam
1262 2878 1366 2929 descri-

275 2953 345 3001 inter
361 2965 406 3001 res
424 2953 548 3004 externas
560 2952 722 3016 permultum
735 2967 800 3004 sune
837 2955 971 3018 ptionam,
991 2965 1073 3015 quam
1084 2951 1261 3003 Walclrenser
1277 2951 1365 3018 lapide

274 3025 378 3074 coulert
399 3025 526 3078 Sabinum
549 3039 654 3077 meum:
682 3030 710 3077 tu
735 3029 800 3077 item
838 3027 1040 3092 exprimendam
1058 3029 1170 3077 curerlt.
1189 3055 1216 3064 -
1234 3028 1301 3077 Amo
1314 3041 1367 3090 pu·

274 3110 351 3158 cura,
369 3101 414 3160 ut,
434 3100 665 3163 quemadmodum
677 3103 799 3162 mereris,
836 3108 889 3153 scut
900 3103 987 3151 berum
999 3103 1061 3164 cet]
1082 3103 1193 3152 Omnem
1211 3115 1270 3152 rem
1287 3104 1365 3154 rusti-

274 3171 454 3234 bentus'llos,
482 3173 544 3225 illud
568 3172 659 3242 γνῶθι
676 3171 801 3227 σεαυτὸν
837 3190 896 3226 cam
915 3177 1009 3226 Cicero
1028 3170 1102 3240 (Cato
1119 3177 1236 3236 malti,
1253 3176 1304 3240 st.)
1321 3178 1364 3228 liis

273 3248 404 3311 imprimis
421 3248 507 3313 probe
525 3263 655 3302 exercens
667 3254 747 3314 atque
765 3250 800 3300 ab
837 3250 927 3301 verbis
944 3249 1144 3315 complectitur:
1163 3253 1283 3302 Nscoero
1294 3265 1365 3316 sege-

273 3322 353 3371 anlmi
378 3323 624 3386 perturbationibus
641 3324 756 3375 liberum
773 3329 799 3375 te
836 3325 900 3374 libau
917 3325 997 3387 (arvo)
1015 3325 1094 3375 solum
1110 3328 1136 3374 et
1147 3326 1231 3387 protis
1247 3331 1271 3375 et
1285 3327 1365 3376 vinds

272 3408 409 3447 servans.»
436 3399 487 3447 Pro
505 3409 634 3462 responso
652 3398 686 3449 od
703 3401 799 3459 Quintii
836 3404 859 3449 ct
884 3398 994 3448 arbusto
1015 3411 1057 3448 res
1072 3399 1182 3449 mutuus
1197 3399 1281 3449 luctae
1295 3406 1361 3461 mm,

272 3469 388 3534 aliquam
401 3469 540 3535 epistolam
554 3472 798 3534 nonnullihabent;
835 3474 877 3522 sed
901 3473 980 3522 bortis
1003 3473 1122 3523 etiamst
1144 3475 1284 3535 pomariis,
1310 3479 1363 3524 tum

272 3544 320 3596 sed
337 3544 400 3596 nibil
412 3544 532 3609 proiecto
546 3547 626 3608 inest,
646 3549 718 3611 quod
730 3549 799 3600 hanc
831 3547 956 3609 pentum
976 3552 1067 3610 postu,
1091 3549 1179 3610 opium
1196 3549 1362 3608 numinibus,

272 3620 424 3685 opinionem
442 3619 539 3670 firmet.
568 3623 677 3672 Praeter
694 3625 799 3672 ceteros
834 3623 927 3685 florano
952 3623 1063 3672 mudum
1083 3623 1214 3672 onmium.
1236 3649 1262 3660 -
1281 3622 1363 3671 oncis-

271 3696 360 3745 autem
373 3693 684 3748 consulelucobsbectt.
698 3697 797 3746 Venus.
835 3694 923 3759 ottone]
950 3694 1039 3746 olivas
1063 3697 1088 3746 in
1112 3696 1225 3746 modicis
1241 3697 1296 3759 agri
1314 3697 1363 3746 Sa-

270 3782 297 3833 p.
311 3768 363 3830 47,
383 3770 429 3833 qui
446 3771 552 3834 egregie
567 3771 686 3822 defendit
697 3771 799 3821 bonum
835 3770 890 3820 bini
911 3769 985 3820 clivis
1008 3771 1163 3835 provenisse
1180 3773 1293 3821 testatur
1310 3772 1363 3821 co-

271 3843 344 3894 illum
356 3845 492 3905 Quintium
509 3859 524 3895 a
541 3848 681 3906 conviciis,
702 3844 799 3909 qulbus
836 3843 943 3895 lumella
954 3847 980 3905 o,
993 3846 1029 3906 8.,
1043 3848 1070 3896 et
1080 3845 1176 3896 olivete
1189 3847 1269 3896 etium
1281 3845 1361 3896 bodie

271 3918 387 3984 eundem
413 3921 515 3970 temere
541 3919 691 3970 lacerarunt
712 3921 799 3970 inter·
836 3919 871 3969 ibi
885 3919 997 3969 inveniri
1011 3917 1084 3970 multi
1097 3921 1235 3971 testentur.
1252 3944 1280 3955 -
1299 3933 1363 3982 opu-

270 3994 375 4056 pretes,
406 3997 542 4059 umquem
571 3997 691 4059 captetur
719 3994 799 4046 luerit
836 3993 918 4058 mut]
936 3993 1055 4045 Verbum
1073 3995 1219 4057 oprdsnturc
1234 4007 1285 4059 pro
1303 3993 1363 4044 «lo-

270 4079 352 4116 aurae
370 4068 505 4132 popularis
523 4071 798 4135 atqneextemospe·
837 4067 986 4132 cupletnre,
1014 4069 1117 4119 ditare·
1150 4071 1267 4134 primum
1292 4081 1363 4118 nunc

270 4141 310 4189 cie
335 4140 401 4204 frugi
425 4143 563 4194 hominem
579 4143 749 4209 probumque
767 4157 797 4196 se
838 4142 909 4206 apud
927 4143 1064 4194 Horatium
1082 4143 1223 4208 reperitur.
1249 4143 1286 4194 Eo
1298 4155 1363 4193 usus

270 4227 332 4266 esse
349 4214 488 4267 simularit.
524 4217 596 4269 liniti
613 4219 684 4269 euim
703 4218 801 4283 ingenii
839 4217 881 4268 est
891 4217 971 4268 etiam
983 4215 1127 4268 Columella
1139 4218 1197 4280 8,t.
1210 4241 1238 4254 -
1251 4217 1365 4270 Pomm

271 4291 313 4342 sni
331 4290 444 4341 iactandi
463 4304 544 4344 causa
561 4293 588 4345 in
606 4307 638 4343 eo
652 4293 732 4344 veluti
751 4291 804 4343 ela·
838 4297 863 4342 st
876 4291 966 4356 proto]
984 4293 1051 4343 Cum
1061 4293 1170 4344 minime
1181 4292 1363 4344 necessarium
