3022 4984
587 467 646 516 ins
664 466 808 516 porrici.
1183 465 1244 528 707

158 621 277 685 phocies.
307 623 373 674 Vide
390 623 423 674 ad
442 625 470 674 Α.
490 626 517 674 Ρ.
537 637 562 672 v.
576 625 633 675 att.
661 625 758 675 Marius
772 623 920 674 Victorinus
937 636 962 686 p.
981 623 1036 672 tic.
1056 623 1153 673 Gaisi.:
1172 624 1245 684 Saty-

157 707 215 754 rica
230 711 266 755 est
282 707 351 768 opud
368 708 477 756 Graecos
492 707 592 770 fabum,
611 709 637 756 in
655 721 706 770 qua
722 709 781 757 mm
793 708 885 771 tropici
895 709 987 768 poetae
997 721 1047 756 noo
1060 705 1163 770 (solum)
1175 721 1245 770 repes

157 795 204 838 aut
218 791 322 850 tecm,
347 791 390 840 sed
407 791 504 854 (etiam)
529 792 634 853 satyros
649 792 804 842 isdrsneeuet
820 791 919 840 ludendi
937 803 1015 839 cauea
1030 791 1191 852 ramaeque,
1217 796 1244 840 ut

156 873 232 922 simut
252 878 378 935 spectator
400 875 465 924 inter
480 887 521 924 res
536 875 649 939 tragicos
664 876 790 937 seriusque
807 875 960 935 Saipromm
977 887 1074 935 quoque
1089 875 1149 924 iocis
1164 879 1188 924 et
1204 874 1244 922 tu-

156 955 223 1006 ribus
239 957 417 1020 detestaretur,
434 962 463 1007 ct
479 963 503 1007 et
518 958 638 1008 Horatiae
653 959 726 1008 sentit
736 957 895 1008 moereibm
907 958 944 1018 [Α.
960 957 987 1006 P.
1001 955 1160 1020 iit-itti,
1178 959 1245 1018 quod

156 1051 234 1102 gesem
244 1041 324 1090 nostri
335 1041 362 1090 io
372 1040 492 1091 Atettonis
502 1040 607 1092 taceret:
625 1041 698 1105 quod
709 1043 798 1092 umen
810 1053 895 1104 genus
906 1051 1017 1104 prorsus
1029 1038 1164 1090 diversum
1176 1043 1241 1091 erut.

449 1273 815 1332 EXOUBSUS
854 1274 948 1332 Vffl.

330 1404 590 1455 wiscuunniciifl
608 1404 861 1455 INTERPRETA'I'IO
879 1417 922 1454 vv.
941 1403 1078 1456 sii-uti.

224 1515 328 1565 «Monet
353 1515 488 1574 Horatius,
516 1527 549 1566 ne
571 1515 671 1578 Satyris
689 1515 715 1564 in
733 1514 852 1566 dramate
870 1516 985 1580 satyrico
1004 1516 1137 1567 tribuatur
1152 1529 1242 1566 sermo

157 1596 291 1659 urbanus.
315 1599 413 1663 quippe
431 1599 480 1648 diis
497 1596 664 1648 silvestribus
683 1599 789 1662 (nempe
807 1599 924 1661 estivis,
946 1601 971 1648 in
990 1599 1088 1664 quibus
1105 1601 1158 1650 uati
1176 1599 1244 1650 edu-

158 1682 265 1744 catique
282 1683 358 1742 sunt,
378 1681 403 1732 in
421 1693 531 1732 scenam
548 1695 563 1730 e
580 1685 658 1744 po'cte
676 1680 810 1744 deductis),
830 1695 897 1744 quos
914 1683 982 1734 adeo
994 1683 1090 1734 deceat
1106 1683 1205 1734 rustice
1217 1688 1244 1733 et

158 1767 293 1828 incompte
310 1763 390 1828 ioqui.
426 1766 518 1827 itaque
537 1765 650 1816 rusticus
667 1777 757 1825 sermo
775 1763 878 1815 urbano
895 1767 1052 1831 opponitur,
1071 1767 1115 1830 qui
1134 1767 1243 1830 quidem

158 1850 185 1898 et
201 1845 314 1910 volgaris
332 1851 385 1908 cst,
413 1847 497 1912 quetis
515 1849 540 1898 iu
558 1849 639 1898 triviis
656 1847 823 1913 plebeiorum
840 1849 977 1900 hominum
996 1853 1050 1910 est,
1079 1853 1106 1900 et
1122 1849 1240 1913 politior,

156 1929 241 1994 qualis
258 1931 397 1982 hominum
414 1932 440 1981 iu
456 1931 513 1994 soro
529 1933 695 1982 versantium
706 1935 734 1981 et
745 1945 840 1982 causas
852 1933 995 1995 agentium.
1023 1932 1104 1984 Simiii
1116 1931 1242 1996 loquendi

157 2013 245 2066 colore
271 2027 332 2064 eum
359 2015 495 2078 distinguit
515 2013 580 2066 Geli.
600 2017 629 2075 t,
649 2015 696 2064 22:
722 2016 751 2064 id
774 2015 842 2078 (anic
867 2014 901 2065 iiii
919 2016 1067 2080 superest»)
1085 2017 1177 2067 dictito
1192 2031 1243 2068 non

156 2099 184 2148 iu
200 2099 322 2162 compitis
339 2103 437 2148 tantm
452 2111 531 2159 nepae
547 2100 574 2147 ia
587 2098 658 2160 ptete
672 2099 804 2162 ootporio,
822 2100 864 2148 sed
881 2097 991 2160 intono,
1009 2101 1036 2150 tn
1047 2101 1156 2161 comitto,
1174 2103 1243 2163 apud

156 2181 308 2232 tsibmotia:
327 2185 354 2232 et
370 2181 442 2245 quod
459 2181 569 2232 adrem
586 2183 679 2232 attinet
697 2183 751 2232 Cic.
770 2181 804 2232 de
820 2183 863 2232 Or.
878 2183 905 2243 t,
926 2183 972 2233 t8:
992 2184 1105 2234 Nittdmn
1116 2186 1243 2246 paoddani

156 2278 234 2328 genoe
249 2270 272 2316 et
287 2265 419 2316 cotoneo
435 2271 459 2316 et
475 2267 582 2327 laetare,
600 2266 642 2316 sed
654 2266 800 2328 palaestrae
809 2267 891 2330 mapis
902 2271 925 2316 et
938 2267 982 2316 otii
994 2281 1070 2329 worn
1081 2267 1154 2318 dutus
1163 2269 1243 2318 civitio

157 2348 245 2398 tortce
270 2363 301 2400 oc
325 2350 383 2412 scri.
419 2350 510 2413 ltaque
535 2353 614 2414 poeta
635 2352 744 2412 Satyros
767 2352 886 2413 agrestes
905 2349 1037 2400 dedecere
1056 2353 1091 2402 ait
1108 2352 1240 2402 urbanum

157 2443 324 2493 sermonem,
342 2431 478 2496 vulgarem
497 2433 567 2484 iusta
584 2437 663 2497 atque
681 2432 834 2498 potitiorum
851 2434 1001 2492 homiuum,
1027 2433 1082 2486 iere
1100 2436 1138 2486 uti
1154 2435 1242 2486 Thec-

158 2516 216 2566 criti
232 2517 307 2566 diuca
322 2517 418 2568 metica
433 2521 457 2567 et
470 2517 608 2578 pactorctie
623 2532 674 2568 aon
691 2517 779 2568 iorum
794 2519 881 2579 modo,
898 2531 987 2568 oerum
1003 2519 1089 2582 ipsam
1106 2519 1182 2569 etiam
1199 2532 1242 2568 ur·

155 2599 221 2650 bem
236 2599 384 2662 reformidat
401 2601 558 2662 (secundum
576 2600 681 2661 Quintil.
702 2604 720 2652 1.
740 2603 769 2651 0.
788 2602 832 2663 to,
852 2602 879 2661 t,
898 2603 964 2664 en),
988 2602 1091 2652 urbano
1116 2615 1240 2654 sermone

157 2681 233 2746 piane
259 2681 388 2744 abstinet,
416 2683 514 2735 iorensi
536 2685 637 2748 pariter
653 2687 734 2746 atquw
751 2682 859 2746 volgari.
894 2685 979 2734 irinati
996 2685 1077 2734 tetvits
1094 2685 1171 2748 igitur
1188 2698 1241 2735 non

158 2766 191 2816 de
208 2767 312 2817 sentina
329 2764 416 2830 piebis
433 2767 569 2826 homines,
589 2767 637 2818 sed
654 2766 761 2816 omnino
779 2765 812 2815 de
831 2765 898 2816 civiti
917 2765 1009 2826 turba,
1035 2769 1065 2816 ut
1082 2767 1175 2818 Cicero
1193 2781 1242 2831 ap-

157 2847 237 2912 pellet
257 2850 377 2912 (acerum
394 2849 446 2900 hoc
464 2848 540 2912 ionga
558 2848 629 2900 atiud
647 2847 789 2912 significat,
817 2847 971 2900 twtukntae
993 2851 1151 2900 conticerem
1171 2851 1239 2912 On),

157 2932 318 2996 intelligendi
335 2935 409 2994 suut,
429 2933 474 2997 qui
492 2933 601 2996 quidem
618 2946 670 2983 non
688 2935 743 2982 tam
761 2934 890 2982 concinne
902 2935 982 2996 atquc
995 2936 1086 2984 ornate
1098 2932 1242 2997 ioquuntur

157 3030 238 3081 quam
255 3019 376 3068 oratores
394 3016 420 3066 iu
437 3016 510 3075 ioro;
537 3029 651 3080 quorum
670 3014 795 3079 loquendi
812 3015 1033 3066 consuetudinem
1051 3017 1151 3078 Satyris
1168 3019 1240 3068 tento

157 3101 242 3164 magis
259 3100 393 3151 vitandam
411 3113 472 3151 esse
489 3102 567 3165 pocta
585 3101 634 3160 eit,
652 3112 707 3163 quo
725 3100 808 3162 magis
825 3097 865 3148 iiia
884 3098 918 3149 ab
931 3112 1025 3150 eorum
1037 3103 1130 3150 natura
1142 3100 1241 3151 discre-

156 3186 211 3250 pet.
246 3185 370 3234 Horatius
393 3185 470 3247 igitur
489 3184 541 3234 hoc
561 3181 631 3232 voit:
659 3181 818 3233 «silvestres
834 3182 921 3245 Satyri
942 3195 975 3232 ne
992 3185 1099 3232 utantur
1115 3196 1240 3235 sermone

157 3268 274 3328 urbano,
302 3267 402 3317 nedum
423 3267 547 3318 ionersi.»
582 3268 638 3316 iam
660 3265 795 3316 terensem
816 3277 970 3316 sermonem
992 3265 1113 3328 designat
1128 3269 1239 3331 poetae

157 3351 237 3402 nimia
263 3351 445 3402 concinnitatis
471 3350 655 3410 affectatione,
685 3362 753 3412 quae
780 3346 922 3400 iuvenilem
948 3348 1082 3412 quandem
1105 3348 1240 3401 lasciviam

157 3435 244 3500 prodit
259 3438 340 3498 atque
358 3434 573 3493 redundantiam.
601 3433 671 3483 unde
697 3433 749 3482 hoc
774 3431 890 3482 iuvenuit
914 3433 1004 3482 tenetis
1026 3432 1139 3483 ceram
1163 3433 1238 3495 dicit,

157 3519 229 3582 quod
252 3519 346 3570 Graeci
367 3519 458 3570 itidem
476 3513 675 3570 νεανιεύεσθαι
692 3518 719 3566 et
734 3511 977 3586 μειρακιεύεσθαι.
1008 3516 1046 3567 ci.
1065 3517 1174 3567 omnino
1191 3517 1240 3568 Er-

158 3604 225 3654 nesti
243 3605 305 3652 Lex.
325 3601 439 3653 technct.
459 3603 503 3652 Gr.
522 3602 591 3653 rhet.
611 3615 636 3652 v.
655 3597 917 3650 ΜΕΙΡΑΚΙΩΔΕΣ.
953 3602 1044 3662 itaque
1062 3601 1143 3650 innati
1159 3601 1241 3651 teioits

157 3700 210 3738 non
227 3690 398 3750 opponuntur
412 3685 551 3749 soreneim
568 3698 656 3748 neque
669 3685 814 3749 respiciunt
825 3683 925 3734 verba:
944 3689 990 3734 cut
1001 3685 1131 3734 immunda
1141 3690 1242 3747 crepent

156 3771 370 3835 tpeomteosaqie
386 3770 469 3830 dicitu
496 3769 569 3832 quod
586 3769 743 3831 Doeringius
761 3768 941 3830 existimabat,
970 3769 1015 3832 qui
1032 3769 1059 3818 in
1077 3769 1145 3819 hanc
1163 3781 1240 3820 suam

157 3867 215 3906 rem
232 3858 278 3904 aut
290 3865 372 3915 paene
386 3853 495 3915 forenses
512 3851 573 3902 idco
590 3851 733 3915 legendum
744 3850 895 3912 statuebat;
914 3865 983 3916 quae
996 3853 1170 3902 correctione
1183 3855 1240 3904 tum

158 3938 267 4002 quidem
290 3938 332 3988 est
354 3936 518 3996 necessaria,
539 3936 561 3986 si
579 3948 611 3984 ex
629 3935 686 3985 eius
703 3937 793 3984 mente
810 3949 921 3986 sensum
938 3934 988 3986 tooi
1006 3937 1159 3986 constituas.
1187 3935 1240 3985 Sed

158 4023 244 4086 Satyri
261 4023 354 4072 natura
371 4032 419 4071 sua
436 4022 498 4070 sunt
513 4019 606 4067 risores
624 4020 651 4068 et
667 4019 766 4068 dicaces
777 4019 810 4080 (v.
822 4019 903 4080 iit),
923 4032 1037 4082 quorum
1049 4017 1118 4069 sales
1130 4020 1158 4068 et
1168 4019 1239 4070 iocos

159 4106 192 4156 ita
211 4102 400 4169 temperandos
417 4117 478 4155 esse
495 4103 573 4167 pocta
592 4103 698 4163 mouet,
726 4114 759 4150 ue
777 4102 885 4152 nimiam
903 4102 1075 4153 rusticitatem
1092 4101 1238 4154 redoleant.

159 4191 250 4254 itaque
272 4188 305 4239 ab
329 4187 439 4240 urbanis
460 4185 612 4238 hominihus
629 4185 732 4236 urbane
749 4183 897 4235 iocantibus
915 4185 983 4235 dicta
1001 4183 1043 4235 iiia
1060 4185 1196 4237 immunda
1214 4189 1241 4236 et

159 4273 331 4337 ignominiosa
348 4273 432 4337 repeti
450 4285 502 4322 non
520 4273 668 4336 poteraut.»

624 4379 772 4390 ......-—-.-
