3178 4972
598 425 657 478 uu.
678 429 696 477 r.
731 427 828 480 sersr.
848 429 879 478 x.
1224 430 1287 494 483

240 581 308 652 Nec
328 603 381 649 me
404 579 544 650 dimittes
566 583 804 671 incastigatum,
828 584 883 651 ubi
906 583 997 672 plura
1246 589 1286 650 lb

241 707 367 794 Cogere
389 725 488 792 quam
510 705 589 772 satis
611 714 661 772 est
683 725 722 772 ao
744 726 807 772 uon
830 725 962 774 cessare
984 706 1129 774 videbor.

240 828 381 914 Imperat
402 835 458 892 aut
479 828 578 893 servit
599 825 734 894 collecta
755 827 893 914 pecunia
916 828 1050 918 cuique,

241 950 371 1015 Tortum
391 946 489 1036 digna
511 948 604 1036 sequi
627 949 734 1036 potius
757 969 855 1038 qnam
877 949 998 1018 ducere
1020 950 1138 1018 ionem.

241 1071 330 1137 llaec
351 1069 409 1136 tibi
431 1067 592 1138 dictabam
614 1079 689 1160 post
709 1069 817 1138 lanum
840 1079 933 1160 putre
956 1071 1119 1149 Vacunae,

266 1277 307 1330 l'l.
325 1279 448 1341 meret,
465 1279 536 1328 lond
553 1277 692 1328 Waddelio
710 1279 819 1328 auctore
836 1279 960 1342 Doering.

202 1466 364 1531 κιτιμητον.
385 1492 412 1500 -
437 1463 539 1529 copore]
561 1465 588 1515 b.
606 1464 623 1515 l.
644 1477 727 1516 «oon-
764 1466 834 1514 tur.»
868 1465 1008 1524 Quomodo
1030 1465 1113 1518 verba
1130 1470 1188 1534 ipsa
1205 1483 1288 1536 expo·

202 1553 312 1605 gerere,
340 1551 527 1590 coacervare.»
547 1563 574 1576 -
595 1553 673 1603 ᾳοοηι
688 1552 729 1588 so·
765 1537 852 1593 neoda
878 1539 943 1599 sint,
969 1539 1119 1604 ambigitur.
1152 1545 1183 1594 V.
1210 1550 1290 1598 torm

202 1615 234 1666 tis
249 1613 292 1678 ost]
317 1613 395 1666 Locis
411 1611 542 1666 similibus
560 1614 594 1666 ab
612 1614 728 1666 Obbario
766 1603 903 1676 epitheton
919 1613 1021 1666 tunium
1033 1618 1061 1666 et
1074 1617 1219 1670 rudentum
1229 1633 1291 1685 per·

202 1687 237 1740 ad
262 1687 289 1738 b.
312 1685 330 1738 l.
357 1689 490 1752 congestis
516 1687 587 1739 addo
612 1687 729 1739 Alexidis
765 1689 877 1752 petuum
892 1701 954 1740 esse
966 1693 1116 1740 monstrant
1126 1693 1289 1758 interpretes

201 1777 245 1816 vv.
264 1764 291 1814 iu
308 1763 390 1814 Grotii
407 1763 471 1814 Exc.
491 1776 518 1828 p.
532 1763 596 1815 593:
620 1755 729 1830 Ἔγωγε
766 1775 799 1810 ex
815 1761 886 1826 virg.
899 1763 966 1813 Aen.
979 1761 1004 1824 l,
1022 1765 1079 1814 aas.
1100 1765 1174 1816 ovid.
1187 1769 1248 1820 llet.
1262 1769 1287 1832 3,

201 1833 254 1888 τοῦ
279 1831 316 1887 τὰ
341 1829 431 1888 δέοντ’
453 1830 533 1897 ’ἔχειν
549 1831 729 1910 ἀρκούμενος
766 1835 823 1886 679.
852 1835 946 1887 Catuli.
960 1836 1001 1898 dl,
1018 1837 1075 1888 235.
1093 1840 1168 1890 Pers.
1186 1843 1213 1903 n,
1231 1841 1288 1894 tto.

203 1907 247 1964 Τὰ
264 1907 381 1984 περιττὰ
396 1909 491 1976 μισῶ·
511 1917 573 1976 τοῖς
591 1907 730 1984 saepest·
766 1911 823 1962 lam
838 1909 930 1962 malim
947 1909 1092 1976 inteutgmo
1110 1911 1144 1964 de
1161 1913 1223 1966 lune
1240 1916 1293 1968 du-

203 1985 289 2038 λοοσι
305 1981 361 2057 γὰρ
370 1987 478 2058 Τέρψις
493 1981 614 2052 puoso
626 1981 729 2050 ἔνεστι,
767 1985 850 2035 ctario
875 1984 917 2036 vel
950 1987 977 2036 iu
1006 1987 1136 2038 machinis
1161 1991 1292 2044 tractoriis

205 2060 375 2113 πολυτέλεια
390 2059 430 2112 δέ.
768 2060 878 2124 (vitruv.
892 2061 932 2122 to,
947 2061 1001 2111 3et
1011 2061 1045 2124 l.)
1063 2061 1106 2112 vel
1123 2063 1149 2112 in
1161 2063 1291 2128 remulco,

236 2135 732 2202 tr.ts.1mp0rataotmu]·rrout
768 2146 850 2197 mam
867 2135 901 2184 ds
918 2134 994 2194 tune,
1021 2149 1075 2199 quo
1096 2135 1231 2188 ducuntur
1246 2140 1295 2190 bo-
1348 2189 1353 2196 ,

202 2223 347 2276 possessor
364 2213 422 2262 est:
441 2213 464 2262 si
478 2213 598 2277 sapiens,
616 2212 731 2277 pecnnia
767 2221 816 2259 ves
842 2209 942 2272 (iuven.
969 2211 1022 2260 Sat.
1045 2211 1091 2272 ts,
1115 2211 1164 2274 5.),
1190 2211 1233 2264 vel
1258 2213 1293 2266 de

204 2287 280 2350 parta
302 2286 414 2336 inservit
436 2287 507 2336 vitae
527 2285 732 2338 necessitudini·
768 2281 924 2345 saltatione,
944 2297 1025 2348 mam
1041 2286 1127 2335 rasttrn
1143 2287 1233 2338 decom
1249 2303 1295 2354 ap

204 2361 271 2420 bns,
290 2358 399 2410 utilibus
411 2361 537 2425 inceptis,
555 2361 732 2412 beneflciisin
768 2357 904 2422 pellebant
928 2359 1042 2422 (Terent.
1061 2359 1110 2412 sd.
1131 2359 1160 2424 l,
1181 2362 1208 2423 7,
1227 2362 1293 2428 st),

205 2433 270 2486 alios
288 2432 476 2494 conterendis3
495 2435 535 2485 sin
554 2434 663 2498 stultus,
682 2449 732 2500 pa·
769 2432 812 2483 vel
830 2431 864 2482 de
880 2432 944 2484 ludo
960 2447 1121 2498 puerorum,
1146 2437 1192 2500 qui
1210 2437 1295 2489 duce-

205 2508 282 2559 cunia
300 2509 325 2558 ei
343 2509 471 2573 imperat,
489 2509 519 2560 nt
536 2509 661 2560 dominns
673 2523 733 2561 ser·
769 2507 835 2558 baut
858 2509 994 2572 sparteam
1020 2511 1121 2560 restem
1145 2513 1173 2560 et
1193 2511 1295 2562 tamdiu

204 2595 254 2645 vo,
272 2583 307 2632 ita
318 2584 361 2643 ut,
377 2584 500 2646 quamvis
512 2597 544 2635 ea
556 2587 594 2635 uti
606 2587 731 2649 nequeat,
771 2581 929 2645 trabebant,
957 2583 1045 2634 donec
1069 2586 1115 2634 ant
1139 2589 1296 2650 rumperent

207 2659 296 2707 tamm
317 2657 375 2708 eius
392 2670 502 2722 semper
517 2659 657 2722 augendae
672 2673 734 2710 cau·
770 2659 816 2708 eut
833 2655 961 2709 alteruter
978 2659 1076 2708 omissa
1097 2659 1166 2710 lunis
1182 2661 1298 2724 preben-

206 2744 236 2783 ss
253 2730 397 2795 quidlibet,
424 2733 506 2784 etiam
529 2735 733 2798 perversissima
771 2730 845 2781 sione
870 2730 945 2780 humi
971 2731 1092 2792 caderet,
1118 2730 1159 2781 vel
1177 2732 1295 2796 denique

207 2818 345 2870 quaeque,
364 2807 390 2857 in
402 2819 432 2858 se
444 2809 583 2872 suscipere
596 2807 733 2872 multoque
771 2817 834 2854 cum
852 2803 987 2854 Diderotio
1004 2805 1076 2867 apud
1098 2803 1193 2855 lacobs
1211 2807 1295 2857 Lectt.

207 2892 270 2930 cum
303 2879 395 2931 labore
430 2881 561 2946 perficere
598 2885 733 2945 cogatur.»
771 2879 870 2928 Venus.
885 2890 912 2941 p.
929 2877 1000 2937 toz,
1019 2879 1298 2944 quitortsonerplics—

207 2956 344 3017 Frequens
361 2957 505 3006 sententia:
524 2955 633 3007 Publius
651 2959 734 3019 Syrus
771 2952 832 3014 bat,
852 2952 932 3003 «dum
950 2953 1125 3016 torquetur„
1150 2952 1184 3004 de
1202 2955 1298 3005 restio-

209 3029 273 3079 998:
290 3031 400 3080 huntio
416 3031 572 3092 mtoocttto,
590 3031 735 3090 omnm&
772 3027 812 3076 nis
829 3026 945 3090 opificio.

209 3105 231 3153 st
255 3105 348 3166 osma,
377 3105 447 3154 bera.
491 3106 592 3154 Seneca
620 3104 654 3154 de
681 3106 735 3154 vita

209 3177 288 3229 beata
306 3178 350 3240 26,
369 3179 402 3227 t:
426 3179 538 3229 Dbdtoe
554 3180 623 3240 apatd
639 3179 737 3241 supter-
821 3174 917 3226 isso.
939 3175 983 3224 tibi
1000 3175 1134 3241 dtembom]
1153 3177 1200 3230 «nt
1216 3179 1245 3227 tn
1262 3175 1299 3228 le·

209 3258 259 3304 tom
281 3254 366 3303 otmm
389 3255 416 3303 to
438 3254 555 3304 mildo
571 3259 641 3315 suot,
667 3253 736 3315 opud
772 3262 859 3313 geres,
881 3249 1017 3300 dictabam
1030 3263 1091 3300 meo
1103 3263 1189 3315 puero
1206 3264 1222 3301 a
1239 3265 1299 3302 ma—

208 3329 310 3378 ststttum
325 3329 353 3377 io
368 3329 483 3391 impello.
513 3326 587 3379 Falsa
604 3326 735 3379 Wsddelii
773 3339 834 3376 nu.»
858 3325 1061 3390 imperfectum,
1088 3328 1119 3376 ut
1135 3327 1161 3376 in
1179 3325 1300 3377 subscri-

210 3404 363 3454 oonieotura
381 3415 395 3453 a
415 3403 555 3465 boeringio
572 3402 684 3467 probate
703 3416 736 3452 ex
772 3399 907 3465 ptionibus
924 3399 1195 3464 epistolarum:boco
1211 3401 1301 3452 scribs-

211 3491 244 3528 eo
261 3477 431 3542 potissimum
449 3481 507 3527 orta
525 3480 579 3538 est,
598 3477 671 3541 quod
688 3477 738 3528 oot-
772 3476 830 3526 bom
847 3477 910 3535 oet,
936 3478 1058 3540 tempore
1082 3476 1166 3526 relato
1184 3477 1218 3526 ad
1235 3475 1300 3526 iliud

210 3553 299 3602 mlum
328 3553 465 3614 moratam
499 3565 551 3604 non
581 3552 737 3617 simpliciter
772 3551 1057 3614 temporispunctum,
1077 3563 1144 3614 quo,
1163 3553 1205 3602 cui
1218 3552 1300 3600 missa

211 3629 362 3691 «partamp
379 3625 428 3677 sed
447 3629 549 3677 «otiose
567 3628 594 3677 in
611 3641 674 3678 erce
691 3639 735 3678 ss·
773 3627 815 3674 est
837 3623 961 3688 epistola,
990 3637 1050 3674 eam
1068 3625 1147 3688 leget.
1168 3653 1196 3662 —
1219 3625 1300 3674 Voco-

211 3703 365 3752 servatam»
400 3701 565 3765 interpretati
599 3703 669 3753 sunt.
706 3728 733 3737 —
763 3697 829 3763 aas]
853 3699 1004 3760 Vacnnnm,
1030 3701 1168 3763 antiquam
1186 3699 1299 3748 Sabino—

212 3775 314 3825 Tortum
331 3775 392 3840 cet]
419 3777 555 3828 Sententia
571 3789 621 3840 per
637 3789 667 3828 se
685 3775 738 3827 cla·
772 3787 833 3824 rum
845 3773 937 3835 deam,
952 3787 1020 3837 quae
1031 3776 1110 3823 etiam
1123 3775 1297 3836 propellente

210 3863 257 3901 ra:
285 3851 418 3901 «Pecunia
442 3849 526 3900 debet
548 3863 609 3900 esse
627 3863 658 3900 ea
677 3863 737 3900 ma·
773 3861 884 3898 nemora
900 3847 1019 3898 habebat
1036 3847 1108 3912 (Plio.
1122 3849 1153 3897 ll.
1167 3849 1198 3897 N.
1212 3847 1236 3908 3,
1250 3849 1295 3906 ts,

211 3924 319 3984 chinea,
338 3926 368 3975 ut
384 3925 418 3974 ita
436 3924 538 3984 dicam,
559 3922 646 3974 vitalis
663 3936 735 3987 pars,
774 3923 838 3985 tn),
860 3923 1033 3988 respondisse
1051 3925 1231 3973 Romanorum
1251 3923 1298 3972 Vi-

211 4011 281 4063 quae
299 4001 434 4060 movetur,
456 4011 509 4049 non
527 4011 571 4060 es,
590 4011 659 4062 quae
677 4011 737 4048 mo-
773 3999 888 4058 ctoriae,
902 4001 930 4048 et
941 3999 1030 4048 nititur
1042 3997 1169 4046 Varronis
1181 3997 1299 4046 testimo·

210 4075 292 4133 aaa»
319 4074 484 4124 «ordinatrix
509 4075 536 4124 et
560 4073 736 4138 dispensatrix
773 4073 816 4123 nio
833 4071 905 4135 apud
921 4075 1054 4123 leronem
1077 4071 1208 4132 (avocans
1225 4073 1298 4136 apud

212 4151 270 4200 esto
298 4161 375 4199 mens
402 4149 529 4212 sapientis
555 4149 734 4213 possessoris,
773 4145 885 4197 Sabinos
901 4145 1045 4210 plurimum
1063 4142 1165 4194 colitur.
1184 4145 1296 4205 Quidem

211 4224 324 4288 pecunia
342 4223 481 4284 materies,
500 4236 552 4287 qua
569 4235 619 4287 pro
631 4235 678 4273 sua
690 4236 736 4274 vo·
772 4219 922 4281 Bellonam,
942 4219 985 4269 slii
1001 4221 1160 4281 Minervam,
1178 4220 1220 4270 alii
1238 4222 1297 4271 Dia-

211 4296 312 4350 lnutate
336 4300 418 4362 atque
436 4295 603 4360 intelligentia
620 4295 662 4347 ille
679 4299 737 4347 uta·
772 4307 834 4346 nam
852 4295 1023 4358 putaverunt,
1043 4293 1160 4345 nonnulli
1177 4296 1204 4344 et
1216 4295 1297 4346 Cere·
