<?xml version="1.0" encoding="UTF-8"?>
<!DOCTYPE html PUBLIC "-//W3C//DTD XHTML 1.0 Transitional//EN"
    "http://www.w3.org/TR/xhtml1/DTD/xhtml1-transitional.dtd">
<html xmlns="http://www.w3.org/1999/xhtml" xml:lang="en" lang="en">
 <head>
  <title>
</title>
<meta http-equiv="Content-Type" content="text/html;charset=utf-8" />
  <meta name='ocr-system' content='tesseract 3.04.00' />
  <meta name='ocr-capabilities' content='ocr_page ocr_carea ocr_par ocr_line ocrx_word'/>
</head>
<body>
  <div class='ocr_page' id='page_1' title='image "./qhoratiusflaccu01baitgoog_0729.png"; bbox 0 0 3090 4974; ppageno 0'>
   <div class='ocr_carea' id='block_1_1' title="bbox 343 447 953 514">
    <p class='ocr_par' dir='ltr' id='par_1_1' title="bbox 343 447 953 514">
     <span class='ocr_line' id='line_1_1' title="bbox 343 447 953 514; baseline 0.002 -12"><span class='ocrx_word' id='word_1_1' title='bbox 343 447 405 514; x_wconf 67' lang='grc'><strong>716</strong></span> <span class='ocrx_word' id='word_1_2' title='bbox 733 475 736 480; x_wconf 69' lang='grc'><strong>’</strong></span> <span class='ocrx_word' id='word_1_3' title='bbox 825 453 953 504; x_wconf 70' lang='lat' dir='ltr'><strong>nourrii</strong></span> 
     </span>
    </p>
   </div>
   <div class='ocr_carea' id='block_1_2' title="bbox 383 605 1416 1058">
    <p class='ocr_par' dir='ltr' id='par_1_2' title="bbox 384 605 1122 693">
     <span class='ocr_line' id='line_1_2' title="bbox 384 605 1122 693; baseline 0 -21"><span class='ocrx_word' id='word_1_4' title='bbox 384 605 531 672; x_wconf 88' lang='lat' dir='ltr'><strong>Perfidus</strong></span> <span class='ocrx_word' id='word_1_5' title='bbox 553 607 658 684; x_wconf 90' lang='lat' dir='ltr'><strong>lxion,</strong></span> <span class='ocrx_word' id='word_1_6' title='bbox 682 608 716 671; x_wconf 94' lang='lat' dir='ltr'><strong>lo</strong></span> <span class='ocrx_word' id='word_1_7' title='bbox 739 627 834 693; x_wconf 85' lang='lat' dir='ltr'><strong>vaga,</strong></span> <span class='ocrx_word' id='word_1_8' title='bbox 859 608 956 674; x_wconf 87' lang='lat' dir='ltr'><strong>tristis</strong></span> <span class='ocrx_word' id='word_1_9' title='bbox 979 610 1122 674; x_wconf 82' lang='lat' dir='ltr'><strong>Orestes.</strong></span> 
     </span>
    </p>

    <p class='ocr_par' dir='ltr' id='par_1_3' title="bbox 383 726 1416 926">
     <span class='ocr_line' id='line_1_3' title="bbox 384 726 1416 815; baseline 0 -22"><span class='ocrx_word' id='word_1_10' title='bbox 384 728 416 793; x_wconf 93' lang='lat' dir='ltr'><strong>Si</strong></span> <span class='ocrx_word' id='word_1_11' title='bbox 440 726 517 814; x_wconf 90' lang='lat' dir='ltr'><strong>quid</strong></span> <span class='ocrx_word' id='word_1_12' title='bbox 541 728 742 815; x_wconf 86' lang='lat' dir='ltr'><strong>inexpertum</strong></span> <span class='ocrx_word' id='word_1_13' title='bbox 764 747 882 795; x_wconf 81' lang='lat' dir='ltr'>scenae</span> <span class='ocrx_word' id='word_1_14' title='bbox 904 730 1075 796; x_wconf 76' lang='lat' dir='ltr'><strong>committis</strong></span> <span class='ocrx_word' id='word_1_15' title='bbox 1096 739 1129 796; x_wconf 91' lang='lat' dir='ltr'><strong>et</strong></span> <span class='ocrx_word' id='word_1_16' title='bbox 1151 727 1252 796; x_wconf 88' lang='lat' dir='ltr'><strong>audes</strong></span> <span class='ocrx_word' id='word_1_17' title='bbox 1367 729 1416 794; x_wconf 74' lang='lat' dir='ltr'><strong>lac</strong></span> 
     </span>
     <span class='ocr_line' id='line_1_4' title="bbox 383 849 1246 926; baseline 0.001 -11"><span class='ocrx_word' id='word_1_18' title='bbox 383 850 558 915; x_wconf 81' lang='lat' dir='ltr'><strong>Personam</strong></span> <span class='ocrx_word' id='word_1_19' title='bbox 582 849 719 915; x_wconf 84' lang='lat' dir='ltr'><strong>formare</strong></span> <span class='ocrx_word' id='word_1_20' title='bbox 741 869 872 926; x_wconf 90' lang='lat' dir='ltr'><strong>novam,</strong></span> <span class='ocrx_word' id='word_1_21' title='bbox 896 859 1044 916; x_wconf 85' lang='lat' dir='ltr'><strong>servetur</strong></span> <span class='ocrx_word' id='word_1_22' title='bbox 1065 849 1105 916; x_wconf 92' lang='lat' dir='ltr'><strong>ad</strong></span> <span class='ocrx_word' id='word_1_23' title='bbox 1129 851 1246 926; x_wconf 85' lang='lat' dir='ltr'><strong>imum,</strong></span> 
     </span>
    </p>

    <p class='ocr_par' dir='ltr' id='par_1_4' title="bbox 383 968 1235 1058">
     <span class='ocr_line' id='line_1_5' title="bbox 383 968 1235 1058; baseline 0.001 -23"><span class='ocrx_word' id='word_1_24' title='bbox 383 968 494 1050; x_wconf 87' lang='lat' dir='ltr'><strong>Qualis</strong></span> <span class='ocrx_word' id='word_1_25' title='bbox 517 969 557 1036; x_wconf 88' lang='lat' dir='ltr'><strong>ab</strong></span> <span class='ocrx_word' id='word_1_26' title='bbox 580 970 708 1058; x_wconf 85' lang='lat' dir='ltr'><strong>incepto</strong></span> <span class='ocrx_word' id='word_1_27' title='bbox 731 971 941 1057; x_wconf 89' lang='lat' dir='ltr'><strong>processerit,</strong></span> <span class='ocrx_word' id='word_1_28' title='bbox 965 981 997 1038; x_wconf 88' lang='lat' dir='ltr'><strong>et</strong></span> <span class='ocrx_word' id='word_1_29' title='bbox 1018 971 1079 1038; x_wconf 90' lang='lat' dir='ltr'><strong>sibi</strong></span> <span class='ocrx_word' id='word_1_30' title='bbox 1102 981 1235 1039; x_wconf 89' lang='lat' dir='ltr'><strong>constet.</strong></span> 
     </span>
    </p>
   </div>
   <div class='ocr_carea' id='block_1_3' title="bbox 302 1247 1420 4386">
    <p class='ocr_par' dir='ltr' id='par_1_5' title="bbox 302 1247 1420 3784">
     <span class='ocr_line' id='line_1_6' title="bbox 340 1247 1418 1330; baseline 0.006 -29"><span class='ocrx_word' id='word_1_31' title='bbox 340 1250 389 1301; x_wconf 88' lang='lat' dir='ltr'><strong>alia</strong></span> <span class='ocrx_word' id='word_1_32' title='bbox 410 1263 526 1316; x_wconf 87' lang='lat' dir='ltr'><strong>persona</strong></span> <span class='ocrx_word' id='word_1_33' title='bbox 548 1263 609 1301; x_wconf 86' lang='lat' dir='ltr'><strong>eam</strong></span> <span class='ocrx_word' id='word_1_34' title='bbox 634 1251 668 1301; x_wconf 88' lang='lat' dir='ltr'><strong>ila</strong></span> <span class='ocrx_word' id='word_1_35' title='bbox 692 1250 862 1302; x_wconf 79' lang='lat' dir='ltr'><strong>cohortatur:</strong></span> <span class='ocrx_word' id='word_1_36' title='bbox 902 1247 1052 1317; x_wconf 78' lang='grc' dir='ltr'><em>χάζεσθαι)</em></span> <span class='ocrx_word' id='word_1_37' title='bbox 1078 1253 1112 1304; x_wconf 85' lang='grc' dir='ltr'><strong>τὸ</strong></span> <span class='ocrx_word' id='word_1_38' title='bbox 1136 1249 1262 1318; x_wconf 79' lang='grc' dir='ltr'><strong><em>ὁμαλόν,</em></strong></span> <span class='ocrx_word' id='word_1_39' title='bbox 1289 1259 1319 1307; x_wconf 90' lang='lat' dir='ltr'><strong>ut</strong></span> <span class='ocrx_word' id='word_1_40' title='bbox 1335 1273 1418 1330; x_wconf 84' lang='grc' dir='ltr'><strong><em>χαρα-</em></strong></span> 
     </span>
     <span class='ocr_line' id='line_1_7' title="bbox 340 1319 1418 1399; baseline 0.008 -23"><span class='ocrx_word' id='word_1_41' title='bbox 340 1327 484 1392; x_wconf 65' lang='lat' dir='ltr'><strong>servom</strong></span> <span class='ocrx_word' id='word_1_42' title='bbox 500 1319 682 1396; x_wconf 77' lang='grc' dir='ltr'><strong><em>τάνθρώπεια</em></strong></span> <span class='ocrx_word' id='word_1_43' title='bbox 698 1323 765 1392; x_wconf 74' lang='grc' dir='ltr'><strong><em>μηδ’</em></strong></span> <span class='ocrx_word' id='word_1_44' title='bbox 779 1319 865 1397; x_wconf 75' lang='grc' dir='ltr'><strong><em>ὑπορ-</em></strong></span> <span class='ocrx_word' id='word_1_45' title='bbox 902 1325 1063 1398; x_wconf 73' lang='grc' dir='ltr'><strong>κτῆρεςείοἰ</strong></span> <span class='ocrx_word' id='word_1_46' title='bbox 1073 1331 1237 1381; x_wconf 79' lang='lat' dir='ltr'><strong>constent·</strong></span> <span class='ocrx_word' id='word_1_47' title='bbox 1247 1333 1418 1399; x_wconf 66' lang='lat' dir='ltr'><strong>Difficitaceii</strong></span> 
     </span>
     <span class='ocr_line' id='line_1_8' title="bbox 302 1397 1419 1473; baseline 0.008 -23"><span class='ocrx_word' id='word_1_48' title='bbox 302 1439 307 1450; x_wconf 88' lang='lat'><strong>.</strong></span> <span class='ocrx_word' id='word_1_49' title='bbox 340 1397 561 1473; x_wconf 75' lang='grc' dir='ltr'><strong><em>μέτρωςἪγει</em></strong></span> <span class='ocrx_word' id='word_1_50' title='bbox 576 1401 636 1453; x_wconf 81' lang='grc' dir='ltr'><strong><em>κτλ.</em></strong></span> <span class='ocrx_word' id='word_1_51' title='bbox 652 1401 865 1466; x_wconf 72' lang='lat' dir='ltr'><strong>-Pcrpdualai</strong></span> <span class='ocrx_word' id='word_1_52' title='bbox 902 1403 1050 1464; x_wconf 67' lang='lat' dir='ltr'><strong>avarum.»</strong></span> <span class='ocrx_word' id='word_1_53' title='bbox 1069 1405 1167 1468; x_wconf 85' lang='lat' dir='ltr'><strong>inquit,</strong></span> <span class='ocrx_word' id='word_1_54' title='bbox 1187 1406 1303 1471; x_wconf 73' lang='lat' dir='ltr'><strong>«difficile</strong></span> <span class='ocrx_word' id='word_1_55' title='bbox 1319 1415 1419 1472; x_wconf 71' lang='grc' dir='ltr'><strong><em>σαρκο</em></strong></span> 
     </span>
     <span class='ocr_line' id='line_1_9' title="bbox 340 1471 1418 1542; baseline 0.006 -16"><span class='ocrx_word' id='word_1_56' title='bbox 340 1477 381 1542; x_wconf 85' lang='lat' dir='ltr'><strong>on]</strong></span> <span class='ocrx_word' id='word_1_57' title='bbox 400 1475 487 1528; x_wconf 84' lang='lat' dir='ltr'><strong>schol.</strong></span> <span class='ocrx_word' id='word_1_58' title='bbox 500 1476 619 1541; x_wconf 81' lang='lat' dir='ltr'><strong>Apollon.</strong></span> <span class='ocrx_word' id='word_1_59' title='bbox 633 1478 679 1528; x_wconf 85' lang='lat' dir='ltr'><strong>aa.</strong></span> <span class='ocrx_word' id='word_1_60' title='bbox 695 1477 719 1538; x_wconf 91' lang='grc'><strong>3,</strong></span> <span class='ocrx_word' id='word_1_61' title='bbox 733 1477 776 1526; x_wconf 73' lang='lat'><strong>62:</strong></span> <span class='ocrx_word' id='word_1_62' title='bbox 801 1471 864 1538; x_wconf 74' lang='grc' dir='ltr'><strong><em>Ἰξι-</em></strong></span> <span class='ocrx_word' id='word_1_63' title='bbox 896 1476 955 1536; x_wconf 81' lang='lat' dir='ltr'><strong>pria</strong></span> <span class='ocrx_word' id='word_1_64' title='bbox 965 1479 1106 1528; x_wconf 71' lang='lat' dir='ltr'><strong>corrsmonia</strong></span> <span class='ocrx_word' id='word_1_65' title='bbox 1116 1480 1223 1529; x_wconf 69' lang='lat' dir='ltr'><strong>diema-</strong></span> <span class='ocrx_word' id='word_1_66' title='bbox 1245 1482 1319 1541; x_wconf 78' lang='lat' dir='ltr'><strong>Quae</strong></span> <span class='ocrx_word' id='word_1_67' title='bbox 1330 1497 1372 1533; x_wconf 81' lang='lat' dir='ltr'><strong>vv.</strong></span> <span class='ocrx_word' id='word_1_68' title='bbox 1384 1484 1418 1532; x_wconf 84' lang='lat' dir='ltr'><strong>vi-</strong></span> 
     </span>
     <span class='ocr_line' id='line_1_10' title="bbox 339 1545 1416 1617; baseline 0.006 -18"><span class='ocrx_word' id='word_1_69' title='bbox 339 1567 379 1600; x_wconf 89' lang='grc' dir='ltr'><strong>ων</strong></span> <span class='ocrx_word' id='word_1_70' title='bbox 405 1547 542 1617; x_wconf 74' lang='grc' dir='ltr'><strong><em>γαμήσας</em></strong></span> <span class='ocrx_word' id='word_1_71' title='bbox 567 1551 638 1603; x_wconf 74' lang='grc' dir='ltr'><strong><em>Δίαν</em></strong></span> <span class='ocrx_word' id='word_1_72' title='bbox 659 1547 712 1617; x_wconf 81' lang='grc' dir='ltr'><strong>τὴν</strong></span> <span class='ocrx_word' id='word_1_73' title='bbox 732 1545 864 1613; x_wconf 79' lang='grc' dir='ltr'><strong><em>Ἠϊονέως</em></strong></span> <span class='ocrx_word' id='word_1_74' title='bbox 901 1548 998 1600; x_wconf 80' lang='lat' dir='ltr'><strong>dentur</strong></span> <span class='ocrx_word' id='word_1_75' title='bbox 1015 1553 1090 1614; x_wconf 88' lang='lat' dir='ltr'><strong>quasi</strong></span> <span class='ocrx_word' id='word_1_76' title='bbox 1110 1565 1241 1604; x_wconf 85' lang='lat' dir='ltr'><strong>conversa</strong></span> <span class='ocrx_word' id='word_1_77' title='bbox 1259 1569 1291 1605; x_wconf 90' lang='lat' dir='ltr'><strong>ax</strong></span> <span class='ocrx_word' id='word_1_78' title='bbox 1310 1559 1416 1608; x_wconf 86' lang='lat' dir='ltr'><strong>Graeco:</strong></span> 
     </span>
     <span class='ocr_line' id='line_1_11' title="bbox 339 1621 1416 1696; baseline 0.004 -20"><span class='ocrx_word' id='word_1_79' title='bbox 339 1626 484 1696; x_wconf 78' lang='grc' dir='ltr'><strong><em>θυγατέρα</em></strong></span> <span class='ocrx_word' id='word_1_80' title='bbox 501 1623 593 1678; x_wconf 80' lang='grc' dir='ltr'><strong><em>πολλὰ</em></strong></span> <span class='ocrx_word' id='word_1_81' title='bbox 608 1623 750 1687; x_wconf 77' lang='grc' dir='ltr'><strong><em>ὑπέσχετο</em></strong></span> <span class='ocrx_word' id='word_1_82' title='bbox 761 1623 864 1676; x_wconf 76' lang='grc' dir='ltr'><strong><em>δώσειν</em></strong></span> <span class='ocrx_word' id='word_1_83' title='bbox 900 1621 1027 1684; x_wconf 74' lang='grc' dir='ltr'><strong><em>χαλεπὸν</em></strong></span> <span class='ocrx_word' id='word_1_84' title='bbox 1050 1621 1087 1675; x_wconf 87' lang='grc' dir='ltr'><strong>τὰ</strong></span> <span class='ocrx_word' id='word_1_85' title='bbox 1112 1623 1197 1678; x_wconf 87' lang='grc' dir='ltr'><strong><em>κοινοὶ</em></strong></span> <span class='ocrx_word' id='word_1_86' title='bbox 1225 1627 1348 1682; x_wconf 55' lang='lat' dir='ltr'><strong>idulium.</strong></span> <span class='ocrx_word' id='word_1_87' title='bbox 1371 1631 1416 1694; x_wconf 75' lang='lat' dir='ltr'><strong>ici</strong></span> 
     </span>
     <span class='ocr_line' id='line_1_12' title="bbox 340 1694 1419 1773; baseline 0.006 -23"><span class='ocrx_word' id='word_1_88' title='bbox 340 1694 416 1751; x_wconf 74' lang='lat' dir='ltr'><strong>lova.</strong></span> <span class='ocrx_word' id='word_1_89' title='bbox 440 1695 594 1764; x_wconf 79' lang='grc' dir='ltr'><strong><em>Ἐλθόντος</em></strong></span> <span class='ocrx_word' id='word_1_90' title='bbox 610 1698 641 1752; x_wconf 76' lang='lat' dir='ltr'><strong>ol</strong></span> <span class='ocrx_word' id='word_1_91' title='bbox 653 1701 699 1752; x_wconf 76' lang='grc' dir='ltr'><strong>ἐπὶ</strong></span> <span class='ocrx_word' id='word_1_92' title='bbox 711 1697 863 1752; x_wconf 72' lang='grc' dir='ltr'><strong><em>ταῦταποῦ</em></strong></span> <span class='ocrx_word' id='word_1_93' title='bbox 901 1699 1025 1762; x_wconf 86' lang='lat' dir='ltr'><strong>Hermog.</strong></span> <span class='ocrx_word' id='word_1_94' title='bbox 1039 1701 1102 1772; x_wconf 74' lang='grc' dir='ltr'><strong><em>περὶ</em></strong></span> <span class='ocrx_word' id='word_1_95' title='bbox 1118 1699 1249 1766; x_wconf 76' lang='grc' dir='ltr'><strong><em>μεθόδου</em></strong></span> <span class='ocrx_word' id='word_1_96' title='bbox 1263 1701 1419 1773; x_wconf 77' lang='grc' dir='ltr'><strong><em>δεινότητος</em></strong></span> 
     </span>
     <span class='ocr_line' id='line_1_13' title="bbox 337 1770 1419 1848; baseline 0.004 -22"><span class='ocrx_word' id='word_1_97' title='bbox 337 1770 483 1839; x_wconf 73' lang='grc' dir='ltr'><strong>Ἠιονέως,</strong></span> <span class='ocrx_word' id='word_1_98' title='bbox 510 1775 650 1848; x_wconf 74' lang='grc' dir='ltr'><strong><em>βέρεθρον</em></strong></span> <span class='ocrx_word' id='word_1_99' title='bbox 673 1771 798 1840; x_wconf 78' lang='grc' dir='ltr'><strong><em>ποιήσας</em></strong></span> <span class='ocrx_word' id='word_1_100' title='bbox 814 1775 865 1824; x_wconf 83' lang='grc' dir='ltr'><strong><em>καὶ</em></strong></span> <span class='ocrx_word' id='word_1_101' title='bbox 901 1772 943 1822; x_wconf 89' lang='lat' dir='ltr'><strong>ed.</strong></span> <span class='ocrx_word' id='word_1_102' title='bbox 957 1773 1032 1824; x_wconf 85' lang='lat' dir='ltr'><strong>Walz</strong></span> <span class='ocrx_word' id='word_1_103' title='bbox 1052 1788 1078 1840; x_wconf 89' lang='lat' dir='ltr'><strong>p.</strong></span> <span class='ocrx_word' id='word_1_104' title='bbox 1092 1775 1159 1840; x_wconf 79' lang='lat' dir='ltr'><strong>isi.)</strong></span> <span class='ocrx_word' id='word_1_105' title='bbox 1180 1805 1208 1816; x_wconf 91' lang='lat'><strong>·-</strong></span> <span class='ocrx_word' id='word_1_106' title='bbox 1227 1782 1377 1846; x_wconf 74' lang='lat' dir='ltr'><strong>commata]</strong></span> <span class='ocrx_word' id='word_1_107' title='bbox 1394 1785 1419 1834; x_wconf 83' lang='lat' dir='ltr'><strong>u</strong></span> 
     </span>
     <span class='ocr_line' id='line_1_14' title="bbox 339 1845 1417 1924; baseline 0.008 -22"><span class='ocrx_word' id='word_1_108' title='bbox 339 1849 543 1924; x_wconf 79' lang='grc' dir='ltr'><strong><em>πυρακτώσας,</em></strong></span> <span class='ocrx_word' id='word_1_109' title='bbox 569 1847 703 1914; x_wconf 77' lang='grc' dir='ltr'><strong><em>σκεπάζει</em></strong></span> <span class='ocrx_word' id='word_1_110' title='bbox 727 1845 801 1902; x_wconf 75' lang='grc' dir='ltr'><strong><em>αὐτὸ</em></strong></span> <span class='ocrx_word' id='word_1_111' title='bbox 818 1849 864 1900; x_wconf 77' lang='grc' dir='ltr'><strong>λε·</strong></span> <span class='ocrx_word' id='word_1_112' title='bbox 899 1851 1044 1900; x_wconf 79' lang='lat' dir='ltr'><strong>communia</strong></span> <span class='ocrx_word' id='word_1_113' title='bbox 1055 1851 1080 1901; x_wconf 93' lang='lat' dir='ltr'><strong>in</strong></span> <span class='ocrx_word' id='word_1_114' title='bbox 1091 1851 1148 1902; x_wconf 89' lang='lat' dir='ltr'><strong>iure</strong></span> <span class='ocrx_word' id='word_1_115' title='bbox 1163 1851 1230 1904; x_wconf 89' lang='lat' dir='ltr'><strong>civili</strong></span> <span class='ocrx_word' id='word_1_116' title='bbox 1242 1859 1373 1907; x_wconf 85' lang='lat' dir='ltr'><strong>vocantur</strong></span> <span class='ocrx_word' id='word_1_117' title='bbox 1383 1870 1417 1910; x_wconf 89' lang='lat' dir='ltr'><strong>aa.</strong></span> 
     </span>
     <span class='ocr_line' id='line_1_15' title="bbox 339 1919 1417 1994; baseline 0.004 -17"><span class='ocrx_word' id='word_1_118' title='bbox 339 1931 421 1989; x_wconf 75' lang='grc' dir='ltr'><strong><em>πτοῑς</em></strong></span> <span class='ocrx_word' id='word_1_119' title='bbox 448 1923 545 1991; x_wconf 76' lang='grc' dir='ltr'><strong><em>ξύλοις</em></strong></span> <span class='ocrx_word' id='word_1_120' title='bbox 572 1929 622 1977; x_wconf 76' lang='grc' dir='ltr'><strong><em>καὶ</em></strong></span> <span class='ocrx_word' id='word_1_121' title='bbox 650 1923 730 1976; x_wconf 84' lang='grc' dir='ltr'><strong><em>κόνει</em></strong></span> <span class='ocrx_word' id='word_1_122' title='bbox 756 1919 844 1994; x_wconf 65' lang='grc' dir='ltr'><strong><em>λεπτῇ</em></strong></span> <span class='ocrx_word' id='word_1_123' title='bbox 856 1940 861 1949; x_wconf 94' lang='grc'><strong><em>·</em></strong></span> <span class='ocrx_word' id='word_1_124' title='bbox 901 1934 970 1986; x_wconf 86' lang='lat' dir='ltr'><strong>quaa</strong></span> <span class='ocrx_word' id='word_1_125' title='bbox 983 1924 1103 1975; x_wconf 91' lang='lat' dir='ltr'><strong>omnium</strong></span> <span class='ocrx_word' id='word_1_126' title='bbox 1112 1929 1182 1985; x_wconf 84' lang='lat' dir='ltr'><strong>sunl,</strong></span> <span class='ocrx_word' id='word_1_127' title='bbox 1192 1927 1331 1991; x_wconf 72' lang='lat' dir='ltr'><strong>valuistin,</strong></span> <span class='ocrx_word' id='word_1_128' title='bbox 1342 1943 1417 1988; x_wconf 81' lang='lat' dir='ltr'><strong>mare.</strong></span> 
     </span>
     <span class='ocr_line' id='line_1_16' title="bbox 339 1994 1420 2066; baseline 0.005 -14"><span class='ocrx_word' id='word_1_129' title='bbox 339 1997 515 2066; x_wconf 77' lang='grc' dir='ltr'><strong><em>ἐμπεσώνθὲ</em></strong></span> <span class='ocrx_word' id='word_1_130' title='bbox 528 1994 862 2065; x_wconf 75' lang='grc' dir='ltr'><strong><em>ὁἩϊονεὺςάπὸλλιιται·</em></strong></span> <span class='ocrx_word' id='word_1_131' title='bbox 900 1996 990 2059; x_wconf 80' lang='lat' dir='ltr'><strong>litora,</strong></span> <span class='ocrx_word' id='word_1_132' title='bbox 1009 2011 1133 2064; x_wconf 81' lang='lat' dir='ltr'><strong>quaeque</strong></span> <span class='ocrx_word' id='word_1_133' title='bbox 1159 2015 1174 2052; x_wconf 85' lang='lat' dir='ltr'><strong>a</strong></span> <span class='ocrx_word' id='word_1_134' title='bbox 1201 2002 1271 2056; x_wconf 89' lang='lat' dir='ltr'><strong>nullo</strong></span> <span class='ocrx_word' id='word_1_135' title='bbox 1295 2010 1358 2056; x_wconf 87' lang='lat' dir='ltr'><strong>sunt</strong></span> <span class='ocrx_word' id='word_1_136' title='bbox 1378 2019 1420 2056; x_wconf 89' lang='lat' dir='ltr'><strong>oc-</strong></span> 
     </span>
     <span class='ocr_line' id='line_1_17' title="bbox 340 2070 1418 2144; baseline 0.004 -19"><span class='ocrx_word' id='word_1_137' title='bbox 340 2074 435 2127; x_wconf 80' lang='grc' dir='ltr'><strong><em>λθσσα</em></strong></span> <span class='ocrx_word' id='word_1_138' title='bbox 459 2074 490 2126; x_wconf 79' lang='grc' dir='ltr'><strong>δὲ</strong></span> <span class='ocrx_word' id='word_1_139' title='bbox 513 2074 553 2144; x_wconf 79' lang='grc' dir='ltr'><strong>τῷ</strong></span> <span class='ocrx_word' id='word_1_140' title='bbox 573 2070 668 2140; x_wconf 70' lang='grc' dir='ltr'><strong><em>Ἰξίονι</em></strong></span> <span class='ocrx_word' id='word_1_141' title='bbox 685 2075 801 2126; x_wconf 78' lang='grc' dir='ltr'><strong><em>ἐνέπεσε</em></strong></span> <span class='ocrx_word' id='word_1_142' title='bbox 816 2070 864 2125; x_wconf 79' lang='grc' dir='ltr'><strong>διὰ</strong></span> <span class='ocrx_word' id='word_1_143' title='bbox 900 2075 998 2136; x_wconf 86' lang='lat' dir='ltr'><strong>cupata</strong></span> <span class='ocrx_word' id='word_1_144' title='bbox 1014 2086 1045 2123; x_wconf 89' lang='lat' dir='ltr'><strong>ao</strong></span> <span class='ocrx_word' id='word_1_145' title='bbox 1063 2087 1190 2138; x_wconf 85' lang='lat' dir='ltr'><strong>possessa</strong></span> <span class='ocrx_word' id='word_1_146' title='bbox 1207 2080 1233 2128; x_wconf 85' lang='lat' dir='ltr'><strong>et</strong></span> <span class='ocrx_word' id='word_1_147' title='bbox 1245 2081 1418 2144; x_wconf 87' lang='lat' dir='ltr'><strong>possuntiieri</strong></span> 
     </span>
     <span class='ocr_line' id='line_1_18' title="bbox 339 2147 1418 2217; baseline 0.005 -15"><span class='ocrx_word' id='word_1_148' title='bbox 339 2150 426 2204; x_wconf 79' lang='grc' dir='ltr'><strong><em>τοῦτο</em></strong></span> <span class='ocrx_word' id='word_1_149' title='bbox 438 2150 497 2202; x_wconf 80' lang='grc' dir='ltr'><strong><em>κτλ.</em></strong></span> <span class='ocrx_word' id='word_1_150' title='bbox 524 2153 563 2203; x_wconf 91' lang='lat' dir='ltr'><strong>Cl.</strong></span> <span class='ocrx_word' id='word_1_151' title='bbox 576 2152 623 2203; x_wconf 89' lang='lat' dir='ltr'><strong>Od.</strong></span> <span class='ocrx_word' id='word_1_152' title='bbox 637 2152 662 2213; x_wconf 89' lang='grc'><strong>3,</strong></span> <span class='ocrx_word' id='word_1_153' title='bbox 679 2151 862 2212; x_wconf 76' lang='lat' dir='ltr'><strong>il‚2l.l)iod.</strong></span> <span class='ocrx_word' id='word_1_154' title='bbox 900 2147 978 2210; x_wconf 77' lang='lat' dir='ltr'><strong>primi</strong></span> <span class='ocrx_word' id='word_1_155' title='bbox 999 2149 1129 2213; x_wconf 85' lang='lat' dir='ltr'><strong>cuiusque</strong></span> <span class='ocrx_word' id='word_1_156' title='bbox 1147 2155 1319 2217; x_wconf 82' lang='lat' dir='ltr'><strong>occupantis,</strong></span> <span class='ocrx_word' id='word_1_157' title='bbox 1346 2158 1382 2207; x_wconf 89' lang='lat' dir='ltr'><strong>sic</strong></span> <span class='ocrx_word' id='word_1_158' title='bbox 1397 2156 1418 2203; x_wconf 85' lang='lat' dir='ltr'><strong>ln</strong></span> 
     </span>
     <span class='ocr_line' id='line_1_19' title="bbox 339 2221 1420 2290; baseline 0.001 -13"><span class='ocrx_word' id='word_1_159' title='bbox 339 2228 389 2277; x_wconf 88' lang='lat' dir='ltr'><strong>Sic.</strong></span> <span class='ocrx_word' id='word_1_160' title='bbox 404 2227 428 2288; x_wconf 81' lang='lat' dir='ltr'><strong>l,</strong></span> <span class='ocrx_word' id='word_1_161' title='bbox 442 2227 483 2277; x_wconf 84' lang='grc'><strong>69.</strong></span> <span class='ocrx_word' id='word_1_162' title='bbox 499 2255 525 2262; x_wconf 99' lang='grc'>-</span> <span class='ocrx_word' id='word_1_163' title='bbox 542 2227 569 2276; x_wconf 87' lang='grc' dir='ltr'><strong>1ο</strong></span> <span class='ocrx_word' id='word_1_164' title='bbox 579 2225 655 2290; x_wconf 75' lang='lat' dir='ltr'><strong>uaga]</strong></span> <span class='ocrx_word' id='word_1_165' title='bbox 667 2226 776 2287; x_wconf 81' lang='lat' dir='ltr'><strong>Argiva,</strong></span> <span class='ocrx_word' id='word_1_166' title='bbox 795 2225 864 2274; x_wconf 89' lang='lat' dir='ltr'><strong>iovis</strong></span> <span class='ocrx_word' id='word_1_167' title='bbox 900 2221 975 2282; x_wconf 88' lang='lat' dir='ltr'><strong>poesi</strong></span> <span class='ocrx_word' id='word_1_168' title='bbox 993 2223 1020 2271; x_wconf 89' lang='lat' dir='ltr'><strong>et</strong></span> <span class='ocrx_word' id='word_1_169' title='bbox 1037 2221 1187 2287; x_wconf 87' lang='lat' dir='ltr'><strong>eloquentia</strong></span> <span class='ocrx_word' id='word_1_170' title='bbox 1204 2230 1350 2280; x_wconf 81' lang='lat' dir='ltr'><strong>mmmuaio</strong></span> <span class='ocrx_word' id='word_1_171' title='bbox 1365 2231 1420 2280; x_wconf 86' lang='lat' dir='ltr'><strong>suat</strong></span> 
     </span>
     <span class='ocr_line' id='line_1_20' title="bbox 339 2295 1418 2368; baseline 0.001 -17"><span class='ocrx_word' id='word_1_172' title='bbox 339 2300 560 2366; x_wconf 87' lang='lat' dir='ltr'><strong>pellexalunone</strong></span> <span class='ocrx_word' id='word_1_173' title='bbox 574 2302 599 2350; x_wconf 95' lang='lat' dir='ltr'><strong>in</strong></span> <span class='ocrx_word' id='word_1_174' title='bbox 611 2298 732 2350; x_wconf 84' lang='lat' dir='ltr'><strong>exsilium</strong></span> <span class='ocrx_word' id='word_1_175' title='bbox 744 2297 819 2364; x_wconf 90' lang='lat' dir='ltr'><strong>pulsa</strong></span> <span class='ocrx_word' id='word_1_176' title='bbox 838 2300 863 2348; x_wconf 95' lang='lat' dir='ltr'><strong>in</strong></span> <span class='ocrx_word' id='word_1_177' title='bbox 900 2295 988 2344; x_wconf 78' lang='lat' dir='ltr'><strong>omnio</strong></span> <span class='ocrx_word' id='word_1_178' title='bbox 1013 2309 1058 2358; x_wconf 83' lang='lat' dir='ltr'><strong>aa,</strong></span> <span class='ocrx_word' id='word_1_179' title='bbox 1080 2299 1179 2362; x_wconf 89' lang='lat' dir='ltr'><strong>qulbus</strong></span> <span class='ocrx_word' id='word_1_180' title='bbox 1200 2299 1267 2354; x_wconf 86' lang='lat' dir='ltr'><strong>alius</strong></span> <span class='ocrx_word' id='word_1_181' title='bbox 1284 2317 1372 2368; x_wconf 89' lang='lat' dir='ltr'><strong>aeque</strong></span> <span class='ocrx_word' id='word_1_182' title='bbox 1387 2305 1418 2353; x_wconf 88' lang='lat' dir='ltr'><strong>uli</strong></span> 
     </span>
     <span class='ocr_line' id='line_1_21' title="bbox 339 2369 1418 2444; baseline 0 -18"><span class='ocrx_word' id='word_1_183' title='bbox 339 2375 491 2439; x_wconf 80' lang='lat' dir='ltr'><strong>bovemque</strong></span> <span class='ocrx_word' id='word_1_184' title='bbox 504 2375 604 2425; x_wconf 82' lang='lat' dir='ltr'><strong>mutata</strong></span> <span class='ocrx_word' id='word_1_185' title='bbox 617 2375 705 2438; x_wconf 76' lang='lat' dir='ltr'><strong>(quam</strong></span> <span class='ocrx_word' id='word_1_186' title='bbox 717 2369 864 2444; x_wconf 81' lang='grc' dir='ltr'><strong><em>μεταμόρ-</em></strong></span> <span class='ocrx_word' id='word_1_187' title='bbox 900 2370 989 2432; x_wconf 82' lang='lat' dir='ltr'><strong>potest</strong></span> <span class='ocrx_word' id='word_1_188' title='bbox 1006 2373 1085 2434; x_wconf 83' lang='lat' dir='ltr'><strong>atque</strong></span> <span class='ocrx_word' id='word_1_189' title='bbox 1101 2385 1163 2436; x_wconf 86' lang='lat' dir='ltr'><strong>ego,</strong></span> <span class='ocrx_word' id='word_1_190' title='bbox 1182 2376 1209 2425; x_wconf 90' lang='lat' dir='ltr'><strong>h.</strong></span> <span class='ocrx_word' id='word_1_191' title='bbox 1223 2375 1240 2426; x_wconf 95' lang='lat' dir='ltr'><strong>l.</strong></span> <span class='ocrx_word' id='word_1_192' title='bbox 1258 2379 1418 2442; x_wconf 87' lang='lat' dir='ltr'><strong>potissimum</strong></span> 
     </span>
     <span class='ocr_line' id='line_1_22' title="bbox 338 2438 1419 2518; baseline 0.004 -20"><span class='ocrx_word' id='word_1_193' title='bbox 338 2464 435 2511; x_wconf 81' lang='grc' dir='ltr'><strong><em>φασιν</em></strong></span> <span class='ocrx_word' id='word_1_194' title='bbox 463 2449 577 2498; x_wconf 77' lang='lat' dir='ltr'><strong>artifices</strong></span> <span class='ocrx_word' id='word_1_195' title='bbox 606 2448 706 2509; x_wconf 80' lang='lat' dir='ltr'><strong>antiqui</strong></span> <span class='ocrx_word' id='word_1_196' title='bbox 737 2446 863 2498; x_wconf 90' lang='lat' dir='ltr'><strong>cornibus</strong></span> <span class='ocrx_word' id='word_1_197' title='bbox 900 2438 960 2508; x_wconf 78' lang='grc' dir='ltr'><strong>ἤθη</strong></span> <span class='ocrx_word' id='word_1_198' title='bbox 977 2445 1111 2507; x_wconf 83' lang='lat' dir='ltr'><strong>generalia</strong></span> <span class='ocrx_word' id='word_1_199' title='bbox 1125 2447 1264 2512; x_wconf 76' lang='grc' dir='ltr'><strong><em>(αὸτιτσοω</em></strong></span> <span class='ocrx_word' id='word_1_200' title='bbox 1274 2450 1419 2518; x_wconf 83' lang='lat' dir='ltr'><strong>quaenunc</strong></span> 
     </span>
     <span class='ocr_line' id='line_1_23' title="bbox 340 2517 1419 2585; baseline 0.003 -11"><span class='ocrx_word' id='word_1_201' title='bbox 340 2523 477 2574; x_wconf 79' lang='lat' dir='ltr'><strong>dumtaxat</strong></span> <span class='ocrx_word' id='word_1_202' title='bbox 494 2535 527 2572; x_wconf 88' lang='lat' dir='ltr'><strong>cx</strong></span> <span class='ocrx_word' id='word_1_203' title='bbox 541 2523 599 2572; x_wconf 87' lang='lat' dir='ltr'><strong>eius</strong></span> <span class='ocrx_word' id='word_1_204' title='bbox 610 2522 696 2572; x_wconf 87' lang='lat' dir='ltr'><strong>ironic</strong></span> <span class='ocrx_word' id='word_1_205' title='bbox 708 2534 864 2572; x_wconf 87' lang='lat' dir='ltr'><strong>excrescen·</strong></span> <span class='ocrx_word' id='word_1_206' title='bbox 900 2517 1086 2585; x_wconf 75' lang='lat' dir='ltr'><strong>appellamus),</strong></span> <span class='ocrx_word' id='word_1_207' title='bbox 1113 2526 1142 2574; x_wconf 86' lang='lat' dir='ltr'><strong>nt</strong></span> <span class='ocrx_word' id='word_1_208' title='bbox 1163 2529 1225 2577; x_wconf 89' lang='lat' dir='ltr'><strong>sunl</strong></span> <span class='ocrx_word' id='word_1_209' title='bbox 1241 2527 1358 2581; x_wconf 88' lang='lat' dir='ltr'><strong>bominis</strong></span> <span class='ocrx_word' id='word_1_210' title='bbox 1374 2530 1419 2578; x_wconf 88' lang='lat' dir='ltr'><strong>ira·</strong></span> 
     </span>
     <span class='ocr_line' id='line_1_24' title="bbox 339 2592 1419 2667; baseline 0.004 -19"><span class='ocrx_word' id='word_1_211' title='bbox 339 2598 410 2648; x_wconf 90' lang='lat' dir='ltr'><strong>tibus</strong></span> <span class='ocrx_word' id='word_1_212' title='bbox 430 2597 599 2662; x_wconf 74' lang='lat' dir='ltr'><strong>significanti,</strong></span> <span class='ocrx_word' id='word_1_213' title='bbox 625 2599 735 2662; x_wconf 88' lang='lat' dir='ltr'><strong>propter</strong></span> <span class='ocrx_word' id='word_1_214' title='bbox 757 2598 863 2648; x_wconf 90' lang='lat' dir='ltr'><strong>lunonis</strong></span> <span class='ocrx_word' id='word_1_215' title='bbox 900 2592 993 2654; x_wconf 84' lang='lat' dir='ltr'><strong>cundi,</strong></span> <span class='ocrx_word' id='word_1_216' title='bbox 1007 2595 1130 2658; x_wconf 83' lang='lat' dir='ltr'><strong>crudelis,</strong></span> <span class='ocrx_word' id='word_1_217' title='bbox 1144 2599 1250 2661; x_wconf 84' lang='lat' dir='ltr'><strong>lerocis,</strong></span> <span class='ocrx_word' id='word_1_218' title='bbox 1264 2601 1351 2654; x_wconf 89' lang='lat' dir='ltr'><strong>callidi</strong></span> <span class='ocrx_word' id='word_1_219' title='bbox 1363 2617 1419 2667; x_wconf 91' lang='lat' dir='ltr'><strong>pro·</strong></span> 
     </span>
     <span class='ocr_line' id='line_1_25' title="bbox 340 2667 1418 2736; baseline 0.002 -13"><span class='ocrx_word' id='word_1_220' title='bbox 340 2673 540 2724; x_wconf 85' lang='lat' dir='ltr'><strong>insectationem</strong></span> <span class='ocrx_word' id='word_1_221' title='bbox 552 2685 724 2736; x_wconf 85' lang='lat' dir='ltr'><strong>summopere</strong></span> <span class='ocrx_word' id='word_1_222' title='bbox 736 2673 821 2732; x_wconf 82' lang='lat' dir='ltr'><strong>anxia,</strong></span> <span class='ocrx_word' id='word_1_223' title='bbox 835 2675 865 2721; x_wconf 90' lang='lat' dir='ltr'><strong>ut</strong></span> <span class='ocrx_word' id='word_1_224' title='bbox 900 2667 1003 2728; x_wconf 70' lang='lat' dir='ltr'><strong>(litoris,</strong></span> <span class='ocrx_word' id='word_1_225' title='bbox 1031 2670 1079 2718; x_wconf 83' lang='lat' dir='ltr'><strong>viri</strong></span> <span class='ocrx_word' id='word_1_226' title='bbox 1101 2675 1223 2734; x_wconf 82' lang='lat' dir='ltr'><strong>generosi</strong></span> <span class='ocrx_word' id='word_1_227' title='bbox 1245 2675 1295 2726; x_wconf 88' lang='lat' dir='ltr'><strong>sed</strong></span> <span class='ocrx_word' id='word_1_228' title='bbox 1317 2677 1418 2729; x_wconf 80' lang='lat' dir='ltr'><strong>infelicis</strong></span> 
     </span>
     <span class='ocr_line' id='line_1_26' title="bbox 340 2742 1419 2816; baseline 0.002 -16"><span class='ocrx_word' id='word_1_229' title='bbox 340 2751 478 2813; x_wconf 87' lang='lat' dir='ltr'><strong>comparet</strong></span> <span class='ocrx_word' id='word_1_230' title='bbox 498 2749 524 2797; x_wconf 91' lang='lat' dir='ltr'><strong>iu</strong></span> <span class='ocrx_word' id='word_1_231' title='bbox 542 2745 666 2810; x_wconf 76' lang='lat' dir='ltr'><strong>Aeschyli</strong></span> <span class='ocrx_word' id='word_1_232' title='bbox 686 2748 861 2806; x_wconf 81' lang='lat' dir='ltr'><strong>Promethao;</strong></span> <span class='ocrx_word' id='word_1_233' title='bbox 900 2744 951 2792; x_wconf 80' lang='lat' dir='ltr'><strong>oet·</strong></span> <span class='ocrx_word' id='word_1_234' title='bbox 971 2742 1340 2812; x_wconf 73' lang='lat' dir='ltr'><strong>Tuliuculeminurgumanto</strong></span> <span class='ocrx_word' id='word_1_235' title='bbox 1353 2765 1419 2816; x_wconf 79' lang='lat' dir='ltr'><strong>pror</strong></span> 
     </span>
     <span class='ocr_line' id='line_1_27' title="bbox 340 2817 1419 2889; baseline 0.001 -14"><span class='ocrx_word' id='word_1_236' title='bbox 340 2825 465 2888; x_wconf 84' lang='lat' dir='ltr'><strong>idemque</strong></span> <span class='ocrx_word' id='word_1_237' title='bbox 483 2824 670 2887; x_wconf 81' lang='lat' dir='ltr'><strong>argumentum</strong></span> <span class='ocrx_word' id='word_1_238' title='bbox 685 2824 864 2873; x_wconf 83' lang='lat' dir='ltr'><strong>tractaverant</strong></span> <span class='ocrx_word' id='word_1_239' title='bbox 899 2831 945 2868; x_wconf 88' lang='lat' dir='ltr'><strong>sus</strong></span> <span class='ocrx_word' id='word_1_240' title='bbox 963 2817 1038 2880; x_wconf 83' lang='lat' dir='ltr'><strong>ficto,</strong></span> <span class='ocrx_word' id='word_1_241' title='bbox 1057 2819 1084 2870; x_wconf 92' lang='lat' dir='ltr'><strong>id</strong></span> <span class='ocrx_word' id='word_1_242' title='bbox 1101 2825 1155 2885; x_wconf 85' lang='lat' dir='ltr'><strong>est,</strong></span> <span class='ocrx_word' id='word_1_243' title='bbox 1174 2835 1227 2874; x_wconf 90' lang='lat' dir='ltr'><strong>non</strong></span> <span class='ocrx_word' id='word_1_244' title='bbox 1245 2838 1277 2874; x_wconf 87' lang='lat' dir='ltr'><strong>ex</strong></span> <span class='ocrx_word' id='word_1_245' title='bbox 1290 2825 1419 2889; x_wconf 80' lang='lat' dir='ltr'><strong>mytholo-</strong></span> 
     </span>
     <span class='ocr_line' id='line_1_28' title="bbox 339 2893 1418 2966; baseline 0 -17"><span class='ocrx_word' id='word_1_246' title='bbox 339 2899 508 2950; x_wconf 87' lang='lat' dir='ltr'><strong>Chaeremon</strong></span> <span class='ocrx_word' id='word_1_247' title='bbox 520 2899 659 2947; x_wconf 75' lang='lat' dir='ltr'><strong>etlccius.</strong></span> <span class='ocrx_word' id='word_1_248' title='bbox 674 2896 712 2947; x_wconf 92' lang='lat' dir='ltr'><strong>Cl.</strong></span> <span class='ocrx_word' id='word_1_249' title='bbox 724 2897 797 2947; x_wconf 83' lang='lat' dir='ltr'><strong>Ouid.</strong></span> <span class='ocrx_word' id='word_1_250' title='bbox 810 2899 864 2948; x_wconf 81' lang='lat' dir='ltr'><strong>lle-</strong></span> <span class='ocrx_word' id='word_1_251' title='bbox 899 2893 940 2956; x_wconf 79' lang='lat' dir='ltr'><strong>gia</strong></span> <span class='ocrx_word' id='word_1_252' title='bbox 952 2895 1080 2958; x_wconf 85' lang='lat' dir='ltr'><strong>repetito,</strong></span> <span class='ocrx_word' id='word_1_253' title='bbox 1090 2898 1195 2960; x_wconf 80' lang='lat' dir='ltr'><strong>proprio</strong></span> <span class='ocrx_word' id='word_1_254' title='bbox 1205 2899 1287 2950; x_wconf 76' lang='lat' dir='ltr'><strong>dicere</strong></span> <span class='ocrx_word' id='word_1_255' title='bbox 1298 2900 1418 2966; x_wconf 73' lang='lat' dir='ltr'><strong>(moratu</strong></span> 
     </span>
     <span class='ocr_line' id='line_1_29' title="bbox 338 2969 1417 3040; baseline -0.001 -16"><span class='ocrx_word' id='word_1_256' title='bbox 338 2976 401 3024; x_wconf 87' lang='lat' dir='ltr'><strong>tam.</strong></span> <span class='ocrx_word' id='word_1_257' title='bbox 416 2975 443 3034; x_wconf 89' lang='lat' dir='ltr'><strong>l,</strong></span> <span class='ocrx_word' id='word_1_258' title='bbox 460 2972 508 3023; x_wconf 84' lang='grc'><strong>533</strong></span> <span class='ocrx_word' id='word_1_259' title='bbox 519 2983 579 3036; x_wconf 87' lang='lat' dir='ltr'><strong>sqq.</strong></span> <span class='ocrx_word' id='word_1_260' title='bbox 606 2972 777 3023; x_wconf 80' lang='lat' dir='ltr'><strong>Monumenta</strong></span> <span class='ocrx_word' id='word_1_261' title='bbox 794 2971 863 3022; x_wconf 87' lang='lat' dir='ltr'><strong>hanc</strong></span> <span class='ocrx_word' id='word_1_262' title='bbox 899 2969 1027 3032; x_wconf 86' lang='lat' dir='ltr'><strong>reddere,</strong></span> <span class='ocrx_word' id='word_1_263' title='bbox 1053 2971 1371 3040; x_wconf 79' lang='lat' dir='ltr'><strong>individuoltsircn),</strong></span> <span class='ocrx_word' id='word_1_264' title='bbox 1396 2975 1417 3024; x_wconf 92' lang='lat' dir='ltr'><strong>id</strong></span> 
     </span>
     <span class='ocr_line' id='line_1_30' title="bbox 338 3044 1418 3112; baseline -0.001 -14"><span class='ocrx_word' id='word_1_265' title='bbox 338 3048 372 3098; x_wconf 90' lang='lat' dir='ltr'><strong>ad</strong></span> <span class='ocrx_word' id='word_1_266' title='bbox 387 3047 527 3098; x_wconf 83' lang='lat' dir='ltr'><strong>heroinam</strong></span> <span class='ocrx_word' id='word_1_267' title='bbox 538 3048 683 3111; x_wconf 79' lang='lat' dir='ltr'><strong>spectantia</strong></span> <span class='ocrx_word' id='word_1_268' title='bbox 696 3049 863 3097; x_wconf 85' lang='lat' dir='ltr'><strong>enumeravit</strong></span> <span class='ocrx_word' id='word_1_269' title='bbox 899 3046 952 3104; x_wconf 89' lang='lat' dir='ltr'><strong>est,</strong></span> <span class='ocrx_word' id='word_1_270' title='bbox 976 3045 1010 3094; x_wconf 86' lang='lat' dir='ltr'><strong>ita</strong></span> <span class='ocrx_word' id='word_1_271' title='bbox 1028 3044 1144 3097; x_wconf 87' lang='lat' dir='ltr'><strong>lormare</strong></span> <span class='ocrx_word' id='word_1_272' title='bbox 1162 3050 1190 3097; x_wconf 89' lang='lat' dir='ltr'><strong>et</strong></span> <span class='ocrx_word' id='word_1_273' title='bbox 1206 3049 1371 3112; x_wconf 84' lang='lat' dir='ltr'><strong>exprimere,</strong></span> <span class='ocrx_word' id='word_1_274' title='bbox 1394 3051 1418 3098; x_wconf 88' lang='lat' dir='ltr'><strong>ul</strong></span> 
     </span>
     <span class='ocr_line' id='line_1_31' title="bbox 337 3118 1417 3190; baseline 0 -17"><span class='ocrx_word' id='word_1_275' title='bbox 337 3122 468 3174; x_wconf 84' lang='lat' dir='ltr'><strong>Braunius</strong></span> <span class='ocrx_word' id='word_1_276' title='bbox 479 3121 581 3171; x_wconf 80' lang='lat' dir='ltr'><strong>iuAnn.</strong></span> <span class='ocrx_word' id='word_1_277' title='bbox 594 3121 652 3170; x_wconf 70' lang='lat' dir='ltr'><strong>laist.</strong></span> <span class='ocrx_word' id='word_1_278' title='bbox 666 3121 773 3171; x_wconf 73' lang='lat' dir='ltr'><strong>melcol.</strong></span> <span class='ocrx_word' id='word_1_279' title='bbox 788 3121 860 3173; x_wconf 82' lang='lat' dir='ltr'><strong>l839.</strong></span> <span class='ocrx_word' id='word_1_280' title='bbox 897 3118 949 3170; x_wconf 87' lang='lat' dir='ltr'><strong>sibi</strong></span> <span class='ocrx_word' id='word_1_281' title='bbox 971 3121 1093 3172; x_wconf 87' lang='lat' dir='ltr'><strong>constent</strong></span> <span class='ocrx_word' id='word_1_282' title='bbox 1113 3134 1145 3172; x_wconf 88' lang='lat' dir='ltr'><strong>ac</strong></span> <span class='ocrx_word' id='word_1_283' title='bbox 1168 3123 1286 3176; x_wconf 76' lang='lat' dir='ltr'><strong>veniatis</strong></span> <span class='ocrx_word' id='word_1_284' title='bbox 1304 3125 1417 3190; x_wconf 76' lang='lat' dir='ltr'><strong>poeticae</strong></span> 
     </span>
     <span class='ocr_line' id='line_1_32' title="bbox 339 3194 1418 3262; baseline 0.005 -16"><span class='ocrx_word' id='word_1_285' title='bbox 339 3211 365 3262; x_wconf 92' lang='lat' dir='ltr'><strong>p.</strong></span> <span class='ocrx_word' id='word_1_286' title='bbox 379 3195 437 3246; x_wconf 75' lang='lat'><strong>328.</strong></span> <span class='ocrx_word' id='word_1_287' title='bbox 452 3223 480 3232; x_wconf 89' lang='lat'>-</span> <span class='ocrx_word' id='word_1_288' title='bbox 499 3196 576 3245; x_wconf 85' lang='lat' dir='ltr'><strong>tristis</strong></span> <span class='ocrx_word' id='word_1_289' title='bbox 593 3195 697 3258; x_wconf 66' lang='lat' dir='ltr'><strong>oneras]</strong></span> <span class='ocrx_word' id='word_1_290' title='bbox 717 3194 756 3246; x_wconf 86' lang='lat' dir='ltr'><strong>Cl.</strong></span> <span class='ocrx_word' id='word_1_291' title='bbox 769 3195 822 3245; x_wconf 87' lang='lat' dir='ltr'><strong>Sat.</strong></span> <span class='ocrx_word' id='word_1_292' title='bbox 834 3197 859 3256; x_wconf 71' lang='lat'><strong>2,</strong></span> <span class='ocrx_word' id='word_1_293' title='bbox 898 3195 1015 3259; x_wconf 87' lang='lat' dir='ltr'><strong>speciem</strong></span> <span class='ocrx_word' id='word_1_294' title='bbox 1034 3209 1097 3260; x_wconf 88' lang='lat' dir='ltr'><strong>prae</strong></span> <span class='ocrx_word' id='word_1_295' title='bbox 1115 3209 1145 3248; x_wconf 87' lang='lat' dir='ltr'><strong>so</strong></span> <span class='ocrx_word' id='word_1_296' title='bbox 1163 3197 1261 3260; x_wconf 82' lang='lat' dir='ltr'><strong>lerant,</strong></span> <span class='ocrx_word' id='word_1_297' title='bbox 1281 3213 1347 3252; x_wconf 86' lang='lat' dir='ltr'><strong>sanc</strong></span> <span class='ocrx_word' id='word_1_298' title='bbox 1359 3199 1418 3252; x_wconf 89' lang='lat' dir='ltr'><strong>dilli-</strong></span> 
     </span>
     <span class='ocr_line' id='line_1_33' title="bbox 338 3267 1417 3338; baseline -0.001 -17"><span class='ocrx_word' id='word_1_299' title='bbox 338 3271 363 3332; x_wconf 87' lang='grc'><strong>3,</strong></span> <span class='ocrx_word' id='word_1_300' title='bbox 381 3270 428 3320; x_wconf 78' lang='grc'><strong>333</strong></span> <span class='ocrx_word' id='word_1_301' title='bbox 440 3283 499 3334; x_wconf 89' lang='lat' dir='ltr'><strong>sqq.</strong></span> <span class='ocrx_word' id='word_1_302' title='bbox 517 3270 588 3332; x_wconf 84' lang='lat' dir='ltr'><strong>virg.</strong></span> <span class='ocrx_word' id='word_1_303' title='bbox 602 3271 667 3320; x_wconf 75' lang='lat' dir='ltr'><strong>nen.</strong></span> <span class='ocrx_word' id='word_1_304' title='bbox 681 3269 709 3328; x_wconf 89' lang='grc'><strong>3,</strong></span> <span class='ocrx_word' id='word_1_305' title='bbox 727 3269 771 3320; x_wconf 78' lang='grc'><strong>334</strong></span> <span class='ocrx_word' id='word_1_306' title='bbox 785 3283 790 3317; x_wconf 81' lang='lat' dir='ltr'>z</span> <span class='ocrx_word' id='word_1_307' title='bbox 808 3283 862 3320; x_wconf 83' lang='lat' dir='ltr'><strong>sce·</strong></span> <span class='ocrx_word' id='word_1_308' title='bbox 898 3267 1024 3320; x_wconf 88' lang='lat' dir='ltr'><strong>cillimum</strong></span> <span class='ocrx_word' id='word_1_309' title='bbox 1037 3273 1086 3321; x_wconf 88' lang='lat' dir='ltr'><strong>ast.</strong></span> <span class='ocrx_word' id='word_1_310' title='bbox 1113 3272 1181 3322; x_wconf 82' lang='lat' dir='ltr'><strong>Raro</strong></span> <span class='ocrx_word' id='word_1_311' title='bbox 1193 3273 1265 3324; x_wconf 84' lang='lat' dir='ltr'><strong>enim</strong></span> <span class='ocrx_word' id='word_1_312' title='bbox 1277 3279 1365 3338; x_wconf 78' lang='lat' dir='ltr'><strong>polita,</strong></span> <span class='ocrx_word' id='word_1_313' title='bbox 1379 3274 1417 3338; x_wconf 89' lang='lat' dir='ltr'><strong>qni</strong></span> 
     </span>
     <span class='ocr_line' id='line_1_34' title="bbox 337 3343 1417 3419; baseline 0.004 -26"><span class='ocrx_word' id='word_1_314' title='bbox 337 3347 418 3398; x_wconf 71' lang='lat' dir='ltr'><strong>bnon</strong></span> <span class='ocrx_word' id='word_1_315' title='bbox 433 3345 508 3408; x_wconf 73' lang='lat' dir='ltr'><strong>furiis</strong></span> <span class='ocrx_word' id='word_1_316' title='bbox 518 3343 629 3408; x_wconf 72' lang='lat' dir='ltr'><strong>opimius</strong></span> <span class='ocrx_word' id='word_1_317' title='bbox 640 3343 743 3394; x_wconf 74' lang='grc' dir='ltr'><strong><em>Οιαιιι.</em></strong></span> <span class='ocrx_word' id='word_1_318' title='bbox 763 3343 862 3406; x_wconf 80' lang='lat' dir='ltr'><strong>(Tristis</strong></span> <span class='ocrx_word' id='word_1_319' title='bbox 898 3344 1028 3394; x_wconf 87' lang='lat' dir='ltr'><strong>eiusmodi</strong></span> <span class='ocrx_word' id='word_1_320' title='bbox 1059 3343 1244 3419; x_wconf 80' lang='grc' dir='ltr'><strong><em>χαρακτῆρας</em></strong></span> <span class='ocrx_word' id='word_1_321' title='bbox 1274 3362 1369 3400; x_wconf 87' lang='lat' dir='ltr'><strong>secum</strong></span> <span class='ocrx_word' id='word_1_322' title='bbox 1395 3349 1417 3397; x_wconf 90' lang='lat' dir='ltr'><strong>in</strong></span> 
     </span>
     <span class='ocr_line' id='line_1_35' title="bbox 337 3417 1417 3485; baseline -0.001 -12"><span class='ocrx_word' id='word_1_323' title='bbox 337 3423 428 3472; x_wconf 85' lang='lat' dir='ltr'><strong>autem</strong></span> <span class='ocrx_word' id='word_1_324' title='bbox 445 3417 487 3468; x_wconf 86' lang='lat' dir='ltr'><strong>val</strong></span> <span class='ocrx_word' id='word_1_325' title='bbox 505 3431 520 3468; x_wconf 89' lang='lat' dir='ltr'><strong>a</strong></span> <span class='ocrx_word' id='word_1_326' title='bbox 537 3419 619 3468; x_wconf 82' lang='lat' dir='ltr'><strong>Furiis</strong></span> <span class='ocrx_word' id='word_1_327' title='bbox 636 3419 761 3481; x_wconf 80' lang='lat' dir='ltr'><strong>agitatus,</strong></span> <span class='ocrx_word' id='word_1_328' title='bbox 786 3419 861 3470; x_wconf 88' lang='lat' dir='ltr'><strong>cuius</strong></span> <span class='ocrx_word' id='word_1_329' title='bbox 898 3417 1023 3470; x_wconf 89' lang='lat' dir='ltr'><strong>omnibus</strong></span> <span class='ocrx_word' id='word_1_330' title='bbox 1034 3421 1218 3485; x_wconf 85' lang='lat' dir='ltr'><strong>conspirantes</strong></span> <span class='ocrx_word' id='word_1_331' title='bbox 1227 3437 1259 3473; x_wconf 88' lang='lat' dir='ltr'><strong>ex</strong></span> <span class='ocrx_word' id='word_1_332' title='bbox 1273 3423 1417 3474; x_wconf 87' lang='lat' dir='ltr'><strong>notionibus</strong></span> 
     </span>
     <span class='ocr_line' id='line_1_36' title="bbox 338 3492 1417 3563; baseline 0 -17"><span class='ocrx_word' id='word_1_333' title='bbox 338 3497 425 3558; x_wconf 82' lang='lat' dir='ltr'><strong>imago</strong></span> <span class='ocrx_word' id='word_1_334' title='bbox 437 3495 479 3544; x_wconf 86' lang='lat' dir='ltr'><strong>est</strong></span> <span class='ocrx_word' id='word_1_335' title='bbox 490 3494 515 3542; x_wconf 91' lang='lat' dir='ltr'><strong>ln</strong></span> <span class='ocrx_word' id='word_1_336' title='bbox 524 3493 666 3556; x_wconf 86' lang='lat' dir='ltr'><strong>lngbirami</strong></span> <span class='ocrx_word' id='word_1_337' title='bbox 675 3494 740 3543; x_wconf 86' lang='lat' dir='ltr'><strong>Gall.</strong></span> <span class='ocrx_word' id='word_1_338' title='bbox 753 3494 806 3543; x_wconf 82' lang='lat' dir='ltr'><strong>Ora.</strong></span> <span class='ocrx_word' id='word_1_339' title='bbox 816 3495 859 3542; x_wconf 93' lang='lat' dir='ltr'><strong>lll.</strong></span> <span class='ocrx_word' id='word_1_340' title='bbox 898 3492 1066 3557; x_wconf 80' lang='lat' dir='ltr'><strong>generalibus</strong></span> <span class='ocrx_word' id='word_1_341' title='bbox 1078 3494 1127 3545; x_wconf 90' lang='lat' dir='ltr'><strong>sibi</strong></span> <span class='ocrx_word' id='word_1_342' title='bbox 1140 3499 1278 3562; x_wconf 78' lang='lat' dir='ltr'><strong>componit</strong></span> <span class='ocrx_word' id='word_1_343' title='bbox 1289 3501 1370 3563; x_wconf 87' lang='lat' dir='ltr'><strong>atquc</strong></span> <span class='ocrx_word' id='word_1_344' title='bbox 1379 3511 1417 3546; x_wconf 90' lang='lat' dir='ltr'><strong>ar·</strong></span> 
     </span>
     <span class='ocr_line' id='line_1_37' title="bbox 337 3565 1416 3637; baseline 0.002 -18"><span class='ocrx_word' id='word_1_345' title='bbox 337 3582 363 3633; x_wconf 93' lang='lat' dir='ltr'><strong>p.</strong></span> <span class='ocrx_word' id='word_1_346' title='bbox 377 3569 433 3629; x_wconf 75' lang='lat' dir='ltr'><strong>liii,</strong></span> <span class='ocrx_word' id='word_1_347' title='bbox 458 3566 502 3618; x_wconf 88' lang='lat' dir='ltr'><strong>vel</strong></span> <span class='ocrx_word' id='word_1_348' title='bbox 522 3565 633 3632; x_wconf 86' lang='lat' dir='ltr'><strong>supplex</strong></span> <span class='ocrx_word' id='word_1_349' title='bbox 652 3567 732 3618; x_wconf 91' lang='lat' dir='ltr'><strong>modo</strong></span> <span class='ocrx_word' id='word_1_350' title='bbox 749 3567 861 3632; x_wconf 75' lang='lat' dir='ltr'><strong>Apollini</strong></span> <span class='ocrx_word' id='word_1_351' title='bbox 898 3571 1053 3632; x_wconf 81' lang='lat' dir='ltr'><strong>gumerium</strong></span> <span class='ocrx_word' id='word_1_352' title='bbox 1075 3583 1182 3635; x_wconf 88' lang='lat' dir='ltr'><strong>quoque</strong></span> <span class='ocrx_word' id='word_1_353' title='bbox 1201 3584 1313 3637; x_wconf 90' lang='lat' dir='ltr'><strong>prorsus</strong></span> <span class='ocrx_word' id='word_1_354' title='bbox 1330 3572 1416 3636; x_wconf 86' lang='lat' dir='ltr'><strong>imagi·</strong></span> 
     </span>
     <span class='ocr_line' id='line_1_38' title="bbox 338 3642 1415 3707; baseline 0.008 -14"><span class='ocrx_word' id='word_1_355' title='bbox 338 3643 445 3706; x_wconf 75' lang='lat' dir='ltr'><strong>Pythio,</strong></span> <span class='ocrx_word' id='word_1_356' title='bbox 465 3642 546 3694; x_wconf 88' lang='lat' dir='ltr'><strong>modo</strong></span> <span class='ocrx_word' id='word_1_357' title='bbox 563 3643 662 3692; x_wconf 86' lang='lat' dir='ltr'><strong>Dianae</strong></span> <span class='ocrx_word' id='word_1_358' title='bbox 674 3643 815 3704; x_wconf 80' lang='lat' dir='ltr'><strong>Tauricae,</strong></span> <span class='ocrx_word' id='word_1_359' title='bbox 829 3643 859 3692; x_wconf 92' lang='lat' dir='ltr'><strong>V.</strong></span> <span class='ocrx_word' id='word_1_360' title='bbox 898 3645 1002 3695; x_wconf 89' lang='lat' dir='ltr'><strong>narium</strong></span> <span class='ocrx_word' id='word_1_361' title='bbox 1020 3646 1162 3707; x_wconf 78' lang='lat' dir='ltr'><strong>excogitat,</strong></span> <span class='ocrx_word' id='word_1_362' title='bbox 1183 3644 1229 3697; x_wconf 92' lang='lat' dir='ltr'><strong>ubi</strong></span> <span class='ocrx_word' id='word_1_363' title='bbox 1241 3660 1289 3698; x_wconf 87' lang='lat' dir='ltr'><strong>eos</strong></span> <span class='ocrx_word' id='word_1_364' title='bbox 1300 3645 1415 3701; x_wconf 80' lang='lat' dir='ltr'><strong>collocet.</strong></span> 
     </span>
     <span class='ocr_line' id='line_1_39' title="bbox 336 3715 1417 3784; baseline -0.002 -14"><span class='ocrx_word' id='word_1_365' title='bbox 336 3720 404 3770; x_wconf 81' lang='lat' dir='ltr'><strong>Mon.</strong></span> <span class='ocrx_word' id='word_1_366' title='bbox 417 3719 482 3769; x_wconf 81' lang='lat' dir='ltr'><strong>inad.</strong></span> <span class='ocrx_word' id='word_1_367' title='bbox 498 3720 557 3768; x_wconf 81' lang='lat' dir='ltr'><strong>inst.</strong></span> <span class='ocrx_word' id='word_1_368' title='bbox 570 3719 676 3769; x_wconf 85' lang='lat' dir='ltr'><strong>urcieot.</strong></span> <span class='ocrx_word' id='word_1_369' title='bbox 691 3719 722 3768; x_wconf 90' lang='lat' dir='ltr'><strong>ll.</strong></span> <span class='ocrx_word' id='word_1_370' title='bbox 738 3719 762 3767; x_wconf 83' lang='grc' dir='ltr'><strong>Τ.</strong></span> <span class='ocrx_word' id='word_1_371' title='bbox 776 3717 827 3782; x_wconf 75' lang='lat' dir='ltr'><strong>is.)</strong></span> <span class='ocrx_word' id='word_1_372' title='bbox 898 3718 1126 3783; x_wconf 90' lang='lat' dir='ltr'><strong>quamadmodum</strong></span> <span class='ocrx_word' id='word_1_373' title='bbox 1144 3719 1206 3771; x_wconf 86' lang='lat' dir='ltr'><strong>lecit</strong></span> <span class='ocrx_word' id='word_1_374' title='bbox 1216 3722 1318 3784; x_wconf 78' lang='lat' dir='ltr'><strong>Agatho</strong></span> <span class='ocrx_word' id='word_1_375' title='bbox 1330 3715 1417 3772; x_wconf 56' lang='lat' dir='ltr'><strong>inllu-</strong></span> 
     </span>
    </p>

    <p class='ocr_par' dir='ltr' id='par_1_6' title="bbox 335 3791 1416 4386">
     <span class='ocr_line' id='line_1_40' title="bbox 371 3791 1415 3857; baseline 0.002 -15"><span class='ocrx_word' id='word_1_376' title='bbox 371 3793 498 3844; x_wconf 70' lang='lat' dir='ltr'><strong>iao-lau.</strong></span> <span class='ocrx_word' id='word_1_377' title='bbox 526 3793 554 3842; x_wconf 87' lang='lat' dir='ltr'><strong>Si</strong></span> <span class='ocrx_word' id='word_1_378' title='bbox 576 3794 636 3854; x_wconf 79' lang='lat' dir='ltr'><strong>quia</strong></span> <span class='ocrx_word' id='word_1_379' title='bbox 653 3792 714 3856; x_wconf 81' lang='lat' dir='ltr'><strong>cet]</strong></span> <span class='ocrx_word' id='word_1_380' title='bbox 741 3793 863 3843; x_wconf 73' lang='lat' dir='ltr'><strong>Referam</strong></span> <span class='ocrx_word' id='word_1_381' title='bbox 897 3794 944 3844; x_wconf 82' lang='grc' dir='ltr'><strong>θει</strong></span> <span class='ocrx_word' id='word_1_382' title='bbox 955 3791 997 3843; x_wconf 91' lang='lat' dir='ltr'><strong>illo</strong></span> <span class='ocrx_word' id='word_1_383' title='bbox 1008 3793 1043 3843; x_wconf 89' lang='lat' dir='ltr'><strong>ab</strong></span> <span class='ocrx_word' id='word_1_384' title='bbox 1052 3792 1191 3845; x_wconf 74' lang='lat' dir='ltr'><strong>Aristotele</strong></span> <span class='ocrx_word' id='word_1_385' title='bbox 1201 3799 1359 3857; x_wconf 78' lang='lat' dir='ltr'><strong>memorato,</strong></span> <span class='ocrx_word' id='word_1_386' title='bbox 1369 3807 1415 3845; x_wconf 88' lang='lat' dir='ltr'><strong>una</strong></span> 
     </span>
     <span class='ocr_line' id='line_1_41' title="bbox 337 3863 1416 3940; baseline 0.003 -23"><span class='ocrx_word' id='word_1_387' title='bbox 337 3867 370 3917; x_wconf 89' lang='lat' dir='ltr'><strong>ad</strong></span> <span class='ocrx_word' id='word_1_388' title='bbox 388 3880 413 3916; x_wconf 85' lang='lat' dir='ltr'><strong>v.</strong></span> <span class='ocrx_word' id='word_1_389' title='bbox 428 3867 484 3917; x_wconf 81' lang='lat' dir='ltr'><strong>llil.</strong></span> <span class='ocrx_word' id='word_1_390' title='bbox 507 3867 547 3916; x_wconf 78' lang='lat' dir='ltr'><strong>«ai</strong></span> <span class='ocrx_word' id='word_1_391' title='bbox 572 3863 669 3930; x_wconf 80' lang='grc' dir='ltr'><strong><em>μῦθον</em></strong></span> <span class='ocrx_word' id='word_1_392' title='bbox 686 3867 742 3930; x_wconf 87' lang='lat' dir='ltr'><strong>ipse</strong></span> <span class='ocrx_word' id='word_1_393' title='bbox 760 3866 860 3930; x_wconf 83' lang='lat' dir='ltr'><strong>fingere</strong></span> <span class='ocrx_word' id='word_1_394' title='bbox 898 3882 960 3920; x_wconf 87' lang='lat' dir='ltr'><strong>cum</strong></span> <span class='ocrx_word' id='word_1_395' title='bbox 978 3867 1066 3918; x_wconf 86' lang='lat' dir='ltr'><strong>indole</strong></span> <span class='ocrx_word' id='word_1_396' title='bbox 1084 3871 1192 3920; x_wconf 83' lang='lat' dir='ltr'><strong>actuosa</strong></span> <span class='ocrx_word' id='word_1_397' title='bbox 1216 3866 1282 3934; x_wconf 78' lang='lat' dir='ltr'><strong>(cdv</strong></span> <span class='ocrx_word' id='word_1_398' title='bbox 1297 3868 1337 3938; x_wconf 73' lang='grc' dir='ltr'><strong>τῷ</strong></span> <span class='ocrx_word' id='word_1_399' title='bbox 1353 3869 1416 3940; x_wconf 79' lang='grc' dir='ltr'><strong><em>δρα-</em></strong></span> 
     </span>
     <span class='ocr_line' id='line_1_42' title="bbox 337 3941 1416 4014; baseline 0 -22"><span class='ocrx_word' id='word_1_400' title='bbox 337 3941 435 4004; x_wconf 84' lang='lat' dir='ltr'><strong>audes‚</strong></span> <span class='ocrx_word' id='word_1_401' title='bbox 454 3943 515 3993; x_wconf 88' lang='lat' dir='ltr'><strong>ante</strong></span> <span class='ocrx_word' id='word_1_402' title='bbox 532 3942 621 3992; x_wconf 89' lang='lat' dir='ltr'><strong>omnia</strong></span> <span class='ocrx_word' id='word_1_403' title='bbox 635 3953 746 3992; x_wconf 85' lang='lat' dir='ltr'><strong>necesse</strong></span> <span class='ocrx_word' id='word_1_404' title='bbox 759 3944 814 4002; x_wconf 84' lang='lat' dir='ltr'><strong>est,</strong></span> <span class='ocrx_word' id='word_1_405' title='bbox 834 3945 861 3992; x_wconf 91' lang='lat' dir='ltr'><strong>ut</strong></span> <span class='ocrx_word' id='word_1_406' title='bbox 898 3945 1016 4014; x_wconf 78' lang='grc' dir='ltr'><strong><em>στηρίῳ)</em></strong></span> <span class='ocrx_word' id='word_1_407' title='bbox 1031 3943 1144 3994; x_wconf 86' lang='lat' dir='ltr'><strong>candem</strong></span> <span class='ocrx_word' id='word_1_408' title='bbox 1158 3943 1206 3996; x_wconf 88' lang='lat' dir='ltr'><strong>illis</strong></span> <span class='ocrx_word' id='word_1_409' title='bbox 1218 3945 1378 3996; x_wconf 86' lang='lat' dir='ltr'><strong>evidentiam</strong></span> <span class='ocrx_word' id='word_1_410' title='bbox 1389 3955 1416 3993; x_wconf 85' lang='lat' dir='ltr'><strong>aa</strong></span> 
     </span>
     <span class='ocr_line' id='line_1_43' title="bbox 339 4013 1416 4084; baseline 0 -16"><span class='ocrx_word' id='word_1_411' title='bbox 339 4015 408 4068; x_wconf 87' lang='lat' dir='ltr'><strong>nulla</strong></span> <span class='ocrx_word' id='word_1_412' title='bbox 434 4018 492 4069; x_wconf 87' lang='lat' dir='ltr'><strong>eiua</strong></span> <span class='ocrx_word' id='word_1_413' title='bbox 513 4028 576 4080; x_wconf 91' lang='lat' dir='ltr'><strong>pars</strong></span> <span class='ocrx_word' id='word_1_414' title='bbox 598 4013 640 4066; x_wconf 92' lang='lat' dir='ltr'><strong>alii</strong></span> <span class='ocrx_word' id='word_1_415' title='bbox 657 4018 812 4081; x_wconf 81' lang='lat' dir='ltr'><strong>repugnet.»</strong></span> <span class='ocrx_word' id='word_1_416' title='bbox 832 4045 859 4054; x_wconf 95' lang='lat'>-</span> <span class='ocrx_word' id='word_1_417' title='bbox 897 4020 1036 4068; x_wconf 71' lang='lat' dir='ltr'><strong>veritatem</strong></span> <span class='ocrx_word' id='word_1_418' title='bbox 1054 4017 1186 4083; x_wconf 86' lang='lat' dir='ltr'><strong>praebere</strong></span> <span class='ocrx_word' id='word_1_419' title='bbox 1203 4021 1315 4084; x_wconf 87' lang='lat' dir='ltr'><strong>poterit,</strong></span> <span class='ocrx_word' id='word_1_420' title='bbox 1341 4029 1416 4084; x_wconf 87' lang='lat' dir='ltr'><strong>qnam</strong></span> 
     </span>
     <span class='ocr_line' id='line_1_44' title="bbox 335 4090 1416 4158; baseline 0.002 -18"><span class='ocrx_word' id='word_1_421' title='bbox 335 4091 502 4156; x_wconf 67' lang='lat' dir='ltr'><strong>isemerinus]</strong></span> <span class='ocrx_word' id='word_1_422' title='bbox 522 4092 724 4155; x_wconf 67' lang='lat' dir='ltr'><strong>sargumentum</strong></span> <span class='ocrx_word' id='word_1_423' title='bbox 742 4090 860 4141; x_wconf 86' lang='lat' dir='ltr'><strong>nondum</strong></span> <span class='ocrx_word' id='word_1_424' title='bbox 898 4105 946 4158; x_wconf 84' lang='lat' dir='ltr'><strong>per</strong></span> <span class='ocrx_word' id='word_1_425' title='bbox 963 4106 993 4144; x_wconf 86' lang='lat' dir='ltr'><strong>so</strong></span> <span class='ocrx_word' id='word_1_426' title='bbox 1010 4094 1063 4143; x_wconf 91' lang='lat' dir='ltr'><strong>iam</strong></span> <span class='ocrx_word' id='word_1_427' title='bbox 1080 4093 1181 4144; x_wconf 85' lang='lat' dir='ltr'><strong>habant</strong></span> <span class='ocrx_word' id='word_1_428' title='bbox 1198 4095 1306 4146; x_wconf 81' lang='lat' dir='ltr'><strong>Homeri</strong></span> <span class='ocrx_word' id='word_1_429' title='bbox 1320 4095 1416 4144; x_wconf 83' lang='lat' dir='ltr'><strong>at&#39;l&#39;ra-</strong></span> 
     </span>
     <span class='ocr_line' id='line_1_45' title="bbox 336 4163 1414 4234; baseline 0.003 -21"><span class='ocrx_word' id='word_1_430' title='bbox 336 4165 370 4214; x_wconf 92' lang='lat' dir='ltr'><strong>ab</strong></span> <span class='ocrx_word' id='word_1_431' title='bbox 388 4163 439 4214; x_wconf 91' lang='lat' dir='ltr'><strong>alio</strong></span> <span class='ocrx_word' id='word_1_432' title='bbox 456 4169 534 4229; x_wconf 82' lang='lat' dir='ltr'><strong>potita</strong></span> <span class='ocrx_word' id='word_1_433' title='bbox 552 4167 719 4216; x_wconf 80' lang='lat' dir='ltr'><strong>tractatum.»</strong></span> <span class='ocrx_word' id='word_1_434' title='bbox 738 4191 763 4204; x_wconf 52' lang='grc' dir='ltr'>ω</span> <span class='ocrx_word' id='word_1_435' title='bbox 781 4179 862 4216; x_wconf 81' lang='lat' dir='ltr'><strong>raros-</strong></span> <span class='ocrx_word' id='word_1_436' title='bbox 897 4167 1018 4231; x_wconf 89' lang='lat' dir='ltr'><strong>gicorum</strong></span> <span class='ocrx_word' id='word_1_437' title='bbox 1029 4168 1323 4234; x_wconf 78' lang='lat' dir='ltr'><strong>Atticorumpersonae.</strong></span> <span class='ocrx_word' id='word_1_438' title='bbox 1342 4167 1414 4230; x_wconf 85' lang='lat' dir='ltr'><strong>Quid,</strong></span> 
     </span>
     <span class='ocr_line' id='line_1_46' title="bbox 336 4238 1413 4308; baseline 0 -20"><span class='ocrx_word' id='word_1_439' title='bbox 336 4243 379 4288; x_wconf 89' lang='lat' dir='ltr'><strong>tur</strong></span> <span class='ocrx_word' id='word_1_440' title='bbox 395 4238 457 4302; x_wconf 77' lang='lat' dir='ltr'><strong>cet]</strong></span> <span class='ocrx_word' id='word_1_441' title='bbox 476 4239 521 4290; x_wconf 83' lang='lat' dir='ltr'><strong>Est</strong></span> <span class='ocrx_word' id='word_1_442' title='bbox 537 4239 609 4303; x_wconf 87' lang='lat' dir='ltr'><strong>quod</strong></span> <span class='ocrx_word' id='word_1_443' title='bbox 627 4239 781 4291; x_wconf 78' lang='lat' dir='ltr'><strong>Aristoteles</strong></span> <span class='ocrx_word' id='word_1_444' title='bbox 799 4241 861 4291; x_wconf 87' lang='lat' dir='ltr'><strong>dicit</strong></span> <span class='ocrx_word' id='word_1_445' title='bbox 897 4242 970 4304; x_wconf 92' lang='lat' dir='ltr'><strong>quod</strong></span> <span class='ocrx_word' id='word_1_446' title='bbox 988 4241 1050 4294; x_wconf 91' lang='lat' dir='ltr'><strong>illud</strong></span> <span class='ocrx_word' id='word_1_447' title='bbox 1068 4255 1176 4308; x_wconf 90' lang='lat' dir='ltr'><strong>quoquo</strong></span> <span class='ocrx_word' id='word_1_448' title='bbox 1188 4244 1312 4295; x_wconf 86' lang='lat' dir='ltr'><strong>accidere</strong></span> <span class='ocrx_word' id='word_1_449' title='bbox 1322 4243 1413 4308; x_wconf 79' lang='lat' dir='ltr'><strong>polest,</strong></span> 
     </span>
     <span class='ocr_line' id='line_1_47' title="bbox 336 4303 1412 4386; baseline 0.003 -22"><span class='ocrx_word' id='word_1_450' title='bbox 336 4313 409 4364; x_wconf 78' lang='lat' dir='ltr'><strong>Paci.</strong></span> <span class='ocrx_word' id='word_1_451' title='bbox 425 4313 465 4376; x_wconf 84' lang='lat' dir='ltr'><strong>lit,</strong></span> <span class='ocrx_word' id='word_1_452' title='bbox 478 4312 507 4363; x_wconf 83' lang='lat'><strong>6:</strong></span> <span class='ocrx_word' id='word_1_453' title='bbox 525 4314 661 4386; x_wconf 80' lang='grc' dir='ltr'><strong><em>τέταρτον</em></strong></span> <span class='ocrx_word' id='word_1_454' title='bbox 678 4303 729 4377; x_wconf 80' lang='grc' dir='ltr'><strong>(ὦν</strong></span> <span class='ocrx_word' id='word_1_455' title='bbox 742 4312 861 4367; x_wconf 71' lang='lat' dir='ltr'><strong>daturo·</strong></span> <span class='ocrx_word' id='word_1_456' title='bbox 897 4319 937 4379; x_wconf 78' lang='lat' dir='ltr'><strong>ut,</strong></span> <span class='ocrx_word' id='word_1_457' title='bbox 952 4317 974 4368; x_wconf 90' lang='lat' dir='ltr'><strong>si</strong></span> <span class='ocrx_word' id='word_1_458' title='bbox 984 4316 1122 4370; x_wconf 80' lang='lat' dir='ltr'><strong>describas</strong></span> <span class='ocrx_word' id='word_1_459' title='bbox 1133 4318 1243 4371; x_wconf 84' lang='lat' dir='ltr'><strong>heroam</strong></span> <span class='ocrx_word' id='word_1_460' title='bbox 1255 4317 1412 4383; x_wconf 74' lang='lat' dir='ltr'><strong>«impigrum.</strong></span> 
     </span>
    </p>
   </div>
   <div class='ocr_carea' id='block_1_4' title="bbox 0 0 1550 4974">
    <p class='ocr_par' dir='ltr' id='par_1_7' title="bbox 0 0 1550 4974">
     <span class='ocr_line' id='line_1_48' title="bbox 0 0 1550 4974; baseline 0 1"><span class='ocrx_word' id='word_1_461' title='bbox 0 0 1550 4974; x_wconf 95' lang='lat' dir='ltr'><strong> </strong></span> 
     </span>
    </p>
   </div>
  </div>
 </body>
</html>
