3116 4968
256 438 320 504 248
633 437 762 506 nouaru
779 435 960 488 sinuatus

303 597 335 664 Si
359 594 488 684 quidvis
511 594 588 660 satis
610 603 674 668 est,
698 592 862 680 periuras,
886 592 1036 680 surripis,
1061 591 1168 658 aulers

302 717 474 806 Undique?
496 718 563 781 Tun
586 714 709 782 sanus?
731 714 889 802 Populum
911 715 939 780 si
961 713 1100 780 caedere
1124 713 1209 779 saxis

301 839 439 928 Incipias
462 858 617 905 servosve
641 847 728 912 tuos,
759 857 842 924 quos
864 857 941 903 aere
964 835 1108 922 pararis,

301 964 452 1030 Insanum
474 970 505 1028 te
528 979 642 1026 omnes
664 959 756 1047 pueri
780 957 984 1046 clamentque
1007 955 1151 1045 puellae:
1282 956 1344 1022 t30

302 1085 382 1152 Cum
404 1083 522 1170 laqueo
544 1101 680 1148 uxorem
702 1079 857 1146 interimis
879 1051 1244 1166 matremquevencm,

301 1205 454 1272 incolumi
465 1203 571 1292 capite
583 1224 628 1270 es.
652 1201 737 1282 Quid
754 1201 863 1269 eninr?
879 1203 992 1288 Neque
1004 1210 1037 1266 tu
1049 1199 1111 1268 hoe
1126 1201 1205 1268 iacis
1215 1200 1316 1288 Argis,

324 1442 380 1491 iti.
396 1441 501 1502 pelorus
516 1439 578 1490 bSc.
600 1464 626 1474 -
648 1438 703 1488 t28.
722 1443 776 1487 tuni
791 1451 870 1488 sanor
886 1437 936 1498 bs,
955 1441 982 1487 to
993 1437 1097 1486 insaniis
1108 1450 1132 1487 c.
1149 1461 1176 1472 -
1191 1436 1248 1486 ⁴29.
1261 1449 1313 1486 eer-

289 1531 362 1568 voeoe
379 1529 442 1567 cum
459 1513 545 1576 libris,
565 1517 594 1565 ut
611 1512 730 1575 videtur,
755 1512 880 1564 omnibus
897 1513 963 1572 bct,
990 1510 1084 1572 Bentl,
1103 1511 1157 1562 Fbl:
1181 1524 1313 1572 sentesque

289 1593 368 1643 tacite
385 1589 524 1650 Heindorf,
543 1587 741 1652 Dillenburger,
754 1590 884 1648 Diintzer,
897 1587 926 1648 J,
940 1585 990 1636 alii.
1007 1611 1034 1624 -·
1049 1592 1210 1637 woeomnes
1222 1587 1314 1638 metet

290 1667 421 1727 Pottierii‚
446 1665 544 1716 LCtFJ:
572 1670 615 1714 tuo
640 1663 674 1715 de
697 1665 766 1713 coni.
790 1664 818 1712 T.
837 1661 914 1714 Fabri
932 1661 1120 1712 confirmatae
1139 1662 1207 1710 Feae
1225 1659 1310 1711 Codd.

290 1741 352 1806 aliq.
371 1744 398 1792 et
415 1741 482 1791 Edd.
500 1740 670 1790 ascensianis
687 1737 821 1788 Bentlcius
838 1740 866 1788 et
881 1737 927 1787 bl?
945 1763 971 1772 -
1001 1736 1057 1786 lib.
1084 1736 1203 1786 incolomi
1220 1737 1262 1787 Sc.
1283 1763 1311 1772 -

289 1815 395 1878 qrtidni?
417 1829 496 1878 oeque
516 1815 582 1864 enim
606 1815 652 1862 boc
673 1813 737 1876 fecis
757 1809 904 1868 Bentleius;
930 1811 1016 1872 quidni
1041 1823 1056 1860 e
1080 1811 1205 1874 quattuor
1226 1809 1311 1862 Codd.

291 1889 442 1950 Pulmanni,
468 1903 547 1951 neqve
563 1890 629 1939 enim
644 1888 690 1938 toc
705 1887 770 1950 facie
786 1899 818 1936 ex
836 1886 904 1936 coni.
923 1884 1055 1944 Lambini,
1074 1887 1180 1950 reperta
1199 1899 1269 1936 nune
1286 1886 1312 1936 in

291 1967 382 2015 nostro
400 1964 466 2016 Cod.
484 1964 512 2015 b.
540 1963 578 2026 (tu
595 1976 650 2013 om.
669 1963 705 2023 κ.)

258 2154 330 2191 mon.
342 2154 368 2190 v.
380 2141 426 2193 ai:
447 2143 492 2192 list
505 2141 653 2192 insensibilis
667 2141 782 2202 nimbis,
819 2154 863 2191 uos
878 2145 933 2190 taor
948 2153 1009 2203 quoe
1024 2142 1196 2208 aaaocpevtq
1207 2154 1255 2192 sua
1267 2153 1347 2192 aurea

257 2215 301 2264 sed
310 2215 390 2264 numu
400 2215 493 2278 sonte,
507 2215 653 2278 Cumcepat
663 2215 784 2265 imorem
820 2216 957 2267 offendere
965 2219 992 2266 et
1000 2215 1165 2268 volueram.»
1178 2217 1231 2268 Sed
1241 2219 1348 2268 senteu-

227 2292 229 2298 ’
254 2303 351 2350 pesum
365 2291 496 2354 porrigine
507 2291 600 2354 ningit,
617 2291 696 2352 Copia
704 2290 785 2352 samis
821 2293 855 2342 tia
868 2293 932 2344 satis
944 2293 1073 2344 concinne
1085 2292 1153 2343 baec
1164 2296 1216 2344 est:
1237 2305 1347 2343 «servos

257 2366 295 2414 uti
317 2365 486 2426 frendentibus
511 2365 578 2415 edite
599 2365 678 2414 succis.
704 2391 733 2400 -
756 2365 784 2414 st
821 2369 892 2428 tuos,
911 2379 979 2429 quos
997 2369 1086 2417 tamen
1103 2367 1348 2432 proprioeerepa·

259 2439 355 2500 quidvis
377 2441 437 2488 sciis
459 2439 503 2504 est]
530 2440 575 2489 Est
600 2453 631 2490 ex
658 2452 783 2490 sermone
820 2443 900 2502 ruris,
927 2440 995 2491 adeo
1017 2444 1047 2492 ut
1067 2439 1186 2506 lepidum
1206 2444 1277 2493 iactu
1299 2455 1348 2494 cos

259 2513 426 2576 quotidiano,
445 2527 499 2564 non
516 2514 633 2576 quodvis,
652 2517 681 2564 ut
698 2513 781 2564 Codd.
822 2516 960 2566 caedendo
970 2517 1074 2567 tibimet
1085 2518 1135 2581 ipsi
1144 2519 1290 2568 maximum
1302 2517 1349 2568 da-

259 2587 321 2652 aliq.
342 2586 425 2638 Plaut.
450 2588 500 2641 llil.
525 2589 555 2651 3,
581 2589 609 2651 l,
635 2591 697 2640 tte:
723 2591 785 2639 miti
822 2605 914 2642 mnum
932 2591 1042 2651 inieras,
1069 2591 1141 2642 unde
1159 2595 1271 2656 augetur
1288 2605 1349 2643 ma-

260 2663 408 2725 quievisset
424 2669 467 2714 est.
502 2662 634 2728 Turpilius
650 2665 677 2716 in
694 2665 783 2714 Lindia
822 2667 915 2717 nilestu
937 2667 1055 2716 insaniae
1079 2667 1209 2731 species.»
1230 2693 1256 2702 -
1272 2667 1349 2730 picari

259 2737 331 2801 apud
350 2739 430 2789 Prisc.
449 2739 483 2790 de
504 2741 578 2790 Matr.
596 2753 665 2790 coru.
687 2741 717 2802 2,
738 2741 782 2791 to:
821 2767 833 2778 ·
839 2741 947 2806 puellae]
961 2739 1034 2792 Conl.
1049 2741 1102 2792 Sat.
1117 2741 1144 2803 t,
1159 2741 1240 2802 l‚85.
1256 2769 1282 2777 -
1297 2741 1350 2791 clu·

258 2814 312 2874 isti,
331 2813 419 2874 quitor
435 2813 532 2876 quiduis
548 2815 609 2865 setis
624 2820 667 2865 eet.
684 2839 711 2850 -
725 2827 786 2876 per-
822 2816 944 2881 mentque]
970 2817 1009 2866 De
1035 2817 1193 2880 transposita
1217 2815 1348 2880 particula

259 2888 339 2952 toros]
365 2890 391 2939 in
412 2886 497 2940 soluta
522 2903 561 2940 or.
580 2889 700 2942 molliore
720 2905 786 2955 pro·
822 2905 870 2954 que
885 2891 939 2940 vid.
953 2889 988 2940 ad
1004 2889 1052 2941 Od.
1071 2891 1100 2952 2,
1121 2891 1167 2953 ta,
1185 2891 1226 2941 28.
1246 2893 1273 2940 et
1292 2893 1350 2940 sta-

261 2965 423 3016 nuntiatione
449 2965 573 3027 peierare.
607 2993 633 3002 -
664 2967 784 3030 accipis,
823 2965 978 3016 timulit:
997 2965 1350 3027 auaavwe.v.t57:pereem·

260 3039 354 3104 auses]
373 3039 435 3090 illud
453 3039 618 3102 clanculum,
637 3041 689 3092 boc
705 3043 740 3092 vi.
756 3069 784 3078 —
823 3055 878 3103 que.
898 3065 926 3076 -
944 3039 1065 3090 Incolumi
1084 3039 1166 3101 cupite
1186 3038 1219 3104 ee]
1240 3052 1273 3090 ex
1290 3039 1351 3104 opi-

259 3115 538 3181 Populum-paellae]
556 3117 625 3166 Scite
642 3115 723 3168 talem
740 3117 787 3166 bo-
824 3116 902 3166 nione
919 3113 997 3178 volgi.
1033 3115 1270 3178 interrogationem
1287 3117 1351 3180 post

261 3191 364 3240 minum
390 3191 571 3242 innocentium
596 3190 786 3256 lapidationem
824 3205 848 3241 v.
861 3204 887 3241 aa
903 3192 977 3240 recte
995 3187 1101 3242 sustulit
1116 3191 1276 3240 Ddutzerus.
1306 3189 1347 3240 Gt.

261 3265 318 3315 sine
336 3263 387 3315 ulla
400 3277 481 3316 causa
497 3265 594 3316 lactem
611 3267 692 3330 atque
707 3267 785 3316 unice
824 3279 848 3314 v.
863 3265 903 3316 6⁵.
923 3263 955 3315 st
972 3275 1014 3328 aq.

262 3338 342 3388 iurori
360 3337 394 3387 ab
413 3337 537 3390 omnibus
556 3339 726 3391 tribuendam
737 3352 787 3404 op-

261 3414 336 3478 ponit
351 3411 504 3476 parricidio‚
534 3413 606 3478 quod
628 3413 720 3478 volgus
737 3414 787 3466 de·
858 3413 978 3466 tia-tat.
998 3415 1063 3477 (isid
1079 3413 1171 3479 citimi]
1189 3413 1350 3466 «dicendum

260 3485 383 3538 testehile
396 3486 617 3550 quidemscalus
631 3491 786 3540 nontamen
825 3492 899 3540 esti»
917 3489 992 3541 Idem
1009 3502 1093 3554 prope
1111 3503 1142 3539 ac
1154 3489 1263 3552 quidni?
1279 3491 1352 3554 quip-

262 3563 392 3613 insaniam
418 3563 504 3612 vocet.
526 3587 553 3598 -
572 3565 684 3629 caedere]
711 3577 787 3628 ngra-
821 3563 896 3628 pini?
911 3563 989 3630 apud
1007 3565 1166 3616 Ciceronem
1178 3563 1353 3630 subsequitur

262 3639 330 3688 viter
346 3635 497 3698 vulnerare,
517 3638 657 3690 nonnullos
674 3641 787 3692 tortasse
824 3640 880 3691 lere
905 3637 988 3689 altera
1013 3639 1198 3702 interrogatio:
1224 3653 1251 3690 v.
1274 3641 1351 3691 Hand

263 3713 344 3763 etiam
369 3709 520 3761 occidere..
540 3741 567 3749 -
586 3727 670 3766 aanor
687 3743 699 3752 -
718 3720 786 3778 taor,
824 3713 1070 3778 Turs.11.p.3ao.
1106 3715 1163 3764 Non
1186 3716 1350 3778 eratcerte,

264 3801 325 3851 ques
340 3801 400 3837 aare
420 3787 534 3852 parare]
554 3782 785 3861 ἀργυρωνήτους,
824 3801 874 3840 cur
889 3786 1023 3839 Bentlcius
1044 3787 1219 3840 substitueret
1242 3788 1352 3854 volgare

264 3857 477 3934 χρυσωνήτους.
496 3861 591 3914 salust.
604 3866 659 3928 lug.
673 3864 718 3916 3t:
737 3879 788 3916 ser·
824 3863 888 3915 illud
900 3864 994 3927 quidni.
1019 3865 1078 3928 lpse
1090 3877 1199 3928 quoque
1211 3863 1289 3916 tactio
1302 3865 1353 3916 Co-

262 3939 288 3986 oi
299 3951 357 3988 aare
370 3938 468 4000 parati.
488 3937 536 3998 Qui
548 3943 591 3989 too
603 3943 786 4003 correxerunt,
825 3938 892 3990 dicis
903 3937 921 3988 b
932 3951 1013 4002 neque
1023 3939 1089 3988 enim
1104 3939 1149 3989 ltoc
1164 3939 1299 4002 [miserta
1310 3941 1354 3990 cet

263 4013 496 4062 inconcinnitatem
524 4013 659 4077 quandam
691 4015 716 4064 in
747 4014 788 4066 te·
826 4028 858 4065 ex
877 4025 974 4078 parum
994 4012 1127 4065 intellecta
1146 4013 1352 4078 interrogatione

263 4087 350 4138 ctione
380 4085 483 4150 volgata
512 4088 614 4139 odorati
640 4091 710 4140 sunt.
748 4091 788 4141 «si
826 4091 886 4152 quid
901 4088 987 4140 enim?
1003 4091 1031 4140 et
1047 4101 1127 4153 aegre
1145 4101 1271 4140 caremus
1285 4101 1353 4153 pro·

263 4163 366 4224 enim»,
397 4162 481 4226 inquit
508 4161 656 4224 Beothius,
689 4163 788 4215 asemel
827 4165 934 4217 nomine
959 4170 994 4214 to.
1031 4165 1157 4216 Ceterum
1183 4161 1293 4215 ridicula
1310 4165 1354 4215 est

262 4237 432 4297 memineris,
443 4236 505 4288 nibil
517 4239 611 4291 attinet
622 4238 789 4292 illaadiicere
827 4244 854 4292 et
875 4237 1003 4291 malitiosa
1026 4239 1159 4305 quaedam
1176 4238 1253 4303 quasi
1273 4249 1355 4289 excu-

264 4327 325 4378 quos
336 4313 526 4378 coronareris,
546 4315 574 4366 ut
586 4327 619 4367 ae
631 4315 729 4368 addam
740 4329 791 4368 aar·
826 4317 893 4369 satio
921 4313 1002 4376 ilius,
1037 4315 1082 4380 qui
1114 4314 1204 4366 uxoris
1232 4313 1354 4367 cervices
