3130 4966
280 435 322 500 dss
671 436 800 487 lionam
818 434 999 488 sarlatium

280 593 329 662 Nil
352 593 488 682 aequale
510 593 631 660 homiui
654 592 711 659 luit
734 591 799 672 illi;
823 612 923 679 saepe
945 590 1033 660 velut
1055 593 1110 680 qui

281 715 440 784 Currebat
461 715 586 803 fugiens
609 714 749 790 hostem,
774 734 934 802 persaepe
957 714 1045 781 velut
1068 715 1122 802 qui
1329 714 1369 778 ic

281 839 412 904 lunonis
435 858 528 904 sacra
551 837 664 916 ierret3
688 835 827 904 habebat
849 856 949 924 saepe
972 836 1143 912 ducentos,

282 962 387 1049 Saepe
411 959 525 1027 decem
548 980 677 1039 servos3
698 959 796 1026 modo
819 979 914 1047 reges
937 967 1035 1046 atque
1057 957 1249 1035 tetrarchae,

281 1083 397 1150 Omnia
419 1103 549 1171 magna,
573 1081 726 1169 loqueum
749 1080 864 1148 modo:
889 1081 936 1148 Sit
956 1079 1033 1146 mihi
1055 1101 1169 1148 mensa
1191 1081 1291 1168 tripes
1315 1091 1347 1148 et

281 1204 411 1273 Concha
434 1203 510 1270 salis
532 1203 604 1291 puri
627 1214 660 1268 et
686 1212 776 1290 toga,
800 1223 886 1289 quae
909 1201 1084 1270 defendere
1106 1200 1206 1290 frigus

279 1327 435 1406 Quamvis
457 1345 568 1393 crassa
590 1335 697 1414 queat.
741 1323 857 1390 Decies
881 1332 1016 1391 centena
1038 1324 1187 1392 dedisses
1327 1325 1367 1390 t5

346 1536 386 1584 ll.
404 1534 486 1586 olebat
502 1531 636 1583 bentleius
654 1545 687 1582 ex
705 1530 770 1582 Cod.
790 1532 867 1582 Voss.
888 1532 917 1594 (ζ)
936 1544 1043 1582 errore:
1071 1531 1179 1582 balabat.
1214 1530 1335 1596 (Habebat

312 1609 400 1660 firmat
418 1610 519 1660 Seneca
536 1607 582 1672 Ep.
604 1605 670 1668 lib.)
692 1633 718 1641 —
739 1604 779 1656 ll.
794 1606 867 1668 puri,
886 1611 946 1670 lopo
963 1607 1073 1657 Seneca.
1095 1635 1121 1644 -
1143 1607 1182 1656 lb.
1199 1607 1331 1657 meuuss.

279 1791 370 1839 nescio
403 1799 485 1850 quam
515 1785 586 1837 bene
615 1785 804 1848 comparantes
843 1787 969 1845 uiuamus
985 1797 1086 1834 cenam
1102 1789 1199 1836 contum
1216 1785 1368 1848 quiequam

279 1864 349 1925 Virg.
368 1863 433 1912 Aen.
453 1860 483 1922 6,
503 1860 565 1912 6l6:
591 1859 739 1919 obloquitur
753 1872 804 1908 uu-
842 1859 949 1923 triptota
971 1861 1070 1910 milium
1091 1873 1222 1910 nummum
1242 1861 1365 1910 relictum.

278 1938 354 1988 nuris
369 1941 461 1998 sepeio
477 1935 623 1984 discrimina
638 1945 736 1983 comam.
844 1933 950 1996 (Sordes
967 1934 1161 1986 obiiciebantur
1177 1934 1263 1996 Tillio,
1285 1947 1367 1999 quem

311 2011 384 2060 9-49.
410 2009 460 2073 Nil]
481 2007 562 2058 «nihil
586 2010 643 2059 erat
663 2005 803 2069 aequabile
842 2013 994 2073 praetorem
1011 2011 1131 2075 quinque
1147 2011 1251 2060 tautum
1268 2021 1369 2072 seque-

279 2087 304 2135 in
317 2083 359 2135 illo
371 2084 494 2141 hominm
514 2084 539 2132 in
552 2080 621 2132 nulla
634 2093 663 2130 re
676 2080 726 2131 sibi
739 2095 804 2132 con·
842 2082 940 2135 bantur
951 2087 1041 2148 pueri,
1060 2087 1113 2135 Sat.
1127 2087 1156 2147 l,
1175 2085 1203 2146 6,
1223 2084 1288 2149 tbi.)
1317 2085 1366 2134 Dio

278 2157 391 2210 stabat.»
434 2157 562 2220 synesius
587 2157 663 2206 Narr.
687 2157 749 2217 neg.
775 2168 802 2219 p.
842 2160 917 2209 Cass.
936 2159 982 2217 59,
1007 2160 1035 2208 8:
1063 2155 1172 2222 (l'cllbg)
1189 2156 1229 2225 τῷ
1252 2173 1284 2226 γε
1299 2157 1368 2210 Ilet-

278 2234 303 2284 8.
321 2231 401 2282 Krab.
421 2232 455 2282 de
472 2231 614 2294 Typhone:
636 2223 696 2280 οὐδ’
714 2223 804 2291 αὐτὸς
843 2246 913 2282 cova
925 2229 995 2283 δέκα
1003 2229 1126 2296 δούλους
1137 2229 1298 2298 ἐπάγεσθαι
1309 2232 1369 2284 ἐπι-

279 2299 315 2372 ἤν
326 2301 405 2373 αὐτῷ
417 2301 632 2377 παραπλήσιος,
651 2297 725 2355 ἀλλὰ
735 2317 804 2354 παν-
841 2309 966 2378 τρὲψας,
983 2303 1033 2358 elr'
1045 2303 1142 2374 ἐπειδὴ
1155 2306 1289 2371 πλείονας
1299 2303 1368 2379 ᾐτή-

277 2377 405 2433 τοδαπόν
429 2395 456 2431 u
483 2375 583 2430 κακόν.
606 2407 633 2415 -
659 2379 726 2430 velut
750 2379 802 2444 qut]
842 2397 930 2443 σατο,
954 2377 1069 2448 ἀφῆκεν
1086 2376 1169 2446 ὅσοις
1187 2376 1225 2433 ἄν
1242 2375 1368 2456 ἐθελήσῃ

277 2455 458 2528 βραχυλογία
472 2468 533 2520 pro:
553 2455 654 2518 «Saepe
666 2453 802 2516 currebat,
841 2455 1019 2529 χρήσασθαι.
1044 2487 1071 2494 -
1096 2457 1243 2522 tetrarmus]
1268 2470 1367 2510 nomen

277 2532 351 2583 velut
367 2533 413 2596 qui
430 2531 535 2594 lugiens
552 2530 658 2580 bostem
671 2532 801 2590 curreret,
841 2533 991 2598 principum
1009 2535 1153 2597 praecipue
1171 2531 1366 2596 Gallograeciae

278 2620 359 2671 saepe
382 2606 453 2657 lente
476 2602 632 2666 incedebat,
659 2602 733 2654 velut
757 2605 802 2668 qui
842 2610 869 2658 et
886 2607 1009 2657 iudaeae.
1030 2607 1180 2672 -toquauJ
1200 2609 1242 2658 uin
1260 2607 1367 2657 oraba-

278 2682 385 2733 lunonis
410 2691 485 2731 saera
513 2679 619 2730 ferreti
648 2671 676 2715 ὲ
701 2679 804 2730 lunonis
841 2683 923 2740 bens,
942 2681 1062 2732 inlimam
1073 2695 1136 2732 oum
1151 2679 1316 2746 principibus
1327 2681 1367 2732 la·

276 2758 367 2819 scoro]
395 2755 522 2820 Loquitur
548 2754 582 2804 de
604 2750 800 2824 κανηφόροις,
841 2757 1033 2819 miliarilatem,
1058 2757 1092 2807 nil
1111 2758 1160 2807 nisi
1178 2769 1289 2820 magnas
1306 2770 1365 2818 res,

278 2845 363 2896 aquae
376 2829 500 2882 manibus
511 2827 623 2881 sublatis
635 2842 712 2880 saera
722 2843 802 2893 quae·
842 2833 969 2883 iactans.»
983 2833 1038 2882 Cio.
1052 2831 1086 2882 ad
1101 2833 1153 2882 au.
1167 2831 1195 2892 9,
1209 2831 1250 2892 ia,
1263 2830 1292 2880 3:
1306 2831 1368 2882 oilril

277 2907 339 2958 dam
352 2907 467 2970 reposita
478 2905 505 2954 in
514 2903 645 2981 capitibus
654 2904 801 2955 terebant.»
840 2908 889 2958 nisi
910 2907 1000 2956 etaim
1020 2907 1122 2967 loquens
1138 2909 1161 2954 at
1183 2905 1316 2956 mollia.
1338 2932 1365 2942 -

278 2981 341 3044 (Cio.
360 2983 456 3030 Ancus.
475 2977 505 3038 4,
525 2979 559 3040 3.)
589 2979 619 3028 H.
638 2978 655 3030 l.
674 2981 737 3030 sunt
758 2978 803 3028 lu·
840 2995 927 3033 mensa
951 2981 1040 3044 tripes]
1068 2978 1211 3042 «delphica
1237 2978 1364 3044 simplex,

277 3056 368 3116 nonis,
390 3067 452 3104 cum
469 3052 532 3104 alibi
548 3057 734 3105 memorentur
755 3067 802 3104 ca·
840 3055 925 3122 qualis
943 3055 1022 3105 decet
1038 3055 1176 3104 bominem
1192 3054 1284 3117 paucis
1299 3067 1367 3104 con-

277 3130 413 3195 nepboroe
433 3129 479 3192 isio
497 3128 563 3190 Cic.)
581 3129 731 3189 Minervae,
750 3129 800 3180 Ce-
841 3135 943 3182 tentum
965 3133 992 3180 et
1014 3127 1174 3193 plerumque
1197 3126 1284 3178 solum
1307 3129 1365 3180 siue

277 3204 345 3256 reris
365 3205 458 3268 (Albim
479 3205 552 3268 sirpo
575 3203 637 3254 Cum
653 3201 733 3253 sceris
755 3203 802 3254 Ce—
840 3205 959 3258 convivis
977 3205 1163 3255 coenantem.»
1198 3202 1260 3252 Eius
1272 3202 1367 3265 imagi-

275 3280 355 3340 reris,
374 3280 426 3329 Sat.
440 3280 469 3338 2,
482 3279 511 3338 8,
531 3276 592 3338 lla),
610 3277 721 3338 Bacchi,
738 3278 802 3327 Die·
840 3295 904 3331 nem
925 3279 1011 3330 babes
1028 3278 1054 3327 in
1075 3279 1162 3326 Museo
1181 3277 1319 3326 Borbonico
1335 3277 1363 3328 T.

276 3367 337 3405 nae.
367 3354 487 3415 (Thabor.
505 3354 535 3412 l,
555 3352 606 3415 66.)
625 3353 679 3402 Cic.
699 3351 732 3401 de
751 3351 799 3402 ou.
839 3355 881 3404 ill.
902 3354 960 3403 Tuo.
980 3351 1020 3402 l8.
1047 3349 1182 3413 Delphicis
1195 3353 1366 3415 opponuntur

278 3430 306 3486 l,
324 3426 369 3476 36:
393 3426 536 3476 Cuoeudmu
552 3430 601 3486 eat,
624 3424 802 3476 ne-tardltc-
839 3423 1000 3489 monopodia
1029 3437 1180 3474 marmorea
1210 3427 1256 3474 aut
1283 3425 1365 3475 citrea

276 3501 341 3552 tibus
355 3505 460 3550 utamur
475 3501 502 3549 in
511 3501 626 3564 luprmsu
637 3497 800 3560 mollior-ibae,
840 3513 902 3551 cum
919 3499 989 3564 pede
1007 3511 1060 3548 uuo
1079 3497 1199 3550 eburneo
1217 3497 1258 3549 vel
1273 3511 1363 3550 aereo.

275 3583 305 3627 ut
317 3589 472 3640 puerporam
487 3576 589 3640 samaia
603 3575 695 3625 dmitos
705 3587 755 3624 esse
765 3575 803 3624 oi-
841 3602 869 3612 -
883 3575 983 3625 Gouola
998 3573 1059 3624 sulla
1071 3572 1141 3637 puri]
1160 3574 1306 3638 Opponitur
1320 3585 1366 3623 aa·

276 3653 391 3703 Momm.
412 3679 439 3688 -
457 3652 538 3714 Saepe
553 3649 643 3714 wau]
661 3649 801 3700 minimum
839 3647 921 3699 linum
939 3649 1105 3712 argenteum.
1136 3648 1327 3712 «pauperiores
1338 3647 1365 3698 iu

270 3727 332 3778 ‘lere
350 3739 490 3777 servorum
502 3736 654 3776 numerum.
675 3724 740 3775 octo
751 3723 801 3773 hu·
839 3724 941 3775 marina
952 3725 1055 3774 coneha
1064 3721 1149 3774 salem
1161 3723 1251 3773 tritum
1263 3721 1365 3774 babere

276 3799 361 3852 babel
376 3801 500 3851 Horatius
516 3801 543 3850 in
566 3796 663 3848 familia
684 3811 732 3850 sua
754 3811 802 3847 ru·
840 3797 941 3861 solent,
959 3811 1013 3864 quo
1030 3811 1093 3849 cum
1110 3811 1178 3863 pane
1193 3798 1363 3848 vescantur.-

276 3877 358 3936 etioa,
386 3877 438 3926 sat.
462 3876 492 3936 2,
517 3875 548 3936 l,
573 3874 645 3934 448.;
673 3871 758 3924 tribus
776 3872 800 3922 ei
840 3875 932 3926 Poura.
968 3873 1021 3925 Clr.
1045 3875 1098 3924 Sat.
1122 3873 1153 3933 2,
1179 3873 1210 3934 2,
1237 3871 1283 3920 ll:
1309 3885 1367 3922 cum

276 3963 362 4002 coena
373 3948 581 4010 ministrabatur,
594 3949 648 3998 Sal.
659 3950 687 4008 4,
701 3948 728 4008 b,
742 3947 800 3998 446.
839 3950 892 4001 sole
899 3950 975 4012 ponis
985 3951 1134 4000 latrantem
1141 3947 1295 4000 suinaebum
1305 3947 1365 3998 boia

276 4023 333 4074 val.
351 4026 419 4076 Max.
443 4024 472 4086 l,
499 4023 528 4085 i,
556 4024 602 4074 ll:
631 4025 667 4075 ld.
689 4022 802 4074 &aurita
839 4025 920 4076 leniet.
955 4023 1019 4075 Plio.
1038 4023 1173 4084 Η.Ν.34,
1193 4021 1239 4074 ll:
1257 4022 1367 4085 aalma·

277 4099 427 4163 ultumam
442 4105 553 4162 epatre
575 4099 736 4150 bereditatam
755 4111 801 4148 uo·
838 4099 957 4149 mattarii
972 4099 1051 4148 oben
1067 4097 1159 4160 implet.
1195 4097 1251 4148 Hoc
1262 4099 1366 4148 mutum

276 4175 380 4238 cepoelt,
398 4175 426 4224 io
440 4175 524 4237 punto
542 4173 606 4224 libro
617 4187 716 4236 somma,
736 4185 802 4235 quoe
839 4171 906 4233 volt,
925 4173 1002 4224 utsii
1018 4171 1160 4233 candidus,
1178 4172 1232 4222 sine
1245 4169 1365 4236 locabor,

277 4251 308 4302 dt
338 4250 395 4299 Vite
420 4261 469 4299 suo
495 4249 606 4311 scripsit,
634 4249 719 4313 refert.
761 4249 802 4298 lit
840 4246 1002 4298 defaecatus.
1024 4275 1052 4284 -
1070 4246 1166 4311 eruam]
1184 4247 1305 4310 placuero
1327 4249 1367 4294 tu-

278 4325 343 4375 mim
359 4321 405 4374 sibi
421 4325 522 4374 berum
541 4322 609 4373 solu
629 4323 799 4385 mancipio,
839 4333 900 4386 pum
922 4319 1043 4372 similiter
1060 4320 1125 4372 dixit
1147 4321 1255 4372 sueton.
1274 4319 1364 4372 octav.
