3090 4974
351 463 413 529 738
723 437 726 444 ’
833 462 963 513 uomru

394 622 448 689 Sic
469 621 565 688 ctiam
587 618 706 686 fidibus
728 637 826 685 voces
849 638 983 685 oravere
1006 618 1140 694 severis,

393 745 431 810 Et
453 741 522 810 tulit
543 741 708 829 eloquium
732 739 896 807 insolitum
917 739 1068 807 facundia
1093 759 1267 828 praeceps,

392 863 587 952 Utiliumquo
610 883 709 950 sagax
730 882 840 929 rerum
862 871 895 928 ot
915 860 1023 928 divina
1044 861 1142 928 futuri

349 1197 523 1266 κορυφαῖον,
541 1187 578 1244 ἂν
591 1189 721 1245 Σκύλλαν
737 1189 872 1246 αὐλῶσιν.
912 1198 967 1246 star
978 1209 1069 1257 ruens,
1083 1193 1206 1246 celeriter
1218 1193 1330 1254 duom,-
1345 1189 1392 1248 vel.
1401 1192 1424 1238 ¹1¹

351 1299 379 1308 -
396 1271 496 1332 omina]
514 1281 620 1333 «syrma
637 1269 794 1333 tragicum.»
819 1270 872 1322 Cir.
911 1273 979 1320 Acro
998 1271 1070 1329 dicit,
1094 1281 1179 1332 «quac
1198 1280 1260 1318 cum
1277 1265 1375 1330 ingenti
1386 1265 1425 1314 irn

348 1345 415 1410 Epp.
428 1345 457 1404 ἱ,
470 1345 495 1404 4,
508 1344 565 1394 207.
592 1344 635 1394 sic
652 1345 783 1396 Lucianus
801 1346 872 1410 Nigr.
910 1347 974 1410 patu
992 1345 1102 1402 fertur.»
1120 1343 1169 1394 sod
1185 1344 1216 1393 ut
1232 1343 1274 1392 est
1290 1341 1361 1407 apud
1377 1341 1423 1390 cio.

349 1419 509 1470 tt.deridet
524 1418 680 1480 histriones
708 1423 797 1470 cetera
815 1422 874 1471 ine·
910 1433 959 1484 pro
977 1419 1108 1480 Caeiit,
1127 1417 1172 1469 35:
1190 1417 1425 1475 mmswxioaaa

347 1497 419 1560 ptos,
426 1491 564 1566 χρυσίδας
573 1490 873 1560 ἤμφιεσμένοος.Ρσνε
909 1497 1034 1558 emanata
1054 1499 1129 1558 atquo
1148 1492 1293 1556 promicat.
1330 1487 1424 1552 Quintil.

348 1573 407 1620 erat
421 1569 490 1620 haec
507 1562 607 1632 ὄψεως
624 1565 754 1634 κόσμου,
773 1569 872 1634 dequo
911 1569 954 1631 tt,
970 1570 1014 1630 tt,
1028 1569 1076 1620 73:
1099 1569 1196 1619 dimi
1211 1581 1305 1632 germ,
1321 1566 1425 1629 qaod·-

347 1645 426 1696 Arist.
439 1647 512 1695 Podt.
527 1644 551 1695 6.
905 1645 1059 1708 praecipitio
1077 1657 1125 1708 pro
1147 1642 1291 1693 sublinitur
1309 1641 1386 1691 tabet
1402 1667 1423 1676 -

379 1719 501 1770 ato-am.
519 1717 616 1782 βοῶπιν]
636 1719 701 1780 «Sto,
715 1719 811 1770 eadem
823 1732 873 1769 ne·
908 1720 1089 1784 Sortitagtsu
1100 1717 1210 1782 Delphis]
1235 1718 1358 1768 Priscum
1376 1727 1426 1764 mo-

347 1795 486 1855 cessitate‚
518 1793 608 1858 fidibus
632 1794 705 1857 prius
730 1797 820 1846 sevena
846 1796 873 1844 et
909 1809 968 1846 ram
984 1793 1105 1846 italicum
1131 1793 1287 1856 (recordare
1307 1793 1426 1843 Fortuna·

346 1866 507 1920 habentibus
529 1879 639 1930 gravem
660 1881 756 1920 sonum
773 1881 873 1920 creuere
908 1882 970 1921 rum
985 1870 1131 1920 Antiatium
1149 1871 1176 1919 et
1191 1867 1388 1928 Praenestinae)
1398 1863 1427 1916 ad

344 1957 415 1996 uoces
431 1943 541 2007 propter
557 1942 728 2006 gravitatem,
748 1944 811 2006 quia
827 1955 872 1996 se·
908 1942 1212 2008 oraculumiieiphioum
1222 1941 1427 2012 transformor

345 2019 485 2086 mitonium
503 2019 545 2068 est
560 2018 712 2078 inventum,
731 2019 761 2068 ut
777 2019 871 2068 acutae
908 2019 981 2084 σμοὶ
997 2021 1089 2070 autem
1104 2009 1137 2069 sai
1152 2019 1202 2068 καὶ
1223 2016 1362 2081 ποικίλως
1377 2031 1427 2078 κως

343 2089 869 2156 vocesgravibusconsonarentuscnon.
908 2094 958 2144 καὶ
981 2089 1083 2157 σοφῶς
1107 2087 1266 2165 ᾐνιγμένον.
1299 2093 1426 2157 Aristopii.

345 2167 450 2218 Codicis
472 2167 575 2218 Monac.
594 2167 701 2218 aristot.
720 2165 808 2218 Probi.
829 2167 870 2229 ia,
908 2169 1063 2234 Εσ.4951σ.
1082 2169 1155 2220 Piato
1165 2171 1242 2234 Logg.
1253 2168 1278 2221 t.
1288 2183 1318 2234 p.
1329 2169 1385 2220 iia.
1398 2167 1426 2218 c:

344 2241 394 2293 iii:
422 2235 634 2311 ἡῦποδωριστὶ
651 2231 725 2305 ἦθος
742 2235 803 2302 ’ἔχει
819 2255 871 2306 με·
909 2240 1032 2312 ποιηιῆς
1043 2239 1248 2312 ὁπότανέντῷ
1259 2242 1375 2318 τρίποδι
1384 2239 1428 2306 τῆς

343 2314 522 2386 γαλονιρεπὲς
533 2315 583 2366 καὶ
594 2309 748 2380 στάσιμον,
763 2311 871 2368 διὸκαὶ
908 2315 1030 2386 Μούσης
1046 2319 1214 2385 καθίζηται,
1232 2315 1299 2370 τότε
1318 2313 1373 2371 οὖν
1388 2311 1428 2381 ἔμ-

343 2387 597 2460 κιθσμῳδικωτάτη
621 2387 683 2440 ἐστὶ
702 2387 760 2440 τῶν
776 2385 870 2461 ἁρμο-
908 2410 990 2466 φρων
1015 2393 1103 2446 ἐστίν.
1128 2397 1216 2458 Atque
1233 2395 1286 2444 hoc
1303 2391 1428 2446 versiculo

341 2461 428 2516 νιῶν·
450 2460 542 2515 ταῦτα
558 2461 582 2514 δ’
599 2455 691 2529 ἄμφω
709 2459 739 2530 (ἡ
756 2459 871 2517 unmo—
908 2469 987 2522 simui
1010 2469 1141 2534 significat
1161 2469 1309 2520 chorormn
1327 2472 1356 2520 et
1371 2467 1429 2518 suh-

342 2539 419 2610 ρισνὶ
443 2539 493 2589 καὶ
517 2533 536 2603 ἡ
563 2532 769 2610 ὑπσφρνγιστί)
790 2537 869 2613 χορῷ
907 2544 1046 2595 limitatam
1063 2547 1091 2594 ct
1102 2543 1312 2604 obscuritatem,
1333 2557 1385 2608 qm
1398 2544 1429 2592 in

341 2612 396 2679 μὲν
407 2607 594 2683 ἀνάρμοστα,
613 2617 675 2676 τοῖς
686 2608 785 2665 diciaci
796 2631 870 2682 σκη-
907 2617 1015 2670 tardum
1032 2619 1113 2669 etiam
1130 2619 1245 2682 antiquis
1262 2619 1343 2682 quasi
1361 2621 1429 2668 invo-

342 2685 634 2757 νῆςοίκειότερσκτλ.
647 2715 675 2724 -
685 2690 795 2752 amen,
808 2703 867 2750 voc.
907 2693 954 2744 luti
970 2692 1141 2743 videbantur.
1166 2693 1294 2743 Ceterum
1312 2693 1381 2744 haee
1391 2705 1427 2738 va.

340 2763 501 2829 pierumque
519 2763 553 2813 de
565 2765 689 2828 personis
701 2767 868 2828 usurpatum,
906 2768 1039 2820 aio-aia.
1053 2767 1088 2817 ad
1104 2768 1267 2817 Graecarum
1283 2765 1430 2832 tragoedia-

341 2838 386 2890 hic
403 2838 437 2890 de
454 2840 512 2888 arte
525 2839 636 2890 musica.
656 2837 697 2889 cf.
709 2853 735 2888 v.
749 2839 805 2889 iti.
819 2840 867 2890 0d.
908 2854 969 2894 rum
980 2843 1077 2893 choros
1089 2841 1229 2892 dumtaxat
1244 2840 1342 2892 reterri
1358 2853 1429 2906 appa

339 2914 367 2976 i,
381 2914 405 2975 4,
418 2913 448 2962 9;
467 2926 568 2964 severae
578 2915 653 2964 uma
670 2913 824 2976 tragoedico.
840 2941 867 2952 -
906 2919 963 2976 rot;
982 2917 1017 2968 da
1027 2917 1120 2981 paucis
1132 2915 1182 2968 illis
1193 2916 1292 2966 Lat-inis
1303 2917 1375 2967 haec
1385 2915 1429 2965 dici

340 2987 398 3038 tutti
422 2987 555 3049 etaemus]
583 2988 663 3048 «Quo
688 2984 870 3038 aemularetur
907 3006 960 3044 non
972 2994 1103 3057 poterant.
1121 2993 1155 3042 At
1169 3004 1236 3042 voro
1247 2991 1431 3043 neminemid

341 3063 474 3114 musicum
482 3060 692 3122 concitatiorem,
705 3062 795 3125 poesis
807 3062 870 3112 cho-
907 3080 970 3132 gere
996 3068 1085 3132 potest
1105 3067 1133 3117 in
1150 3067 1206 3116 toto
1222 3066 1275 3117 hoo
1292 3065 1330 3116 de
1348 3066 1430 3118 choris

341 3137 398 3187 rica
420 3137 477 3200 ipsa
498 3149 607 3201 quoque
627 3135 784 3186 concitatior
800 3135 869 3187 taeta
907 3139 1086 3192 Graecisiooo
1097 3140 1209 3191 mirifice
1221 3141 1333 3191 misceri
1344 3138 1431 3192 atian-

341 3213 384 3263 est
394 3213 422 3262 et
433 3211 501 3274 trtttt,
516 3210 612 3272 idest,
631 3211 731 3262 creavit
742 3209 793 3262 sibi
806 3211 867 3275 (Sat.
907 3215 971 3266 dem
992 3216 1024 3282 ‚et
1045 3213 1135 3266 ianam
1150 3214 1293 3279 quandam
1312 3217 1428 3273 ironiam.

341 3288 367 3348 i,
380 3288 406 3348 2,
419 3285 470 3350 93.)
488 3290 569 3350 atque
584 3287 729 3350 assumpsit
740 3285 869 3338 elocutio-
907 3289 1033 3354 quonium
1046 3288 1156 3352 quidem
1165 3290 1263 3340 choros
1274 3291 1430 3354 praesertim

342 3373 405 3412 nem
423 3373 439 3410 a
456 3359 555 3425 volgari
576 3361 770 3413 consuetudine
790 3361 868 3425 iunge
905 3362 1070 3426 Aeschyleos
1088 3363 1197 3414 Horatio
1214 3363 1380 3417 difficiliores
1395 3366 1431 3414 in·

341 3437 489 3497 remotam,
516 3435 588 3486 unde
611 3434 743 3487 difficilior
759 3449 869 3501 semper
906 3435 1429 3502 tellectuatquoobscurioresvisosese

340 3509 477 3562 intellectu
493 3513 521 3560 ot
537 3510 708 3564 oraculorum
724 3511 817 3564 similis
828 3511 869 3564 u-
905 3513 949 3564 vir
961 3513 1104 3578 quisquam
1117 3512 1233 3577 negabit.
1253 3515 1374 3564 Pertinet
1384 3513 1431 3563 huc

342 3587 384 3638 cta
403 3588 455 3647 est,
479 3586 577 3649 partim
599 3585 702 3638 nobiles
719 3599 868 3652 movesque
907 3589 988 3638 etiem
1004 3588 1131 3650 aoqraom
1141 3587 1206 3639 iliud
1216 3589 1354 3650 audiam,
1369 3589 1430 3639 mire

341 3657 460 3730 γνώμας
476 3660 634 3726 proterens,
656 3663 768 3726 partim,
793 3663 869 3726 quasi
907 3665 1043 3714 remotum
1069 3673 1084 3712 a
1113 3673 1240 3713 sermone
1265 3661 1429 3726 quotidiano,

342 3737 401 3801 ipse
413 3734 512 3786 chorus
522 3734 602 3787 taturi
614 3749 713 3800 gnarus
728 3738 808 3797 esset,
822 3749 870 3788 oo-
907 3737 983 3788 ouius
1003 3737 1136 3801 poeticam
1153 3737 1298 3802 imaginem
1315 3737 1431 3790 ratemnt

343 3809 415 3862 culto
432 3811 595 3874 significans,
619 3823 702 3874 quem
718 3808 808 3862 tabula
825 3824 870 3862 es·
907 3811 998 3864 iambi.

343 3887 386 3937 set
403 3887 503 3937 exitum
520 3884 657 3946 habitura,
680 3886 723 3936 oui
740 3898 870 3950 persona·
939 3887 988 3938 Vv.
1001 3885 1139 3938 ato-ato.
1157 3899 1172 3936 a
1187 3883 1324 3950 tragoedia
1342 3883 1432 3936 uenat

344 3972 405 4010 rum
422 3973 509 4022 mors,
528 3961 572 4011 cui
588 3960 699 4010 victoria
716 3961 769 4012 tato
786 3961 871 4012 desti·
908 3961 942 4012 nd
965 3959 1059 4011 mama
1082 3961 1242 4024 satymcum,
1269 3961 1346 4012 ouius
1363 3957 1431 4022 teges

345 4037 406 4086 num
424 4037 528 4088 esset.»
546 4063 574 4072 -
600 4035 722 4099 [mundio
740 4037 871 4100 praeceps]
909 4036 1017 4102 copioso
1045 4037 1224 4099 exponuntur.
1262 4035 1354 4086 aCum
1384 4043 1431 4084 non

345 4110 388 4160 Sic
413 4112 494 4160 etiam
515 4111 617 4161 Graeci.
645 4112 720 4162 Phot.
739 4111 804 4161 Cod.
822 4110 869 4162 8⁴:
908 4113 935 4162 in
956 4123 989 4162 eo
1006 4111 1162 4160 venaretur
1187 4110 1277 4174 poesis
1301 4109 1431 4172 satyrica,

344 4185 449 4254 τροπαὶ
466 4179 628 4250 ἀπότομον,
647 4185 735 4250 «tropi
749 4185 873 4236 audacio-
909 4187 940 4236 ut
961 4197 1063 4248 gravas·
1080 4197 1211 4249 pamerras
1232 4185 1298 4234 runi
1316 4185 1346 4233 et
1371 4193 1432 4232 oon-

346 4270 416 4308 τοο.»
443 4261 501 4310 Non
514 4262 554 4310 est
565 4261 655 4323 igitur,
674 4263 704 4310 ut
714 4258 757 4311 aiii
768 4258 870 4321 volunt,
910 4261 1023 4324 temptui
1046 4261 1204 4324 exponeret,
1223 4257 1273 4309 sed
1295 4260 1324 4308 ut
1341 4265 1432 4308 seraa·

347 4333 499 4399 iprnogipiti
517 4335 593 4396 quasi
606 4336 819 4386 cursutorrentis
830 4335 872 4385 tn·
909 4335 936 4384 ta
954 4343 1048 4385 aarum
1065 4333 1191 4398 dignitate
1211 4335 1367 4396 satyrorum
1386 4341 1433 4394 pe·
