3090 4974
591 417 652 468 alis
667 417 813 469 raurici.
1188 417 1245 482 7ll

205 573 347 638 Primum
370 571 430 659 ipsi
453 569 524 650 tibi;
547 580 623 638 tunc
645 583 699 639 tua
722 593 773 639 me
796 573 966 638 intortunie
988 573 1129 668 laedent,

207 689 348 780 Telephe
366 691 416 759 vel
439 692 554 759 Peleu:
577 692 661 760 male
684 694 711 760 si
734 693 883 761 mandata
907 695 1065 782 loqueris,

203 813 265 878 ‚lut
285 812 468 880 dormitabo
492 822 546 880 aut
567 813 691 882 ridebo.
736 815 850 882 Tristia
871 827 1030 882 maestum
1188 817 1249 881 405

204 933 328 1001 Voltum
351 933 452 1001 verba
474 933 603 1012 decent,
628 936 744 1002 iratum
765 936 861 1023 plena
883 926 1057 1006 minarum.

204 1053 383 1122 ludentem
406 1055 539 1134 lascive,
563 1077 715 1124 sevemm
737 1058 822 1124 seria
844 1057 942 1124 dictu.

194 1225 372 1275 Grammatico
389 1237 524 1288 anonymo
540 1223 720 1276 Bibliothecae
737 1185 916 1289 vigorniensis
932 1227 1067 1278 Bentleius
1084 1229 1112 1278 et
1128 1229 1161 1278 li.
1189 1256 1215 1264 -

194 1300 250 1349 iou.
269 1305 322 1350 tien
337 1301 367 1349 B.
392 1325 419 1336 -
445 1299 502 1351 toi.
520 1301 592 1350 moia
607 1314 648 1366 pr.
667 1301 695 1350 Τ.
716 1325 743 1336 -
765 1301 870 1363 loquore
885 1313 956 1352 unus
972 1301 1133 1354 iiochederi.

161 1439 339 1505 ομοιοπαθοτ
354 1433 371 1488 ὁ
389 1434 506 1492 ἀκούων
521 1434 566 1491 dai
578 1437 617 1506 τῷ
634 1453 686 1489 πα·
723 1441 874 1492 «maestitia
888 1452 932 1490 me
943 1439 1060 1492 alliciant
1071 1440 1249 1506 lacrimasque

160 1511 286 1579 θητικῶς
297 1511 417 1580 λέγοντι.
439 1514 539 1565 Theod.
553 1512 685 1566 Maecilius
722 1514 787 1564 mihi
800 1514 960 1565 excutient.»
974 1543 1002 1551 -
1014 1515 1082 1564 mute
1092 1516 1114 1564 si
1124 1517 1248 1567 modula

160 1592 251 1640 narrat
267 1589 294 1638 in
311 1588 395 1639 codd.
408 1591 547 1654 reperiam
564 1601 625 1640 esse
641 1591 686 1639 cd·
722 1588 839 1652 loqueris]
851 1587 997 1650 «sicema,
1014 1601 1084 1652 quae
1097 1592 1122 1640 te
1134 1591 1248 1642 recitare

159 1665 235 1728 iicet.
262 1662 333 1713 unda
351 1664 466 1714 coniecit
481 1665 586 1728 οᾶμοοι,
611 1663 686 1728 quod
722 1662 797 1713 iubet
812 1665 905 1727 poeta,
929 1663 1037 1713 intimae
1060 1662 1094 1712 iiii
1112 1665 1193 1714 animi
1210 1665 1249 1715 tui

159 1739 296 1802 repertum
308 1738 389 1788 etiarn
401 1739 427 1788 in
436 1739 614 1788 Grammatico
622 1751 686 1788 cno-
721 1738 884 1799 sententiaa,
911 1750 992 1801 quam
1017 1751 1067 1803 pro
1092 1738 1248 1790 condicione

160 1824 242 1876 aymo
259 1810 436 1863 bibliothecae
448 1812 628 1875 vigorniensis
639 1825 685 1862 re-
722 1813 766 1862 tue
783 1825 909 1876 promere
920 1812 1050 1874 deberes,
1070 1826 1122 1864 non
1134 1827 1248 1878 respon-

160 1887 231 1950 oepit
246 1885 391 1936 Bentleius.
410 1886 539 1947 (Verbum
554 1889 597 1937 est
608 1885 685 1937 Plau·
722 1886 798 1948 dent,
817 1886 894 1950 (mala
908 1888 1056 1951 mandata)
1078 1887 1186 1939 sedvel
1204 1891 1247 1938 tu-

159 1962 244 2012 tinum
255 1959 363 2011 Poenul.
377 1961 401 2020 b,
414 1961 439 2020 i,
456 1959 523 2022 ite.)
542 1960 594 2010 Sed
606 1961 684 2010 nimis
721 1961 794 2011 mida
811 1963 874 2011 sunt
889 1960 931 2010 vei
955 1961 1074 2024 ragida.»
1103 1961 1248 2013 Lambinus

159 2037 250 2098 aperta
268 2048 301 2086 ec
316 2047 402 2099 prope
419 2035 510 2098 putide
522 2037 595 2086 esset
605 2029 684 2084 ciart-
722 2035 831 2098 quidem
850 2037 992 2086 construit:
1015 2037 1037 2085 ai
1056 2037 1123 2086 mab
1140 2037 1249 2097 loqueris

158 2109 239 2172 θεσις
256 2121 319 2161 cum
331 2109 415 2160 verbo
432 2110 562 2171 omum,
582 2111 610 2160 et
622 2121 684 2159 mox
720 2111 858 2170 encomia,
885 2109 957 2172 quod
979 2121 1029 2160 suo
1050 2109 1178 2159 arbitratu
1199 2123 1247 2160 ex-

158 2185 279 2248 sequitur
293 2185 367 2249 itere3
393 2182 682 2247 praeterquamquod,
720 2182 815 2248 plicat:
844 2185 954 2246 «partes
977 2183 1024 2233 tibi
1047 2183 1184 2234 aiortuna
1201 2186 1245 2232 tua

158 2259 385 2321 ancoiiasporsiat
393 2259 495 2323 odilae,
508 2259 685 2308 vehementer
721 2259 823 2326 datas»
844 2257 945 2308 Verum
966 2271 998 2308 ex
1019 2259 1070 2308 hac
1086 2259 1246 2308 constructi-

157 2332 259 2384 dubitc.
286 2331 373 2384 iiuiiis
396 2336 485 2383 tamen
505 2331 616 2397 placuit,
642 2335 684 2396 (ut
720 2347 772 2384 oue
790 2336 863 2385 esset
877 2335 1051 2398 praeceptum
1064 2334 1147 2383 actori
1158 2333 1246 2397 potius

158 2420 245 2471 nuper
261 2408 381 2458 Gonodic
397 2409 523 2459 uertenti:
542 2409 577 2458 ios
592 2409 684 2458 mortes
720 2421 802 2472 qiram
817 2410 912 2472 poetae
924 2407 1025 2458 datum.
1045 2407 1120 2459 Ciu.
1134 2408 1196 2457 tra:
1208 2409 1245 2457 Ne

156 2483 211 2546 sont
234 2483 319 2533 coutet
343 2483 377 2532 tes
399 2483 517 2547 tannen)
543 2485 571 2533 et
587 2480 682 2533 similia
718 2483 783 2548 {orte
798 2484 886 2534 seoda
900 2484 1145 2534 mundantur-iwani
1158 2488 1247 2545 peries

157 2559 221 2609 suut
235 2556 351 2608 Platonis
368 2555 410 2608 iila
426 2558 453 2608 in
466 2561 528 2608 iona
540 2571 566 2621 p.
580 2557 637 2606 535.
651 2557 680 2606 E.
716 2559 945 2622 pueroqueoim'tes.
958 2585 986 2594 -
996 2557 1145 2619 mammio]
1158 2556 1243 2607 «nulia

157 2629 298 2703 Καθορῶ,
324 2632 409 2695 inquit
425 2631 589 2696 rhapsodias,
613 2628 682 2680 lxd-
719 2635 864 2684 attentione
885 2636 911 2683 te
934 2631 1089 2696 dignabor.»
1115 2634 1187 2682 Brut.
1201 2631 1243 2690 80,

157 2721 243 2757 crore
257 2700 366 2768 αὐτοὺς
382 2701 461 2770 (τοὺς
472 2700 589 2769 θεατὰς)
606 2697 682 2754 ἅνω-
718 2707 782 2757 278:
803 2707 909 2756 Tantum
921 2707 1014 2770 obibit,
1032 2712 1060 2756 ui
1073 2708 1245 2770 miimnmcrea

156 2783 208 2833 dev
231 2776 291 2832 ἀπὸ
312 2778 365 2832 τοῦ
381 2779 516 2846 βήματος
538 2780 681 2832 aiaton·
718 2785 816 2831 costros
826 2781 940 2830 minos:
953 2793 1066 2830 soomicn
1077 2780 1124 2828 isto
1135 2779 1188 2828 loro
1198 2780 1245 2827 vic

156 2853 217 2920 τάς
242 2870 273 2907 το
297 2857 347 2906 καὶ
369 2852 463 2906 δεινὸν
484 2853 681 2920 ἐμβλέποντας
718 2855 866 2906 tanaim.
883 2879 911 2890 -
924 2856 1058 2904 brumam
1068 2852 1171 2916 tardae]
1191 2851 1245 2900 «bi-

155 2938 218 2994 τοτς
234 2930 409 2998 λεγομένοις.
422 2932 529 2982 Lucian.
543 2929 578 2979 de
589 2929 679 2980 Saitat.
717 2929 801 2982 larem
814 2931 930 2980 iocosa.»
944 2953 973 2964 -
985 2939 1098 2978 sarman
1109 2926 1186 2989 scic]
1205 2928 1244 2976 in-

156 3007 201 3056 is:
221 3001 292 3076 ὁρᾷς
307 3003 343 3056 τὸ
358 3005 483 3076 θέατρον
501 3002 610 3069 μισοῦν
625 3004 680 3070 μὲν
717 3007 759 3055 ter
774 3005 853 3054 saeta
869 3005 896 3052 et
909 3003 1071 3053 awaushoc
1084 3001 1243 3052 discriminis

155 3077 192 3132 wi
203 3079 299 3143 κακῶς
311 3076 475 3148 γιγνόμενα,
494 3077 680 3150 ἐπιδακρῦ-
717 3081 774 3139 est,
801 3081 829 3129 ut
850 3078 923 3141 prius
941 3077 996 3128 iere
1014 3088 1122 3140 semper
1139 3075 1243 3128 dicutur

156 3171 194 3206 ον
210 3153 242 3206 di
258 3160 321 3219 τοῖς
341 3149 552 3220 ἀδικουμένοις.
582 3155 679 3206 Verum
717 3154 752 3205 da
768 3153 866 3213 rebus,
884 3153 1018 3217 posterius
1033 3151 1067 3201 de
1080 3150 1240 3202 hominibus.

155 3231 224 3282 haec
240 3243 349 3295 quoque
366 3229 476 3280 minime
491 3229 678 3280 convelluntv.
717 3229 888 3280 iiuhuirenius
899 3228 935 3278 ad
946 3229 1051 3277 Terent.
1066 3228 1131 3276 Eun.
1145 3226 1170 3286 3,
1181 3225 1206 3284 3,
1216 3227 1240 3275 i.

156 3307 248 3355 οάοοοι
263 3318 278 3354 a
296 3304 374 3356 nobie
391 3305 421 3354 ut
436 3298 608 3373 κυριώτερον
622 3303 648 3352 b.
662 3301 678 3354 i.
718 3304 782 3366 (ridi.
801 3315 900 3352 amenis
912 3305 1002 3352 tamen
1014 3301 1149 3352 interdum
1162 3300 1241 3350 etiam

156 3379 301 3430 servatum.
314 3403 341 3416 -
355 3379 466 3429 iimmot
475 3377 564 3441 coitus]
576 3377 678 3428 adieci.
717 3379 751 3429 de
769 3377 850 3428 rebus
862 3380 1017 3442 usurpetur,
1032 3389 1119 3440 neque
1132 3376 1157 3426 in
1170 3387 1243 3425 com·

155 3453 259 3503 bonuti
275 3454 391 3504 otiosum
401 3465 455 3503 uon
466 3453 522 3513 est.
541 3451 591 3504 sed
602 3452 681 3516 signi-
716 3447 1243 3518 perativoetsuperiativosoium,utvoii

155 3525 231 3577 licat:
260 3527 373 3578 «adeunt
397 3529 506 3592 propter
529 3527 557 3578 id
580 3527 678 3591 ipsum,
717 3527 880 3588 Ddutzerue,
903 3526 952 3578 sed
974 3527 1054 3576 etiem
1075 3527 1101 3576 in
1118 3525 1240 3590 positivo.

155 3601 227 3662 quod
249 3600 371 3652 homines
392 3614 485 3653 mmus
508 3605 536 3652 ei
552 3594 680 3652 condole·
717 3605 772 3655 Cic.
786 3603 820 3653 de
832 3603 904 3653 Orat.
918 3603 942 3663 3,
955 3603 979 3662 8,
993 3602 1039 3652 30:
1059 3603 1154 3652 caesor
1164 3625 1194 3636 --
1204 3613 1244 3650 rea

155 3687 232 3725 scere
249 3687 312 3726 cum
325 3673 550 3740 dispescamus,
569 3676 596 3726 id
607 3677 679 3740 quod
715 3705 730 3715 -
742 3705 756 3716 -
767 3691 866 3728 scacos
880 3677 984 3726 bitere-
995 3701 1009 3712 -
1020 3676 1147 3726 tractavit.
1169 3675 1241 3723 Brut.

155 3749 240 3800 brutis
266 3749 424 3800 animalibus
454 3754 579 3813 negatum
606 3753 679 3800 est.»
717 3753 758 3814 sit,
771 3753 832 3802 seo:
852 3751 976 3801 ammittis
990 3764 1040 3800 coa
1058 3747 1110 3799 toln
1123 3749 1243 3813 precibus

155 3823 292 3874 «Allectus
314 3836 410 3874 omnes
428 3825 453 3873 iu
470 3825 565 3876 animle
582 3825 680 3874 noetus
717 3833 740 3876 ei
751 3827 841 3876 soccis
852 3838 929 3886 quom
942 3825 1070 3875 coneneie
1085 3828 1109 3874 et
1124 3824 1239 3873 veneriis.

154 3898 286 3949 habemus
303 3911 336 3948 ex
353 3898 447 3948 natura
466 3900 492 3948 ei
509 3896 602 3961 singuli
620 3910 680 3947 mo·
718 3899 789 3950 Ctv.
800 3899 1112 3961 iiii.t.tdtotumautem
1123 3898 1194 3947 hunc
1205 3895 1242 3946 io·

154 3974 263 4034 vantur,
290 3985 353 4022 cum
373 3973 502 4035 imagines
524 3984 586 4022 suae
603 3971 679 4022 vide-
718 3986 780 4024 cum
798 3973 830 4024 ci.
844 3974 898 4023 Cic.
913 3973 946 4023 de
959 3974 1002 4022 Or.
1016 3973 1045 4032 Ξ,
1064 3971 1104 4022 ib.
1120 3971 1184 4032 eti,
1198 3973 1239 4032 57,

153 4047 206 4097 rint
230 4048 257 4097 in
282 4045 364 4098 aliiae
390 4048 469 4097 Acro.
496 4071 522 4081 -
550 4046 598 4107 ipsi
622 4045 678 4109 tibi]
717 4047 782 4098 iia:
802 4047 888 4097 Omnis
898 4053 979 4096 maiia
990 4046 1242 4107 animiscwnqoeo-

154 4120 259 4180 Quintil.
272 4122 296 4183 6,
309 4122 334 4182 i,
347 4121 393 4172 26:
413 4121 518 4171 mia
535 4121 601 4170 mim
610 4121 681 4172 circo
717 4123 777 4172 οοοι
793 4135 811 4169 ο
826 4127 922 4172 omaro
934 4121 1111 4172 bcbciooitum
1121 4125 1144 4170 et
1154 4133 1241 4170 moueri

152 4197 284 4246 nwcendos
307 4198 411 4259 affectus
431 4197 458 4245 io
474 4195 520 4246 boc
533 4197 619 4258 posito
634 4201 678 4258 eat,
717 4201 741 4246 et
756 4201 865 4260 gerim
888 4207 1026 4258 corpusque
1042 4200 1120 4245 totum
1136 4195 1241 4244 beminis

151 4275 180 4320 ui
202 4283 350 4322 mweomw
370 4271 418 4333 ipsi
442 4272 493 4320 cet.
519 4299 545 4306 -
573 4270 678 4335 taedent]
717 4277 740 4322 et
756 4271 808 4321 cisia
824 4271 904 4320 onmia
919 4269 999 4320 coitus
1015 4282 1147 4331 mamque
1159 4282 1238 4330 norea
