3116 4968
602 451 663 502 nm.
683 453 713 502 u.
749 452 816 503 sar.
836 453 866 503 rr.
1222 455 1284 521 225

238 613 283 677 Ac
306 607 381 675 mibi
405 629 463 676 seu
488 607 618 695 longum
640 618 714 695 post
736 618 864 697 tempus
887 621 1019 677 venerat
1039 609 1175 698 hospes,

239 731 314 799 Sive
339 751 475 819 operum
497 750 601 797 vacuo
623 739 733 818 gratus
756 731 891 798 conviva
912 752 974 820 per
995 732 1132 801 imbrem

238 853 380 929 Vicinus,
405 851 489 919 bene
516 862 586 919 eret
606 872 671 919 non
691 851 836 940 piscibus
859 851 940 920 urbe
962 855 1092 942 petitis,
1223 855 1285 922 teo

241 974 305 1043 Sed
326 972 415 1062 pullo
437 983 535 1062 etque
557 972 679 1054 beed03
703 983 770 1040 mm
793 974 926 1063 pensilis
947 996 1011 1042 uva
1034 977 1193 1044 secundas

241 1097 279 1163 Et
300 1118 365 1162 nux
386 1094 523 1162 ornabat
542 1115 673 1162 mensas
696 1115 770 1163 cum
792 1095 922 1184 duplice
944 1097 1018 1166 ficu.

240 1221 318 1285 Post
337 1217 400 1284 boc
421 1216 518 1284 ludus
540 1225 610 1285 erat
631 1215 726 1305 eulpa
747 1227 861 1305 potare
884 1217 1051 1308 magistra,

265 1399 321 1450 448.
339 1399 447 1449 domiti
463 1412 507 1450 4444
522 1399 610 1460 bo,LC
629 1400 656 1449 et
672 1397 819 1449 Bentleius:
838 1399 940 1450 ,4444411
956 1413 1000 1450 eeu
1016 1401 1130 1466 8444111,
1148 1403 1255 1454 domiti

231 1487 288 1524 4444
299 1476 318 1523 4.
333 1501 362 1512 -
376 1475 433 1524 tsi.
455 1479 514 1524 444444
530 1487 554 1524 4.
573 1500 601 1513 -
622 1475 678 1526 ⁴23.
696 1475 781 1538 eulpa]
799 1473 841 1524 Sic
852 1472 913 1524 libri
930 1488 1039 1537 omues,
1059 1477 1139 1527 etiem
1156 1480 1210 1530 mei
1228 1482 1255 1530 et

231 1549 362 1610 Pottierii,
382 1549 481 1600 CtFltJ.
509 1550 606 1599 Contra
622 1561 707 1610 mappa
722 1546 816 1598 bamb.
836 1549 915 1610 coni,
934 1563 1001 1612 copo
1018 1551 1075 1614 (pro
1091 1552 1255 1614 4444114444-

231 1621 299 1674 leius
324 1626 410 1683 44444,
435 1624 507 1674 44414
532 1623 653 1674 eiusdem
679 1621 760 1672 dubie
786 1621 918 1685 suspicio,
943 1625 1096 1688 palpante.
1116 1628 1252 1689 Heinsius,

229 1697 302 1761 444444
314 1704 407 1762 potore
423 1699 546 1763 moptstro
562 1697 700 1748 Kircbner.

199 1851 360 1912 excepturus
378 1851 451 1902 esset
467 1849 594 1914 hospites.
616 1874 643 1884 -
658 1859 724 1908 pen-
761 1843 805 1898 te:
824 1846 948 1910 44444444,
961 1847 1056 1898 814444.Ι
1067 1853 1124 1900 uter
1134 1851 1286 1916 4444445544,

197 1923 249 1972 silit
264 1919 553 1987 44414114144411,
572 1919 603 1969 e:
621 1921 724 1970 4144444
758 1921 848 1983 poculo
865 1921 1020 1972 multabitur.
1033 1949 1049 1960 -
1060 1949 1101 1962 --
1112 1925 1286 1990 Sipeecuesie,

197 1997 266 2047 44444
282 1999 367 2060 (uvae)
381 2011 430 2060 per
444 1998 547 2045 iterem
560 1995 651 2056 possiti
667 2007 725 2044 coo·
759 1997 866 2046 4444444
890 1997 929 2045 444
953 1997 1062 2047 retinebo
1088 1999 1180 2065 ittieo.)
1205 2003 1286 2066 etque

197 2077 343 2122 4444444444
366 2071 506 2120 44414444.
544 2067 627 2120 Pleut.
643 2071 721 2119 Poen.
761 2069 1288 2138 44144444444155444444514444444444-

198 2147 227 2207 4,
246 2147 277 2206 t,
297 2147 341 2196 99:
361 2150 389 2195 444
405 2157 430 2194 ee
445 2157 543 2194 4444444
558 2143 660 2206 poenes
674 2157 724 2206 pro
760 2149 841 2209 gistre
866 2145 991 2197 omuibus
1016 2149 1114 2198 esset.»
1146 2148 1228 2213 volgo
1253 2152 1288 2202 ita

197 2233 249 2270 4444
261 2232 341 2281 poseo
359 2219 470 2281 pensilis.
493 2245 521 2254 -
547 2219 645 2282 duplice
664 2218 723 2283 4444]
761 2220 904 2284 explicent:
925 2221 1103 2286 «quioulpam
1115 2223 1289 2287 qualemcun-

198 2294 322 2346 «bifldaa
356 2295 448 2344 Scaou.
483 2291 581 2345 Pelled.
601 2296 631 2344 44.
651 2293 723 2355 int,
761 2309 814 2359 que
841 2297 867 2346 in
893 2294 1014 2348 bibendo
1037 2299 1223 2362 commiserat,
1251 2303 1287 2352 ita

197 2371 241 2432 44,
261 2369 311 2419 34;
336 2369 444 2419 84444414
458 2371 534 2434 fleus,
554 2370 616 2419 41444
632 2369 725 2419 441414-
760 2369 930 2436 puniebatur,
943 2375 973 2422 ut
985 2369 1053 2422 illico
1064 2373 1190 2436 poculum
1203 2387 1287 2428 unum

195 2445 263 2506 cieo,
281 2448 410 2506 44444444,
428 2449 457 2494 44
470 2447 578 2510 morum
593 2445 665 2494 44444
676 2443 726 2493 444-
761 2447 929 2510 praeaeteris
939 2447 1074 2496 exsiccare
1084 2446 1206 2511 deberet,
1217 2463 1287 2513 quae

196 2523 285 2570 444444
300 2523 324 2570 et
344 2519 439 2582 pulpae
460 2525 519 2569 44444
535 2519 678 2581 duplicatae
698 2519 725 2567 44
762 2518 872 2584 quidem
889 2533 975 2584 poene
990 2521 1109 2572 senuvia
1125 2523 1210 2573 risum
1227 2537 1288 2576 mo-

195 2595 500 2644 44444114444444444444
515 2595 610 2644 4444444.
645 2594 724 2643 ’14544
760 2594 849 2656 44444,
864 2595 925 2658 quie
937 2597 1087 2658 praemium
1099 2598 1187 2661 potius
1199 2602 1286 2660 erat;»

197 2667 318 2732 Gergalio
345 2667 424 2719 Siculi
452 2669 501 2720 bas
529 2681 600 2719 nuuc
628 2668 725 2718 vocent
760 2669 803 2721 vel
829 2672 859 2720 ut
885 2669 1066 2734 lleindorfius,
1096 2675 1181 2736 magis
1207 2675 1287 2725 etiam

196 2745 301 2808 etteppe
319 2745 346 2794 444
362 2744 445 2808 fleti,
460 2743 517 2804 ubi,
540 2757 602 2794 eum
619 2744 725 2794 514444-
761 2745 795 2795 ed
813 2747 931 2806 nostros,
951 2757 1003 2794 uon
1015 2744 1050 2795 ad
1061 2747 1223 2798 rusticorum
1234 2749 1288 2798 114-

197 2823 252 2880 tur,
266 2832 319 2869 une
338 2820 441 2869 inversu
459 2819 581 2869 inversae
593 2816 668 2870 elteri
681 2831 725 2868 eo-
761 2831 904 2872 manorum
932 2831 1035 2870 mores:
1069 2822 1147 2871 «Post
1175 2833 1287 2873 coenam

197 2895 266 2959 gitur
278 2896 306 2944 et
314 2894 432 2944 retinent
442 2891 589 2944 mollitiem.
600 2890 723 2943 -Simile
761 2894 795 2944 ad
819 2893 912 2944 ludum
928 2893 1046 2958 aliquem
1063 2907 1112 2944 nos
1128 2893 1289 2946 contereba-

197 2970 240 3019 est
256 2969 408 3020 convivium
419 2969 490 3032 epud
501 2967 585 3019 Plaut.
598 2968 679 3018 Stich.
692 2969 721 3028 41,
761 2982 821 3021 mus
844 2967 966 3033 (telorum
991 2971 1055 3033 pute
1077 2967 1118 3017 vel
1144 2966 1267 3034 similem)
1280 2987 1286 3032 ;

198 3042 228 3105 1,
254 3044 285 3093 7:
313 3045 366 3094 1144
396 3045 538 3094 4444444444
565 3045 614 3093 Pro
638 3043 725 3106 opttus
761 3045 861 3109 quique
878 3045 905 3093 m
924 3057 956 3094 eo
974 3053 1094 3092 errorem
1115 3044 1288 3096 commiserat

196 3117 290 3168 44444444
304 3119 366 3168 sate
381 3119 586 3169 emmodutmrset
604 3117 721 3179 44444444,
760 3117 887 3183 poculum
900 3116 1010 3168 ebibere
1020 3114 1165 3166 debebat.»
1178 3119 1211 3168 m
1221 3131 1287 3169 vero

196 3193 303 3258 44444444,
318 3193 409 3258 flentis.
761 3207 803 3242 vv.
826 3195 882 3240 erat
903 3193 1006 3250 potore,
1037 3201 1106 3252 quae
1132 3193 1287 3242 necessario

230 3267 287 3318 443.
316 3270 373 3318 Post
388 3267 444 3332 too]
465 3268 503 3319 Ex
520 3267 630 3332 antiquo
647 3279 722 3316 more
760 3263 894 3316 artissime
912 3263 1046 3326 iungendo
1063 3268 1126 3315 sum
1142 3267 1287 3329 4444444414-

197 3341 308 3393 demum
331 3346 392 3408 post
414 3340 490 3394 eibos
507 3345 629 3406 sumptos
647 3342 724 3404 pota-
759 3337 819 3390 velli
840 3339 966 3404 possunt,
993 3351 1042 3402 pro
1060 3341 1135 3389 certo
1158 3339 1228 3390 benc
1245 3342 1287 3391 in-

196 3415 277 3478 bent,
300 3415 427 3468 luxuriosi
444 3421 536 3468 eontm
553 3419 623 3467 inter
639 3415 723 3464 eden·
759 3414 1288 3479 terpretatronamnonadmruuncamat

197 3491 271 3542 dum.
292 3493 396 3542 Seneca
408 3493 489 3557 Epist.
500 3493 563 3543 itt:
581 3493 637 3541 Post
642 3501 724 3550 prorr-
760 3502 873 3540 coenam
890 3488 983 3539 ludere
1001 3488 1168 3552 solebamus,
1196 3492 1231 3540 ita
1257 3493 1287 3542 ut

196 3566 267 3615 444444
282 3571 329 3615 uest
343 3579 447 3616 coenem
464 3567 544 3616 444444
558 3565 722 3627 4414444444
760 3563 837 3629 culpa
855 3566 882 3614 tn
899 3563 962 3614 ludo
974 3566 1118 3615 commisse
1134 3565 1231 3630 poculo
1243 3569 1289 3617 eut

196 3641 241 3690 144
255 3641 458 3704 patresfamiliae
475 3640 563 3690 44444444
586 3633 685 3701 tasone
701 3641 723 3687 44
760 3638 881 3690 detracto
906 3640 953 3689 unt
976 3639 1149 3702 superaddito
1172 3639 1214 3702 (de
1236 3641 1288 3690 boe

195 3715 417 3778 4444444144444444
427 3714 522 3778 ipson.
535 3740 563 3749 -
574 3713 647 3763 4444444
658 3711 722 3778 erut]
759 3715 833 3764 enim
849 3714 930 3764 4414444
946 3713 992 3763 sud
1012 3714 1094 3764 4444144
1110 3713 1141 3762 115
1157 3715 1201 3778 454)
1219 3714 1287 3766 411444

197 3790 364 3854 «Siquando
386 3786 471 3838 libere
487 3790 581 3853 potare
597 3785 724 3838 volebant
760 3789 929 3854 punireturp
954 3789 1036 3838 immo
1053 3801 1096 3837 vv.
1116 3786 1187 3838 clere
1205 3789 1288 3851 signi-

195 3865 311 3928 entiqui,
339 3864 366 3914 id
392 3865 447 3924 est,
475 3863 532 3915 sine
557 3861 722 3926 archiposla,
759 3863 842 3914 fleant
864 3863 1029 3927 potationem
1054 3863 1140 3927 ipsam
1161 3863 1288 3914 conviva-

195 3939 322 3990 dleebaut
338 3949 368 3988 54
386 3938 541 4002 magistram
558 3937 646 3986 iecere
664 3934 724 3986 oul—
759 3949 821 3988 rum
837 3935 931 3987 ludum
948 3937 1038 3987 tuisse.
1082 3935 1163 4000 Cedpo
1179 3938 1285 3998 eutem,

194 4027 285 4080 pam.»
312 4015 407 4064 Poura.
438 4013 517 4063 414454
533 4012 585 4062 boo
597 4011 723 4062 eomodo
759 4015 789 4062 ut
806 4013 858 4061 boc
875 4023 983 4076 quoque
1001 4011 1136 4074 dicemus,
1162 4013 1234 4074 erat,
1258 4016 1289 4064 ut

195 4086 369 4148 ludebamus,
387 4089 417 4138 ut
433 4090 507 4138 certe
525 4089 595 4138 inter
611 4099 661 4138 nos
672 4100 724 4152 po·
760 4087 868 4151 opinor,
886 4088 909 4138 si
925 4083 1051 4151 poculum
1069 4099 1122 4136 nou
1134 4086 1287 4138 exsiccaba-

196 4165 268 4216 taudi
294 4163 353 4228 lege
375 4164 446 4215 dicte
472 4165 508 4224 is,
535 4165 580 4228 qui
602 4177 655 4214 uon
673 4163 723 4214 eb-
761 4163 816 4224 tur,
835 4162 858 4213 ei
875 4161 987 4212 tortasse
1003 4161 1105 4224 recepti
1121 4162 1288 4226 4444144434-

196 4242 383 4306 temperasset,
399 4241 531 4306 sequente
542 4240 601 4290 viee
613 4251 666 4290 uuo
678 4252 724 4305 po·
760 4239 818 4289 stus
840 4236 883 4287 vel
905 4233 1034 4286 termulae
1056 4237 1118 4286 ante
1137 4236 1286 4288 bibendum

197 4314 257 4366 culo
274 4313 433 4366 multaretur
450 4313 543 4379 (Pleut.
556 4315 637 4367 Stich.
650 4317 682 4378 5,
696 4314 721 4376 4,
761 4325 814 4364 uon
831 4313 880 4362 rite
898 4310 1075 4362 servabantur
1091 4313 1143 4363 eet.
1179 4313 1288 4376 (Turne-

253 4407 346 4454 tlomr.
361 4417 417 4454 vor..
432 4407 459 4454 41.
490 4405 653 4458 44144111.
1089 4403 1118 4450 441
