3022 4984
300 413 361 479 περ
618 455 621 462 .
771 412 900 465 uoniru

334 574 369 636 ln
391 569 475 658 mala
496 568 639 637 derisum
661 567 762 636 semel
786 577 1023 656 exceptumque
1045 567 1182 638 sinistre.

335 694 373 760 Ut
395 691 477 758 mala
499 711 598 778 quem
619 689 747 758 scabies
769 701 825 756 aut
845 689 977 757 morbus
1000 691 1109 778 regius
1130 702 1228 778 urget

333 817 396 880 Aut
415 813 571 880 fanaticus
592 831 684 880 error
709 822 741 880 et
763 811 918 880 iracunda
938 813 1057 888 Diana,

335 935 494 1002 Vesanum
517 935 659 1022 tetigisse
680 933 792 1000 timent
812 933 1002 1021 fugiuntque
1024 940 1168 1020 politam,
1326 937 1393 1002 455

335 1055 397 1135 Qui
419 1056 563 1142 sapiunt;
586 1055 705 1141 agitant
728 1055 821 1142 pueri
843 1055 1027 1143 incautique
1051 1065 1242 1143 sequuntur.

334 1177 409 1254 Hic,
433 1176 511 1243 dum
533 1176 680 1243 sublimis
702 1197 817 1242 versus
840 1187 983 1243 ructatur
1004 1185 1037 1243 et
1058 1187 1157 1252 errat,

335 1299 369 1364 Si
392 1298 489 1366 veluti
512 1296 644 1364 merulis
667 1298 807 1364 intentus
830 1295 951 1364 decidit
972 1317 1093 1385 auceps

359 1496 416 1548 436.
435 1501 551 1558 secuntur
568 1508 591 1544 c.
613 1523 639 1530 —
659 1494 716 1546 tot.
734 1495 848 1546 obtines
864 1494 915 1554 Tu,
933 1494 1057 1545 sabloneta
1074 1496 1114 1545 ct.
1135 1522 1162 1530 -
1182 1494 1241 1546 iss.
1261 1497 1309 1548 Sic
1323 1501 1356 1549 T.

327 1600 354 1608 —-
373 1571 516 1634 crespeel,
535 1583 626 1633 anceps
643 1583 682 1634 pr.
697 1569 723 1619 d.
739 1595 766 1605 -
786 1569 843 1621 439.
857 1569 915 1622 460.
929 1569 1018 1620 clamat
1034 1569 1147 1634 Largum
1164 1570 1190 1620 d.
1207 1599 1234 1608 -
1254 1574 1358 1622 sint..

293 1749 388 1800 merito
408 1747 502 1798 setium
523 1747 619 1796 motum
638 1745 691 1797 dici
707 1746 816 1798 debet.»
852 1745 976 1796 Btdletioo
992 1746 1046 1796 dell'
1064 1747 1245 1798 [assumunt.
1260 1749 1342 1800 4836.
1362 1765 1389 1815 p.

295 1851 321 1862 -
335 1822 453 1887 mmmm]
473 1835 504 1872 aa
521 1820 694 1886 popularibus
706 1822 761 1872 suis
773 1835 818 1872 ex·
854 1819 898 1872 444
911 1835 916 1872 :
935 1820 1099 1872 Famosum.
1118 1821 1317 1874 claricalis.
1331 1827 1389 1876 init

293 1897 425 1963 plosum.»
451 1897 558 1947 llinime
576 1896 670 1946 reierri
681 1896 733 1946 boc
744 1909 768 1946 v.
782 1895 817 1946 ad
852 1895 999 1945 PECVNIA.
1017 1895 1182 1946 caustica.
1207 1897 1289 1960 (quae
1308 1899 1392 1950 lano-

291 1974 428 2024 derisorem
450 1970 523 2023 illum
546 1983 572 2020 v.
590 1970 663 2028 433.Ι
682 1974 711 2021 ut
727 1969 818 2021 volunt
854 1969 1031 2033 rumpropria
1045 1971 1094 2032 est)
1112 1970 1252 2022 FACIVND
1259 1973 1316 2024 Vll.
1331 1975 1392 2025 cl'-

292 2045 423 2108 nonnulli,
450 2048 525 2110 patet
546 2059 579 2096 er
602 2044 726 2096 adiuncto
744 2058 818 2096 ecce-
854 2043 1031 2093 liAVlllil'NT.
1059 2071 1086 2080 -
1120 2045 1247 2096 iracundo
1278 2048 1389 2114 Dium]

290 2127 410 2184 plasmasse
426 2122 539 2180 deutra,
560 2121 633 2184 quod
650 2121 757 2185 proprie
775 2119 817 2170 di·
855 2129 939 2180 aquae
958 2131 1026 2181 quos
1043 2119 1081 2168 ira
1098 2131 1146 2170 sua
1161 2123 1339 2184 persequitur
1350 2122 1392 2174 lu-

292 2199 361 2246 citur
378 2195 411 2246 de
429 2196 571 2255 histrione,
595 2196 639 2258 qui
657 2193 817 2258 simulatque
855 2193 970 2254 unicos,
984 2189 1186 2258 σεληνιακούς,
1200 2193 1392 2263 σεληνοβλή-

293 2273 320 2320 iu
336 2283 417 2320 scena
436 2271 590 2333 comparet,
610 2267 772 2328 exsibilatur,
792 2269 817 2318 in
854 2280 936 2329 τους,
962 2267 1076 2317 reddit.»
1104 2269 1221 2319 Pertinet
1241 2269 1298 2320 buc
1315 2273 1391 2322 mira

292 2341 816 2415 sipovaautemillumminlmsquadrat.
856 2339 897 2392 illa
922 2342 1062 2406 Inscriptio
1084 2355 1208 2394 camerae
1229 2345 1391 2408 Esquilina

325 2417 447 2470 433-456.
466 2418 495 2466 ln
512 2416 629 2480 epilogo,
648 2419 678 2466 ut
694 2416 763 2466 solet
775 2417 817 2480 (ci.
856 2415 950 2480 parieti
966 2417 1070 2480 appicta
1083 2418 1154 2482 apud
1169 2419 1267 2468 Osann.
1281 2433 1311 2484 p.
1324 2420 1389 2474 494;

295 2492 330 2542 ad
347 2493 413 2558 Epp.
427 2493 456 2550 3,
470 2492 493 2540 l.
507 2491 584 2552 extr.)
602 2489 741 2541 ridiculam
758 2505 820 2554 pro-
855 2491 1002 2541 DVODEGI
1009 2491 1393 2554 (siclbsosniblelllfflr-

234 2561 246 2584 ’
294 2569 370 2632 ponit
383 2566 528 2630 imaginem
545 2567 641 2630 poetae
652 2577 763 2630 prorsus
775 2579 820 2616 ve-
854 2565 959 2614 lOl'llll
973 2565 1393 2621 orrvuvuuaxllwufflnc

250 2687 256 2702 ,
294 2643 352 2694 sani
370 2644 398 2692 et
414 2641 448 2692 ab
466 2640 590 2693 omnibus
602 2640 682 2692 derisi
695 2643 746 2704 (vv.
759 2640 820 2692 433-
855 2639 1008 2690 attuatos
1048 2641 1395 2703 cusovlsulcmlsalr

294 2715 372 2778 ital.
399 2717 503 2781 Optime
515 2719 606 2767 autem
617 2715 764 2780 respondet
775 2729 820 2766 ex·
858 2714 912 2777 (sici
930 2715 1131 2766 avrcacsalr.
1152 2743 1180 2753 -
1206 2717 1334 2770 Veram
1351 2727 1391 2772 te-

294 2792 370 2843 ordio
393 2793 492 2853 exitus,
513 2792 698 2842 monstruosae
719 2791 819 2856 figurae
856 2789 939 2852 tigisse
950 2789 1013 2854 cet]
1024 2788 1125 2840 Talium
1137 2794 1310 2854 aegrotorum
1322 2807 1393 2847 con-

295 2869 374 2930 poeta
399 2867 523 2918 furiosus.
549 2893 572 2903 -
600 2865 702 2915 marim
726 2865 818 2929 regius]
857 2865 972 2924 tactum,
991 2876 1025 2914 ne
1044 2864 1093 2928 ipsi
1110 2864 1207 2916 iisdem
1225 2866 1332 2920 morbis
1350 2871 1393 2921 in·

295 2941 406 2992 morbus
423 2943 563 3004 arqualus.
591 2937 714 3010 ἴκτερος,
733 2939 819 2992 (lelb-
857 2939 1014 2999 ficerenlur,
1033 2938 1125 3002 lugere
1142 2937 1278 3000 solebeni;
1307 2947 1391 3007 pueri

295 3017 391 3065 sueti.
412 3013 481 3066 Cels.
494 3014 523 3074 3,
542 3014 587 3065 al:
606 3017 653 3066 Per
669 3027 740 3064 omos
757 3019 819 3064 ten-
857 3015 950 3064 contra
961 3011 1051 3064 lascivi
1061 3027 1108 3064 eos
1116 3014 1317 3070 contumeliosis
1327 3033 1391 3072 ver*-

291 3089 475 3152 pmmmsam
491 3094 526 3140 est
550 3089 619 3148 laus,
646 3090 713 3150 ioco,
740 3088 818 3149 tacu,
857 3087 899 3140 bis
923 3086 1101 3140 lacessebant.
1133 3089 1262 3140 Artemid.
1284 3093 1315 3154 3,
1336 3094 1388 3146 ts:

293 3165 413 3226 meets,
430 3177 478 3226 per
494 3163 819 3225 manumulierum
857 3163 906 3212 nat
924 3159 1022 3225 παῖδες
1038 3165 1306 3230 communissima
1316 3161 1393 3220 ἀκο-

295 3240 326 3291 cb
342 3251 407 3300 quaa
424 3239 512 3301 regius
529 3236 640 3288 morbus
659 3237 739 3288 dictas
753 3238 821 3288 virle·
857 3233 1024 3289 tonsorium.
1041 3261 1067 3274 -
1082 3238 1187 3302 incauti]
1205 3238 1276 3302 ualli,
1296 3245 1391 3296 minus

295 3320 346 3366 tur.
366 3313 406 3364 Cl.
419 3311 483 3362 Ptin.
497 3313 528 3362 ll.
541 3313 572 3362 li.
585 3312 633 3372 ii,
650 3310 698 3370 sl,
710 3311 751 3362 33.
771 3313 820 3362 Se-
857 3313 949 3375 uthue
961 3313 1031 3362 cauti
1043 3312 1166 3364 nomines
1176 3313 1393 3380 adultisequun-

295 3403 353 3440 ran.
370 3390 476 3438 Samon.
498 3386 561 3437 4033
577 3399 619 3450 sq.
648 3413 667 3424 -
694 3386 822 3448 {anullare
858 3389 900 3437 tur
916 3384 988 3437 illam
1001 3385 1162 3438 lascivorum
1171 3393 1393 3452 puerorumtur-

295 3463 377 3527 error]
395 3460 461 3512 Flor.
475 3461 503 3520 3,
522 3461 565 3520 49,
581 3457 611 3510 l:
637 3459 764 3522 [malleos
777 3461 821 3524 fat·
856 3459 1167 3520 bam‚oblitialuriosls
1179 3473 1240 3524 eos,
1256 3466 1303 3527 qui
1314 3477 1390 3529 pone

295 3551 354 3599 ror¹
373 3534 480 3600 qualem
497 3534 627 3598 imprimis
645 3547 660 3584 a
676 3533 777 3598 Cybele
794 3537 822 3585 et
858 3549 904 3586 eos
917 3534 1055 3597 incedunt¹
1074 3537 1233 3600 praesertim
1247 3537 1388 3598 irrisores.

296 3609 402 3662 Bellona
425 3611 544 3673 ipsarum
566 3607 752 3660 sacerdotibus
769 3610 821 3660 im·
857 3609 989 3674 lapidibus
1006 3609 1173 3674 fustibusque
1185 3611 1255 3674 abigi
1267 3611 1389 3666 solere.-

297 3685 364 3736 mitti
384 3683 530 3749 putabant;
553 3683 625 3733 unde
643 3683 669 3733 in
686 3683 819 3748 inscripti.
885 3683 1133 3749 telleuwilare]
1146 3687 1391 3758 «μετέωροςειιω

297 3773 333 3810 m.
347 3762 403 3810 Lat.
416 3760 447 3810 N.
460 3759 541 3809 tali:
558 3759 610 3808 lili.
626 3758 724 3808 asos.
743 3759 822 3807 lisl-
858 3762 887 3809 et
901 3761 1056 3810 retroverso
1068 3761 1154 3824 capite
1168 3761 1392 3818 circumcursans

196 3885 200 3894 ,
297 3834 433 3884 LONAES.
465 3831 663 3883 PVLVlNESlS.
692 3831 822 3882 Faueri-
858 3846 911 3883 non
928 3833 986 3884 sina
1005 3835 1152 3896 arrogantia
1166 3837 1392 3899 nequealtentus

297 3909 364 3960 CVS.
384 3908 483 3975 lllpian.
496 3907 513 3959 l.
527 3909 551 3958 t.
568 3907 592 3971 5.
605 3919 668 3970 pen.
682 3905 716 3956 de
725 3905 820 3958 aedil:
858 3907 893 3958 ad
905 3919 946 3966 es,
957 3919 1027 3969 quae
1038 3907 1158 3958 aubelus
1169 3909 1285 3972 pedibus
1296 3915 1392 3964 sunt»

297 3984 341 4045 qui
364 3984 435 4034 circo
458 3983 522 4047 [msa
542 3981 695 4032 tacebuntur
709 3985 734 4031 et
750 3980 823 4042 gumi
858 3980 907 4032 siti
918 3994 967 4045 pro
979 3983 1131 4034 accusativo
1142 3982 1210 4048 plur.
1222 3983 1391 4046 babuerunt.

298 4058 419 4110 dmmtss
438 4069 559 4120 responso
572 4056 688 4107 emisit.
715 4056 753 4107 ci.
767 4057 820 4106 Sat.
860 4058 948 4108 minus
966 4057 1057 4120 utique
1075 4061 1165 4118 recte;
1184 4071 1248 4109 nam
1264 4062 1393 4112 essolet·

297 4132 323 4192 2,
336 4131 361 4192 3,
373 4131 431 4182 343.
456 4134 542 4184 Prima
560 4131 651 4196 utique
663 4143 695 4181 ac
707 4131 821 4182 mamma
859 4133 963 4201 ρωνεία
979 4131 1145 4192 subrustice,
1164 4134 1191 4182 et
1205 4143 1338 4185 caesum
1348 4137 1393 4188 vis

298 4205 406 4270 propria
419 4206 610 4270 significatione
627 4205 679 4258 adi.
697 4206 823 4269 [meam
859 4204 957 4256 obstat.
973 4229 1001 4242 -·
1019 4219 1105 4256 veruo
1120 4206 1252 4270 mentae]
1276 4221 1394 4262 arsam

298 4279 429 4344 reperitur
440 4281 467 4330 in
478 4280 651 4346 inscriptione
663 4281 820 4342 veronensi,
860 4281 887 4330 et
904 4279 1053 4332 inconditos
1070 4283 1098 4330 et
1113 4281 1221 4332 insanos
1238 4279 1391 4334 ldsnbdem
