3192 4974
581 453 640 503 tls.
660 455 678 504 l.
714 453 812 504 Erlst.
831 453 884 502 Vll.

239 611 305 677 Neo
326 618 435 676 tamen
457 607 595 696 ignorat,
620 608 700 698 qnid
722 609 841 676 distent
862 629 939 676 aera
961 608 1094 697 lupinis:

239 731 378 820 Dignum
400 731 572 820 praestabo
595 752 647 798 me
670 732 767 798 etiam
788 751 848 819 pro
870 729 967 798 lande
994 731 1154 798 merentis.

231 982 305 1027 ratas
320 973 351 1038 β,
370 976 507 1028 Charisius
524 975 552 1037 l,
572 977 597 1036 t,
617 977 640 1026 l.
659 977 767 1026 Servius
783 976 819 1026 ad
835 976 906 1040 virg.
924 977 990 1026 Aen.
1003 977 1028 1036 2,
1046 973 1114 1038 art.)
1134 1003 1160 1012 -
1175 989 1259 1040 para-

231 1050 291 1104 tae?
301 1077 315 1088 -
328 1077 344 1087 -
354 1049 466 1114 lupinis?
482 1049 626 1102 Bentleius.
648 1077 676 1086 -
694 1050 735 1102 il.
753 1063 806 1113 nse,
824 1051 902 1102 amm
918 1050 1036 1102 distinxit
1052 1049 1195 1103 Bentleius.

197 1279 267 1330 quae
278 1265 349 1316 dona
361 1277 457 1316 verum
470 1263 587 1316 babeant
600 1265 725 1330 pretium,
766 1265 898 1328 Wartbe,
923 1267 989 1317 dem
1007 1265 1194 1317 l'erdteaste.
1226 1267 1289 1331 (Cic.

197 1353 267 1405 qaae
293 1341 418 1405 exignum
443 1343 489 1391 aut
513 1338 629 1400 nullum;
656 1353 725 1405 quae
764 1341 889 1392 Divinin
908 1340 1004 1392 Csaoil.
1020 1341 1066 1403 43,
1085 1340 1132 1394 ii:
1156 1343 1210 1391 iam
1225 1355 1292 1392 amaa

197 1414 374 1467 conducibilia
390 1417 418 1465 ct
433 1417 507 1478 grata
524 1415 577 1466 sint
598 1417 727 1478 acceptu·
764 1415 850 1477 tirno,
875 1417 998 1478 quidnam
1009 1427 1076 1478 pro
1093 1417 1227 1478 offensione
1245 1417 1291 1467 lto-

196 1503 237 1552 ro,
256 1491 630 1555 qnaesnpervacaneaatque
646 1491 725 1540 inuti·
762 1490 884 1540 miaam-
899 1496 948 1542 -et
973 1491 1156 1553 scopatattcee
1180 1491 1292 1542 aamtwn

197 1563 243 1626 lia,
262 1563 386 1629 qualibus
397 1562 557 1628 plerumque
569 1565 671 1615 amicos
684 1567 725 1615 ts-
763 1568 787 1613 et
796 1565 970 1628 mapnitadiee
978 1579 1066 1615 reram
1076 1565 1198 1629 dianam
1210 1565 1291 1628 eloam

196 1637 571 1690 nuiorascumulatstultus.n
595 1639 647 1689 Sed
660 1639 725 1704 qnid
759 1639 875 1704 poesim.)
916 1640 999 1704 «Ergo
1028 1641 1108 1690 etiam
1136 1653 1180 1690 me
1209 1638 1291 1691 talam

196 1715 223 1764 in
239 1713 291 1763 hac
308 1715 411 1764 ratione
428 1711 479 1763 sibi
496 1712 559 1763 velit
575 1713 626 1763 Nec
641 1719 724 1764 menen
762 1712 922 1778 praestabo,
956 1712 1064 1778 qualem
1092 1714 1206 1777 requirit
1232 1713 1290 1764 laus

196 1799 246 1852 pro
263 1788 314 1836 Nec
330 1799 389 1836 vero
404 1785 447 1836 vel
465 1785 577 1852 simplici
594 1788 658 1849 Nec,
677 1787 725 1839 dil·
763 1785 834 1837 bene
847 1787 882 1837 de
895 1789 1094 1850 memorantis,
1113 1787 1140 1838 id
1158 1790 1214 1850 est,
1232 1786 1290 1838 laus

196 1858 265 1911 ilcila
289 1858 423 1911 intellectu
446 1862 495 1911 est.
530 1859 652 1912 Nonnulli
675 1875 724 1911 au·
763 1863 790 1912 et
807 1862 891 1914 virtus
908 1863 966 1922 tua;
990 1862 1017 1912 in
1034 1874 1067 1912 aa
1085 1859 1179 1912 sedulo
1197 1860 1291 1912 elabo-

196 1937 266 1996 tem,
295 1937 339 1998 qui
365 1935 416 1985 hoc
442 1937 560 1988 sensisse
583 1936 721 1999 videntur,
762 1935 842 1999 rabo,
870 1939 900 1986 ut
924 1939 969 1987 tua
993 1933 1178 1986 benevolentia
1197 1935 1290 1987 donis-

194 2008 314 2074 putidius
342 2011 423 2060 etiam
450 2011 617 2076 interpretati
645 2013 722 2062 sunt:
762 2023 831 2074 que,
858 2009 956 2075 quibus
980 2023 1024 2060 me
1046 2009 1169 2072 affecisti,
1194 2009 1289 2074 dignus

196 2085 271 2135 «Non
288 2085 378 2136 tamen
397 2086 431 2134 ita
448 2085 573 2150 profusus
585 2087 627 2136 est
643 2087 669 2136 in
681 2085 724 2136 di·
762 2097 872 2149 semper
883 2097 1033 2135 maneam.»
1047 2112 1073 2121 -
1087 2084 1213 2149 maenia]
1227 2084 1290 2134 aba

195 2156 332 2222 largienda
349 2161 462 2223 pecunia
474 2159 555 2212 etiam
572 2159 670 2224 dignis,
690 2175 723 2214 nc
762 2171 796 2209 na
808 2159 966 2220 merentis,»
979 2159 1008 2208 nt
1019 2159 1091 2221 Virg.
1105 2159 1170 2209 Aen.
1184 2159 1209 2220 6,
1223 2158 1285 2210 ool:

195 2233 219 2282 si
231 2234 335 2287 nummi
346 2236 438 2284 essent
448 2233 599 2298 lupinorum
612 2236 722 2296 instans
762 2234 858 2296 Oeaque
874 2235 914 2283 sai
930 2246 1051 2284 mmsores
1067 2233 1131 2282 alios
1146 2232 1226 2297 secare
1236 2245 1288 2282 me-

195 2321 248 2372 qaa
257 2309 359 2358 ratione
368 2307 507 2360 beneficus
519 2307 561 2360 illa
570 2309 724 2361 subitosor·
759 2309 846 2358 reoda
871 2310 949 2373 Prop.
963 2309 990 2369 5,
1004 2309 1049 2370 ll,
1064 2309 1126 2357 tot:
1144 2307 1199 2358 Sim
1210 2307 1288 2372 dipsa

195 2381 274 2434 didus
290 2384 426 2432 veterator
443 2382 540 2433 evadit.
560 2410 588 2419 -
608 2398 671 2435 aera
685 2385 724 2434 la-
759 2383 885 2433 mereado.
904 2381 980 2433 llutil.
994 2383 1082 2446 Lupus
1095 2383 1122 2444 l,
1143 2383 1170 2431 l:
1189 2383 1288 2432 Deme

191 2456 267 2521 pieta]
280 2456 455 2509 Proverbium
465 2461 555 2508 ortum
567 2472 599 2509 ex
611 2471 722 2524 compa·
760 2458 817 2508 trit
840 2457 1002 2508 Phalerei:
1027 2458 1096 2507 Nam
1113 2458 1179 2518 qaod
1195 2456 1287 2522 benefl-

193 2531 297 2583 ratione
308 2533 439 2596 pecuniae
449 2535 476 2582 et
486 2531 651 2597 lupinorum,
665 2535 723 2597 qni·
759 2533 827 2582 mam
842 2537 952 2596 tempore
963 2537 986 2581 et
996 2531 1106 2594 capiemi
1117 2533 1208 2593 datar,
1226 2545 1288 2596 qra-

194 2606 246 2656 bus
258 2607 336 2669 quasi
349 2606 438 2656 fictitia
450 2609 564 2671 pecunia
578 2607 722 2658 utebantur
759 2613 813 2658 tarn
833 2613 876 2658 eat.
909 2608 1015 2674 Utilitas
1031 2606 1098 2656 etim
1117 2619 1149 2655 ac
1170 2606 1288 2656 acimaas

194 2683 223 2731 et
237 2678 369 2730 aleatores
385 2683 413 2731 at
429 2681 572 2732 histriones
589 2681 615 2731 in
628 2693 718 2732 scena.
759 2683 897 2744 accipiendi
914 2683 1034 2732 bomem
1050 2681 1134 2730 doma
1149 2679 1212 2742 facit
1228 2693 1285 2729 am-

195 2753 278 2806 Plant.
291 2757 372 2806 Poan.
391 2755 421 2819 3,
439 2758 469 2818 2,
488 2757 534 2806 20:
561 2757 608 2807 Aa.
635 2757 718 2820 Apim,
754 2757 871 2820 pliorem.
888 2785 914 2793 -
934 2755 989 2806 Alia
1007 2755 1154 2804 distinctio:
1173 2754 1286 2816 Dianam

193 2831 320 2894 irrepta-itm
332 2837 479 2882 aaramest.
502 2833 579 2882 Coun.
598 2831 718 2894 Profecto,
754 2831 890 2894 praestabo
905 2845 959 2893 rsa,
978 2831 1054 2882 etiam
1067 2843 1117 2891 pro
1134 2829 1209 2878 made
1229 2842 1284 2879 me·

193 2909 355 2968 spectatores,
373 2907 509 2956 omicron:
531 2907 663 2956 Maemato
675 2905 721 2954 bac
758 2908 835 2957 restis
853 2905 908 2970 (lid¹
922 2903 1026 2967 ilenti),
1047 2905 1142 2953 aetiam
1160 2903 1285 2966 propter-

190 2980 297 3044 piapues
310 2981 376 3044 flant
390 2993 455 3030 auro
465 2980 493 3028 in
504 2978 628 3029 barbaria
638 2978 718 3030 bova.
758 2993 805 3043 ea,
819 2983 848 3031 ut
859 2977 1067 3032 collaudetnrab
1076 2976 1133 3027 aliis
1145 2977 1182 3039 is,
1201 2989 1283 3041 quem

194 3053 259 3104 Cod.
273 3053 290 3104 l.
305 3056 329 3104 l¹
341 3055 370 3104 C.
382 3054 416 3104 de
429 3053 605 3104 aleatoribus:
625 3053 721 3116 Siquis
758 3054 843 3118 dignis
860 3055 949 3105 lavere
961 3054 1083 3113 vidente
1102 3053 1158 3116 (pro
1174 3063 1226 3115 qua
1240 3065 1284 3102 ex·

193 3127 237 3179 aab
253 3129 333 3191 specie
349 3128 465 3178 alcoram
480 3129 561 3178 victae
576 3129 607 3178 sit
627 3128 720 3191 lupinis
756 3128 898 3195 plicatione
916 3127 1005 3180 alierri
1022 3140 1087 3179 sane
1110 3128 1199 3192 potest
1215 3127 1281 3191 Epp.

192 3203 232 3254 ael
246 3203 301 3253 alia
317 3205 539 3266 qawarnamria,
558 3209 633 3253 cesset
643 3205 719 3254 etiam
757 3207 788 3266 Ξ,
815 3207 844 3266 l,
871 3203 933 3255 ato:
962 3205 1086 3263 dianae,
1113 3215 1178 3263 qaae
1201 3202 1283 3250 meato

192 3279 313 3328 wasta
322 3291 380 3328 eam
390 3279 469 3329 anab
481 3279 589 3330 acactio
603 3305 629 3314 —
641 3278 719 3338 Quod
756 3279 840 3330 dantis
849 3293 907 3329 area
923 3279 998 3328 laude
1014 3277 1124 3328 tolerarat
1134 3301 1149 3312 -
1163 3275 1281 3339 lirpiliaa

193 3354 283 3403 autem
300 3351 434 3404 Bentleius
451 3354 513 3417 post
523 3365 566 3402 vv.
581 3351 622 3403 Ἠ.
636 3355 664 3403 et
674 3352 715 3403 23.
759 3353 923 3418 Varianam)
941 3351 1085 3405 reiicicnda
1103 3354 1145 3403 est
1160 3348 1202 3400 vel
1217 3363 1282 3415 pro-

191 3427 281 3492 posuit
303 3427 515 3490 interrogationis
538 3427 627 3491 sigue,
655 3439 717 3478 aum
755 3431 816 3493 pter
833 3441 986 3490 caesuram,
1010 3440 1078 3492 quae
1101 3440 1150 3477 nos
1172 3427 1281 3489 iungere

191 3500 269 3566 volgo
292 3500 392 3565 ungaria
413 3504 475 3566 post
497 3516 522 3551 v.
543 3503 595 3564 tt,
617 3504 717 3567 puncto
755 3503 843 3555 iubet:
863 3502 1109 3568 dipnampraeatabo
1120 3496 1278 3564 {lineabant

191 3578 253 3642 post
268 3576 349 3626 ΗΒ.
367 3575 556 3640 distinguatur,
581 3576 642 3627 lecit
656 3578 717 3641 qni·
751 3593 802 3642 pra
828 3579 902 3629 bade
928 3580 1053 3630 maesta.
1093 3577 1172 3628 Peius
1200 3578 1281 3626 etiam

192 3652 254 3703 dem
272 3653 365 3702 contra
382 3654 503 3702 nostrum
521 3663 639 3714 morem,
667 3651 715 3702 sed
755 3653 889 3716 Gargallus
911 3656 1027 3704 mereatis
1049 3666 1097 3716 pra
1122 3651 1212 3700 bade:
1238 3649 1281 3700 Di

192 3725 715 3790 scitesignificavitvv.22.et23.esse
754 3729 800 3776 alti
828 3728 910 3778 desta
932 3729 1061 3778 meritar
1084 3724 1279 3775 ladeaact'io
1344 3727 1352 3740 '

191 3805 268 3868 quasi
292 3803 425 3866 protasia,
454 3815 480 3851 v.
502 3801 542 3853 at.
569 3803 713 3867 spodosin:
754 3804 917 3867 Dspaami
935 3801 1091 3865 prestera.
1121 3801 1213 3864 Neque
1231 3811 1280 3850 ve·

191 3877 308 3939 «Quodsi
330 3878 371 3927 vir
393 3876 481 3928 bonus
503 3879 530 3926 et
553 3878 659 3942 sapiens
677 3878 716 3928 sic
754 3874 1124 3942 roadmittendaestapriotg
1135 3876 1280 3937 badepra-

190 3965 220 4003 se
238 3953 316 4016 gerit,
334 3963 426 4002 meum
444 3950 561 4002 cilicium
579 3953 630 4002 erit
646 3955 714 4002 cet.»
753 3953 870 4003 careatis
893 3953 1029 4017 iudignum
1051 3965 1095 4002 me
1117 3949 1277 4014 praestabo,

222 4024 264 4078 bi.
282 4026 395 4090 Dipnam
411 4025 475 4091 cet]
493 4027 661 4078 constructio
679 4028 716 4076 ri·
754 4041 836 4092 quem
854 4027 997 4088 laudetis,
1016 4029 1061 4092 qui
1087 4026 1224 4077 beneficiis
1242 4027 1276 4078 de

189 4100 269 4152 detur
285 4100 452 4166 expedienda
470 4100 504 4152 ad
522 4114 644 4152 normam
665 4100 714 4152 loci
754 4117 797 4154 me
807 4104 969 4167 promeritus
982 4101 1047 4165 esi»)
1062 4101 1158 4167 partim
1169 4103 1280 4166 propter

189 4177 339 4226 Lucretiani
357 4175 387 4236 5,
408 4177 434 4225 l:
454 4177 585 4241 dianam
601 4203 615 4214 -
627 4191 714 4227 -car-
753 4179 862 4229 nimiam
875 4175 1084 4239 ambiguitatem,
1099 4176 1203 4240 partim,
1217 4177 1279 4240 quia

188 4264 246 4302 meo
262 4250 373 4302 meaos
394 4265 452 4314 pro
477 4265 563 4302 rererm
587 4253 716 4303 maiestate
754 4253 876 4302 lloratius
905 4245 1010 4315 τμήσει
1034 4263 1172 4314 nunquam
1198 4251 1280 4302 utitur

188 4326 274 4388 litque
284 4327 404 4390 repertis,
422 4327 496 4378 nteit
511 4331 635 4393 paradas
652 4327 714 4378 dem
753 4327 801 4380 nisi
818 4324 861 4376 val
879 4327 903 4376 in
922 4323 1069 4390 particulis,
1089 4337 1157 4389 quae
1170 4325 1279 4377 absolu·

902 4459 907 4487 l
