<?xml version="1.0" encoding="UTF-8"?>
<!DOCTYPE html PUBLIC "-//W3C//DTD XHTML 1.0 Transitional//EN"
    "http://www.w3.org/TR/xhtml1/DTD/xhtml1-transitional.dtd">
<html xmlns="http://www.w3.org/1999/xhtml" xml:lang="en" lang="en">
 <head>
  <title>
</title>
<meta http-equiv="Content-Type" content="text/html;charset=utf-8" />
  <meta name='ocr-system' content='tesseract 3.04.00' />
  <meta name='ocr-capabilities' content='ocr_page ocr_carea ocr_par ocr_line ocrx_word'/>
</head>
<body>
  <div class='ocr_page' id='page_1' title='image "./qhoratiusflaccu01baitgoog_0627.png"; bbox 0 0 3174 4974; ppageno 0'>
   <div class='ocr_carea' id='block_1_1' title="bbox 307 442 1031 514">
    <p class='ocr_par' dir='ltr' id='par_1_1' title="bbox 307 442 1031 514">
     <span class='ocr_line' id='line_1_1' title="bbox 307 442 1031 514; baseline -0.028 -2"><span class='ocrx_word' id='word_1_1' title='bbox 307 444 369 512; x_wconf 77' lang='lat' dir='ltr'>till</span> <span class='ocrx_word' id='word_1_2' title='bbox 666 445 795 496; x_wconf 83' lang='lat' dir='ltr'>nonam</span> <span class='ocrx_word' id='word_1_3' title='bbox 812 442 1031 514; x_wconf 75' lang='lat' dir='ltr'>urrsmnmuu</span> 
     </span>
    </p>
   </div>
   <div class='ocr_carea' id='block_1_2' title="bbox 314 594 1396 1174">
    <p class='ocr_par' dir='ltr' id='par_1_2' title="bbox 314 594 1396 1174">
     <span class='ocr_line' id='line_1_2' title="bbox 350 594 1162 686; baseline -0.011 -18"><span class='ocrx_word' id='word_1_4' title='bbox 350 603 506 668; x_wconf 82' lang='lat' dir='ltr'>Crescere</span> <span class='ocrx_word' id='word_1_5' title='bbox 528 619 581 666; x_wconf 90' lang='lat' dir='ltr'>res</span> <span class='ocrx_word' id='word_1_6' title='bbox 603 607 730 686; x_wconf 90' lang='lat' dir='ltr'>posset,</span> <span class='ocrx_word' id='word_1_7' title='bbox 753 597 854 664; x_wconf 90' lang='lat' dir='ltr'>minui</span> <span class='ocrx_word' id='word_1_8' title='bbox 875 596 1030 664; x_wconf 89' lang='lat' dir='ltr'>damnosa</span> <span class='ocrx_word' id='word_1_9' title='bbox 1051 594 1162 662; x_wconf 86' lang='lat' dir='ltr'>libido.</span> 
     </span>
     <span class='ocr_line' id='line_1_3' title="bbox 349 717 1147 806; baseline -0.008 -18"><span class='ocrx_word' id='word_1_10' title='bbox 349 722 480 788; x_wconf 83' lang='lat' dir='ltr'>Mutavit</span> <span class='ocrx_word' id='word_1_11' title='bbox 501 729 641 787; x_wconf 88' lang='lat' dir='ltr'>mentem</span> <span class='ocrx_word' id='word_1_12' title='bbox 661 717 801 806; x_wconf 88' lang='lat' dir='ltr'>populus</span> <span class='ocrx_word' id='word_1_13' title='bbox 822 718 903 785; x_wconf 87' lang='lat' dir='ltr'>levis</span> <span class='ocrx_word' id='word_1_14' title='bbox 925 728 958 784; x_wconf 88' lang='lat' dir='ltr'>et</span> <span class='ocrx_word' id='word_1_15' title='bbox 978 717 1061 784; x_wconf 86' lang='lat' dir='ltr'>calet</span> <span class='ocrx_word' id='word_1_16' title='bbox 1081 736 1147 782; x_wconf 91' lang='lat' dir='ltr'>uno</span> 
     </span>
     <span class='ocr_line' id='line_1_4' title="bbox 349 839 1147 927; baseline -0.011 -16"><span class='ocrx_word' id='word_1_17' title='bbox 349 841 517 911; x_wconf 89' lang='lat' dir='ltr'>Scribendi</span> <span class='ocrx_word' id='word_1_18' title='bbox 539 841 661 919; x_wconf 86' lang='lat' dir='ltr'>studio;</span> <span class='ocrx_word' id='word_1_19' title='bbox 683 840 777 927; x_wconf 88' lang='lat' dir='ltr'>pueri</span> <span class='ocrx_word' id='word_1_20' title='bbox 799 849 973 927; x_wconf 89' lang='lat' dir='ltr'>patresque</span> <span class='ocrx_word' id='word_1_21' title='bbox 995 839 1102 904; x_wconf 89' lang='lat' dir='ltr'>severi</span> <span class='ocrx_word' id='word_1_22' title='bbox 1142 853 1147 860; x_wconf 88' lang='lat'><em>·</em></span> 
     </span>
     <span class='ocr_line' id='line_1_5' title="bbox 314 957 1396 1031; baseline -0.006 0"><span class='ocrx_word' id='word_1_23' title='bbox 314 964 318 971; x_wconf 85' lang='lat'>&#39;</span> <span class='ocrx_word' id='word_1_24' title='bbox 349 964 475 1031; x_wconf 88' lang='lat' dir='ltr'>Fronde</span> <span class='ocrx_word' id='word_1_25' title='bbox 497 982 608 1030; x_wconf 90' lang='lat' dir='ltr'>comas</span> <span class='ocrx_word' id='word_1_26' title='bbox 631 961 726 1028; x_wconf 90' lang='lat' dir='ltr'>vincti</span> <span class='ocrx_word' id='word_1_27' title='bbox 747 970 885 1028; x_wconf 89' lang='lat' dir='ltr'>coenant</span> <span class='ocrx_word' id='word_1_28' title='bbox 907 969 940 1026; x_wconf 90' lang='lat' dir='ltr'>et</span> <span class='ocrx_word' id='word_1_29' title='bbox 960 959 1103 1026; x_wconf 87' lang='lat' dir='ltr'>earmina</span> <span class='ocrx_word' id='word_1_30' title='bbox 1126 957 1255 1025; x_wconf 84' lang='lat' dir='ltr'>dictant</span> <span class='ocrx_word' id='word_1_31' title='bbox 1334 957 1396 1024; x_wconf 87' lang='lat' dir='ltr'>tto</span> 
     </span>
     <span class='ocr_line' id='line_1_6' title="bbox 349 1079 1279 1174; baseline -0.003 -23"><span class='ocrx_word' id='word_1_32' title='bbox 349 1087 423 1174; x_wconf 87' lang='lat' dir='ltr'>lpse</span> <span class='ocrx_word' id='word_1_33' title='bbox 444 1104 519 1172; x_wconf 85' lang='lat' dir='ltr'>ego,</span> <span class='ocrx_word' id='word_1_34' title='bbox 543 1083 600 1171; x_wconf 89' lang='lat' dir='ltr'>qui</span> <span class='ocrx_word' id='word_1_35' title='bbox 622 1080 727 1149; x_wconf 90' lang='lat' dir='ltr'>nullos</span> <span class='ocrx_word' id='word_1_36' title='bbox 749 1101 802 1148; x_wconf 91' lang='lat' dir='ltr'>me</span> <span class='ocrx_word' id='word_1_37' title='bbox 823 1079 959 1148; x_wconf 89' lang='lat' dir='ltr'>adfirmo</span> <span class='ocrx_word' id='word_1_38' title='bbox 981 1080 1124 1148; x_wconf 85' lang='lat' dir='ltr'>scribere</span> <span class='ocrx_word' id='word_1_39' title='bbox 1146 1099 1279 1156; x_wconf 88' lang='lat' dir='ltr'>versus,</span> 
     </span>
    </p>
   </div>
   <div class='ocr_carea' id='block_1_3' title="bbox 340 1249 1364 1540">
    <p class='ocr_par' dir='ltr' id='par_1_3' title="bbox 340 1249 1364 1540">
     <span class='ocr_line' id='line_1_7' title="bbox 370 1249 1357 1317; baseline -0.004 -12"><span class='ocrx_word' id='word_1_40' title='bbox 370 1255 428 1305; x_wconf 75' lang='lat'><strong>⁴07.</strong></span> <span class='ocrx_word' id='word_1_41' title='bbox 443 1254 522 1317; x_wconf 74' lang='lat' dir='ltr'>possit</span> <span class='ocrx_word' id='word_1_42' title='bbox 538 1255 564 1303; x_wconf 90' lang='lat' dir='ltr'>S.</span> <span class='ocrx_word' id='word_1_43' title='bbox 586 1281 615 1292; x_wconf 95' lang='lat'><em>-</em></span> <span class='ocrx_word' id='word_1_44' title='bbox 637 1251 728 1314; x_wconf 81' lang='lat' dir='ltr'>libido]</span> <span class='ocrx_word' id='word_1_45' title='bbox 752 1250 868 1312; x_wconf 75' lang='lat' dir='ltr'>voluptas</span> <span class='ocrx_word' id='word_1_46' title='bbox 887 1262 957 1300; x_wconf 90' lang='lat' dir='ltr'>unns</span> <span class='ocrx_word' id='word_1_47' title='bbox 978 1249 1148 1308; x_wconf 78' lang='lat' dir='ltr'>Bemmanni,</span> <span class='ocrx_word' id='word_1_48' title='bbox 1171 1250 1263 1312; x_wconf 67' lang='lat' dir='ltr'>umido</span> <span class='ocrx_word' id='word_1_49' title='bbox 1287 1263 1357 1301; x_wconf 87' lang='lat' dir='ltr'>unus</span> 
     </span>
     <span class='ocr_line' id='line_1_8' title="bbox 341 1323 1361 1392; baseline -0.006 -12"><span class='ocrx_word' id='word_1_50' title='bbox 341 1332 423 1390; x_wconf 78' lang='lat' dir='ltr'>leae,</span> <span class='ocrx_word' id='word_1_51' title='bbox 442 1328 550 1392; x_wconf 86' lang='lat' dir='ltr'>egloss.</span> <span class='ocrx_word' id='word_1_52' title='bbox 563 1327 605 1376; x_wconf 86' lang='lat' dir='ltr'>vel</span> <span class='ocrx_word' id='word_1_53' title='bbox 623 1341 656 1377; x_wconf 85' lang='lat' dir='ltr'>ex</span> <span class='ocrx_word' id='word_1_54' title='bbox 673 1325 819 1376; x_wconf 88' lang='lat' dir='ltr'>arbitrariis</span> <span class='ocrx_word' id='word_1_55' title='bbox 835 1323 1034 1376; x_wconf 73' lang='lat' dir='ltr'><strong>variationibus.</strong></span> <span class='ocrx_word' id='word_1_56' title='bbox 1049 1349 1078 1360; x_wconf 89' lang='lat'><em>-</em></span> <span class='ocrx_word' id='word_1_57' title='bbox 1097 1323 1153 1374; x_wconf 81' lang='lat' dir='ltr'>too.</span> <span class='ocrx_word' id='word_1_58' title='bbox 1168 1325 1243 1386; x_wconf 69' lang='lat' dir='ltr'>pum</span> <span class='ocrx_word' id='word_1_59' title='bbox 1258 1323 1361 1388; x_wconf 85' lang='lat' dir='ltr'>bSEep,</span> 
     </span>
     <span class='ocr_line' id='line_1_9' title="bbox 340 1397 1364 1465; baseline -0.006 -11"><span class='ocrx_word' id='word_1_60' title='bbox 340 1417 436 1454; x_wconf 89' lang='lat' dir='ltr'>omnes</span> <span class='ocrx_word' id='word_1_61' title='bbox 453 1403 582 1463; x_wconf 75' lang='lat' dir='ltr'>Pullion-ii,</span> <span class='ocrx_word' id='word_1_62' title='bbox 602 1403 727 1465; x_wconf 88' lang='lat' dir='ltr'>quattuor</span> <span class='ocrx_word' id='word_1_63' title='bbox 744 1399 870 1450; x_wconf 77' lang='lat' dir='ltr'>Sebinidii</span> <span class='ocrx_word' id='word_1_64' title='bbox 887 1401 915 1449; x_wconf 88' lang='lat' dir='ltr'>el</span> <span class='ocrx_word' id='word_1_65' title='bbox 931 1399 991 1449; x_wconf 69' lang='lat' dir='ltr'>bil-¹:</span> <span class='ocrx_word' id='word_1_66' title='bbox 1006 1398 1129 1459; x_wconf 69' lang='lat' dir='ltr'>pumma</span> <span class='ocrx_word' id='word_1_67' title='bbox 1146 1397 1273 1450; x_wconf 84' lang='lat' dir='ltr'>Submidii</span> <span class='ocrx_word' id='word_1_68' title='bbox 1285 1399 1364 1462; x_wconf 87' lang='lat' dir='ltr'>quin·</span> 
     </span>
     <span class='ocr_line' id='line_1_10' title="bbox 341 1470 1360 1540; baseline -0.006 -12"><span class='ocrx_word' id='word_1_69' title='bbox 341 1482 397 1540; x_wconf 90' lang='lat' dir='ltr'>tus,</span> <span class='ocrx_word' id='word_1_70' title='bbox 416 1478 450 1540; x_wconf 89' lang='lat' dir='ltr'>C,</span> <span class='ocrx_word' id='word_1_71' title='bbox 468 1475 602 1526; x_wconf 88' lang='lat' dir='ltr'>Bentleius</span> <span class='ocrx_word' id='word_1_72' title='bbox 619 1477 647 1525; x_wconf 90' lang='lat' dir='ltr'>et</span> <span class='ocrx_word' id='word_1_73' title='bbox 663 1477 696 1526; x_wconf 84' lang='lat' dir='ltr'>ll.</span> <span class='ocrx_word' id='word_1_74' title='bbox 726 1502 753 1510; x_wconf 93' lang='lat'>-</span> <span class='ocrx_word' id='word_1_75' title='bbox 782 1474 838 1523; x_wconf 89' lang='lat' dir='ltr'>lll.</span> <span class='ocrx_word' id='word_1_76' title='bbox 856 1485 896 1522; x_wconf 84' lang='lat' dir='ltr'>ma</span> <span class='ocrx_word' id='word_1_77' title='bbox 913 1485 966 1522; x_wconf 90' lang='lat' dir='ltr'>om.</span> <span class='ocrx_word' id='word_1_78' title='bbox 985 1471 1069 1523; x_wconf 89' lang='lat' dir='ltr'>Cudd.</span> <span class='ocrx_word' id='word_1_79' title='bbox 1089 1470 1165 1534; x_wconf 81' lang='lat' dir='ltr'>aliq,</span> <span class='ocrx_word' id='word_1_80' title='bbox 1189 1473 1219 1521; x_wconf 91' lang='lat' dir='ltr'>ul</span> <span class='ocrx_word' id='word_1_81' title='bbox 1242 1471 1360 1535; x_wconf 75' lang='lat' dir='ltr'>«Fragm.</span> 
     </span>
    </p>
   </div>
   <div class='ocr_carea' id='block_1_4' title="bbox 307 1609 1404 4358">
    <p class='ocr_par' dir='ltr' id='par_1_4' title="bbox 307 1609 1399 2866">
     <span class='ocr_line' id='line_1_11' title="bbox 309 1609 1395 1677; baseline -0.006 -9"><span class='ocrx_word' id='word_1_82' title='bbox 309 1616 391 1668; x_wconf 83' lang='lat' dir='ltr'>civilis</span> <span class='ocrx_word' id='word_1_83' title='bbox 409 1615 520 1668; x_wconf 85' lang='lat' dir='ltr'>studiosi</span> <span class='ocrx_word' id='word_1_84' title='bbox 537 1615 572 1665; x_wconf 88' lang='lat' dir='ltr'>ad</span> <span class='ocrx_word' id='word_1_85' title='bbox 584 1615 699 1664; x_wconf 87' lang='lat' dir='ltr'>maiores</span> <span class='ocrx_word' id='word_1_86' title='bbox 710 1616 774 1664; x_wconf 87' lang='lat' dir='ltr'>natu</span> <span class='ocrx_word' id='word_1_87' title='bbox 785 1626 835 1677; x_wconf 87' lang='lat' dir='ltr'>ap-</span> <span class='ocrx_word' id='word_1_88' title='bbox 871 1612 1034 1675; x_wconf 89' lang='lat' dir='ltr'>omninoque</span> <span class='ocrx_word' id='word_1_89' title='bbox 1054 1609 1120 1661; x_wconf 90' lang='lat' dir='ltr'>lucri</span> <span class='ocrx_word' id='word_1_90' title='bbox 1138 1611 1268 1674; x_wconf 74' lang='lat' dir='ltr'><strong>cupiditas</strong></span> <span class='ocrx_word' id='word_1_91' title='bbox 1284 1612 1328 1660; x_wconf 80' lang='lat' dir='ltr'>vix</span> <span class='ocrx_word' id='word_1_92' title='bbox 1343 1609 1395 1662; x_wconf 84' lang='lat' dir='ltr'>ulio</span> 
     </span>
     <span class='ocr_line' id='line_1_12' title="bbox 308 1685 1396 1757; baseline -0.006 -15"><span class='ocrx_word' id='word_1_93' title='bbox 308 1691 465 1757; x_wconf 60' lang='lat' dir='ltr'>plicassenu</span> <span class='ocrx_word' id='word_1_94' title='bbox 484 1690 519 1740; x_wconf 91' lang='lat' dir='ltr'>ab</span> <span class='ocrx_word' id='word_1_95' title='bbox 536 1689 577 1740; x_wconf 89' lang='lat' dir='ltr'>his</span> <span class='ocrx_word' id='word_1_96' title='bbox 589 1688 750 1753; x_wconf 88' lang='lat' dir='ltr'>acceperint,</span> <span class='ocrx_word' id='word_1_97' title='bbox 769 1699 834 1750; x_wconf 91' lang='lat' dir='ltr'>quo-</span> <span class='ocrx_word' id='word_1_98' title='bbox 871 1688 992 1750; x_wconf 83' lang='lat' dir='ltr'>tempore</span> <span class='ocrx_word' id='word_1_99' title='bbox 1018 1685 1104 1735; x_wconf 90' lang='lat' dir='ltr'>maior</span> <span class='ocrx_word' id='word_1_100' title='bbox 1126 1689 1191 1736; x_wconf 88' lang='lat' dir='ltr'>erat.</span> <span class='ocrx_word' id='word_1_101' title='bbox 1228 1686 1327 1736; x_wconf 85' lang='lat' dir='ltr'>Verum</span> <span class='ocrx_word' id='word_1_102' title='bbox 1343 1685 1396 1736; x_wconf 92' lang='lat' dir='ltr'>boc</span> 
     </span>
     <span class='ocr_line' id='line_1_13' title="bbox 308 1760 1396 1824; baseline -0.007 -7"><span class='ocrx_word' id='word_1_103' title='bbox 308 1765 389 1817; x_wconf 89' lang='lat' dir='ltr'>modu</span> <span class='ocrx_word' id='word_1_104' title='bbox 407 1778 464 1816; x_wconf 85' lang='lat' dir='ltr'>rem</span> <span class='ocrx_word' id='word_1_105' title='bbox 482 1764 639 1815; x_wconf 71' lang='lat' dir='ltr'>familiarem</span> <span class='ocrx_word' id='word_1_106' title='bbox 651 1765 777 1814; x_wconf 88' lang='lat' dir='ltr'>continuo</span> <span class='ocrx_word' id='word_1_107' title='bbox 789 1775 835 1812; x_wconf 89' lang='lat' dir='ltr'>au·</span> <span class='ocrx_word' id='word_1_108' title='bbox 871 1760 948 1822; x_wconf 86' lang='lat' dir='ltr'>dicit,</span> <span class='ocrx_word' id='word_1_109' title='bbox 972 1763 1034 1824; x_wconf 82' lang='lat' dir='ltr'>post</span> <span class='ocrx_word' id='word_1_110' title='bbox 1050 1772 1147 1824; x_wconf 86' lang='lat' dir='ltr'>pacem</span> <span class='ocrx_word' id='word_1_111' title='bbox 1164 1760 1198 1809; x_wconf 92' lang='lat' dir='ltr'>ab</span> <span class='ocrx_word' id='word_1_112' title='bbox 1215 1762 1333 1823; x_wconf 80' lang='lat' dir='ltr'>Augusto</span> <span class='ocrx_word' id='word_1_113' title='bbox 1350 1773 1396 1810; x_wconf 85' lang='lat' dir='ltr'>re·</span> 
     </span>
     <span class='ocr_line' id='line_1_14' title="bbox 308 1834 1395 1905; baseline -0.006 -15"><span class='ocrx_word' id='word_1_114' title='bbox 308 1843 402 1903; x_wconf 82' lang='lat' dir='ltr'>gerent</span> <span class='ocrx_word' id='word_1_115' title='bbox 427 1853 515 1905; x_wconf 90' lang='lat' dir='ltr'>neque</span> <span class='ocrx_word' id='word_1_116' title='bbox 538 1853 603 1890; x_wconf 81' lang='lat' dir='ltr'>vero</span> <span class='ocrx_word' id='word_1_117' title='bbox 625 1839 712 1888; x_wconf 89' lang='lat' dir='ltr'>omnis</span> <span class='ocrx_word' id='word_1_118' title='bbox 729 1838 834 1901; x_wconf 86' lang='lat' dir='ltr'>generis</span> <span class='ocrx_word' id='word_1_119' title='bbox 872 1836 990 1886; x_wconf 80' lang='lat' dir='ltr'>stitutum</span> <span class='ocrx_word' id='word_1_120' title='bbox 1008 1834 1090 1885; x_wconf 90' lang='lat' dir='ltr'>multo</span> <span class='ocrx_word' id='word_1_121' title='bbox 1106 1834 1197 1899; x_wconf 90' lang='lat' dir='ltr'>plures</span> <span class='ocrx_word' id='word_1_122' title='bbox 1209 1847 1290 1898; x_wconf 64' lang='lat' dir='ltr'>wem</span> <span class='ocrx_word' id='word_1_123' title='bbox 1306 1837 1395 1894; x_wconf 87' lang='lat' dir='ltr'>antea,</span> 
     </span>
     <span class='ocr_line' id='line_1_15' title="bbox 307 1909 1397 1976; baseline -0.006 -12"><span class='ocrx_word' id='word_1_124' title='bbox 307 1914 402 1964; x_wconf 82' lang='lat' dir='ltr'>lididl&#39;</span> <span class='ocrx_word' id='word_1_125' title='bbox 472 1927 504 1964; x_wconf 92' lang='lat' dir='ltr'>ac</span> <span class='ocrx_word' id='word_1_126' title='bbox 525 1913 626 1964; x_wconf 81' lang='lat' dir='ltr'>luxurie</span> <span class='ocrx_word' id='word_1_127' title='bbox 649 1912 833 1976; x_wconf 89' lang='lat' dir='ltr'>dilapidarent.</span> <span class='ocrx_word' id='word_1_128' title='bbox 872 1911 1028 1960; x_wconf 89' lang='lat' dir='ltr'>nominatim</span> <span class='ocrx_word' id='word_1_129' title='bbox 1051 1923 1101 1974; x_wconf 90' lang='lat' dir='ltr'>per</span> <span class='ocrx_word' id='word_1_130' title='bbox 1121 1911 1239 1961; x_wconf 85' lang='lat' dir='ltr'>brnestas</span> <span class='ocrx_word' id='word_1_131' title='bbox 1261 1909 1317 1960; x_wconf 86' lang='lat' dir='ltr'>illas</span> <span class='ocrx_word' id='word_1_132' title='bbox 1339 1911 1397 1958; x_wconf 85' lang='lat' dir='ltr'>tun-</span> 
     </span>
     <span class='ocr_line' id='line_1_16' title="bbox 309 1982 1397 2052; baseline -0.005 -14"><span class='ocrx_word' id='word_1_133' title='bbox 309 1988 392 2040; x_wconf 75' lang='lat' dir='ltr'>cil.</span> <span class='ocrx_word' id='word_1_134' title='bbox 428 1988 496 2038; x_wconf 74' lang='lat'>.325</span> <span class='ocrx_word' id='word_1_135' title='bbox 508 2000 568 2052; x_wconf 87' lang='lat' dir='ltr'>sqq.</span> <span class='ocrx_word' id='word_1_136' title='bbox 590 2015 617 2024; x_wconf 84' lang='lat'><em>-</em></span> <span class='ocrx_word' id='word_1_137' title='bbox 636 1987 766 2048; x_wconf 80' lang='lat' dir='ltr'>damnoso]</span> <span class='ocrx_word' id='word_1_138' title='bbox 793 1985 832 2036; x_wconf 86' lang='lat' dir='ltr'>Ci.</span> <span class='ocrx_word' id='word_1_139' title='bbox 871 1985 921 2035; x_wconf 89' lang='lat' dir='ltr'>bas</span> <span class='ocrx_word' id='word_1_140' title='bbox 931 1983 1029 2044; x_wconf 87' lang='lat' dir='ltr'>civiles,</span> <span class='ocrx_word' id='word_1_141' title='bbox 1042 1986 1135 2048; x_wconf 81' lang='lat' dir='ltr'>poesin</span> <span class='ocrx_word' id='word_1_142' title='bbox 1146 1987 1316 2048; x_wconf 83' lang='lat' dir='ltr'>(quamquam</span> <span class='ocrx_word' id='word_1_143' title='bbox 1326 1982 1397 2034; x_wconf 87' lang='lat' dir='ltr'>band</span> 
     </span>
     <span class='ocr_line' id='line_1_17' title="bbox 309 2059 1398 2126; baseline -0.006 -12"><span class='ocrx_word' id='word_1_144' title='bbox 309 2064 375 2126; x_wconf 79' lang='lat' dir='ltr'>Eup.</span> <span class='ocrx_word' id='word_1_145' title='bbox 389 2064 399 2113; x_wconf 87' lang='lat' dir='ltr'>l</span> <span class='ocrx_word' id='word_1_146' title='bbox 412 2101 418 2122; x_wconf 90' lang='lat'><strong>‚</strong></span> <span class='ocrx_word' id='word_1_147' title='bbox 432 2063 476 2123; x_wconf 80' lang='lat'>⁴8,</span> <span class='ocrx_word' id='word_1_148' title='bbox 490 2064 535 2112; x_wconf 75' lang='lat' dir='ltr'>al:</span> <span class='ocrx_word' id='word_1_149' title='bbox 554 2063 678 2111; x_wconf 78' lang='lat' dir='ltr'>damnoso</span> <span class='ocrx_word' id='word_1_150' title='bbox 697 2063 783 2110; x_wconf 78' lang='lat' dir='ltr'>Venus.</span> <span class='ocrx_word' id='word_1_151' title='bbox 805 2085 833 2096; x_wconf 92' lang='lat'><em>-</em></span> <span class='ocrx_word' id='word_1_152' title='bbox 872 2073 933 2110; x_wconf 88' lang='lat' dir='ltr'>raro</span> <span class='ocrx_word' id='word_1_153' title='bbox 942 2061 1031 2124; x_wconf 88' lang='lat' dir='ltr'>pingui</span> <span class='ocrx_word' id='word_1_154' title='bbox 1040 2059 1166 2122; x_wconf 84' lang='lat' dir='ltr'>Minerva)</span> <span class='ocrx_word' id='word_1_155' title='bbox 1175 2072 1313 2110; x_wconf 85' lang='lat' dir='ltr'>exercere.</span> <span class='ocrx_word' id='word_1_156' title='bbox 1328 2059 1398 2120; x_wconf 79' lang='lat' dir='ltr'>(ioci</span> 
     </span>
     <span class='ocr_line' id='line_1_18' title="bbox 308 2132 1398 2200; baseline -0.004 -13"><span class='ocrx_word' id='word_1_157' title='bbox 308 2138 419 2187; x_wconf 73' lang='lat' dir='ltr'>Mutavit</span> <span class='ocrx_word' id='word_1_158' title='bbox 430 2136 491 2200; x_wconf 84' lang='lat' dir='ltr'>cet]</span> <span class='ocrx_word' id='word_1_159' title='bbox 508 2138 594 2186; x_wconf 80' lang='lat' dir='ltr'>Animi</span> <span class='ocrx_word' id='word_1_160' title='bbox 607 2139 670 2185; x_wconf 87' lang='lat' dir='ltr'>tunc</span> <span class='ocrx_word' id='word_1_161' title='bbox 685 2135 748 2186; x_wconf 84' lang='lat' dir='ltr'>lessi</span> <span class='ocrx_word' id='word_1_162' title='bbox 760 2135 836 2184; x_wconf 88' lang='lat' dir='ltr'>erant</span> <span class='ocrx_word' id='word_1_163' title='bbox 872 2132 1039 2186; x_wconf 88' lang='lat' dir='ltr'>dilticullates</span> <span class='ocrx_word' id='word_1_164' title='bbox 1050 2134 1129 2185; x_wconf 90' lang='lat' dir='ltr'>nimis</span> <span class='ocrx_word' id='word_1_165' title='bbox 1140 2134 1307 2197; x_wconf 75' lang='lat' dir='ltr'>exaggeravit</span> <span class='ocrx_word' id='word_1_166' title='bbox 1316 2133 1398 2183; x_wconf 82' lang='lat' dir='ltr'>sebu-</span> 
     </span>
     <span class='ocr_line' id='line_1_19' title="bbox 310 2207 1396 2273; baseline -0.003 -11"><span class='ocrx_word' id='word_1_167' title='bbox 310 2211 448 2262; x_wconf 84' lang='lat' dir='ltr'>disoordiis</span> <span class='ocrx_word' id='word_1_168' title='bbox 460 2211 589 2260; x_wconf 77' lang='lat' dir='ltr'>intestinis</span> <span class='ocrx_word' id='word_1_169' title='bbox 602 2209 770 2272; x_wconf 82' lang='lat' dir='ltr'>libenterque</span> <span class='ocrx_word' id='word_1_170' title='bbox 783 2208 837 2257; x_wconf 89' lang='lat' dir='ltr'>iru-</span> <span class='ocrx_word' id='word_1_171' title='bbox 873 2209 940 2259; x_wconf 87' lang='lat' dir='ltr'>tzius</span> <span class='ocrx_word' id='word_1_172' title='bbox 958 2210 984 2259; x_wconf 87' lang='lat' dir='ltr'>in</span> <span class='ocrx_word' id='word_1_173' title='bbox 1001 2209 1114 2272; x_wconf 87' lang='lat' dir='ltr'>Opuscc.</span> <span class='ocrx_word' id='word_1_174' title='bbox 1137 2221 1164 2273; x_wconf 86' lang='lat' dir='ltr'>p.</span> <span class='ocrx_word' id='word_1_175' title='bbox 1180 2208 1248 2271; x_wconf 79' lang='lat' dir='ltr'>sle.)</span> <span class='ocrx_word' id='word_1_176' title='bbox 1270 2233 1298 2244; x_wconf 98' lang='lat'>-</span> <span class='ocrx_word' id='word_1_177' title='bbox 1324 2207 1396 2272; x_wconf 68' lang='lat' dir='ltr'>culed</span> 
     </span>
     <span class='ocr_line' id='line_1_20' title="bbox 310 2281 1397 2347; baseline -0.003 -12"><span class='ocrx_word' id='word_1_178' title='bbox 310 2284 425 2336; x_wconf 86' lang='lat' dir='ltr'>ebantur</span> <span class='ocrx_word' id='word_1_179' title='bbox 449 2297 516 2346; x_wconf 85' lang='lat' dir='ltr'>pace</span> <span class='ocrx_word' id='word_1_180' title='bbox 541 2283 576 2332; x_wconf 89' lang='lat' dir='ltr'>ab</span> <span class='ocrx_word' id='word_1_181' title='bbox 603 2285 719 2346; x_wconf 77' lang='lat' dir='ltr'>augusto</span> <span class='ocrx_word' id='word_1_182' title='bbox 737 2281 836 2332; x_wconf 77' lang='lat' dir='ltr'>conflr-</span> <span class='ocrx_word' id='word_1_183' title='bbox 872 2285 958 2347; x_wconf 86' lang='lat' dir='ltr'>Prope</span> <span class='ocrx_word' id='word_1_184' title='bbox 975 2285 1005 2332; x_wconf 89' lang='lat' dir='ltr'>ul</span> <span class='ocrx_word' id='word_1_185' title='bbox 1016 2281 1159 2333; x_wconf 76' lang='lat' dir='ltr'>Abderitae</span> <span class='ocrx_word' id='word_1_186' title='bbox 1170 2281 1242 2346; x_wconf 87' lang='lat' dir='ltr'>apud</span> <span class='ocrx_word' id='word_1_187' title='bbox 1253 2283 1397 2333; x_wconf 77' lang='lat' dir='ltr'>lucianum</span> 
     </span>
     <span class='ocr_line' id='line_1_21' title="bbox 311 2356 1397 2426; baseline -0.004 -16"><span class='ocrx_word' id='word_1_188' title='bbox 311 2361 396 2419; x_wconf 87' lang='lat' dir='ltr'>mata,</span> <span class='ocrx_word' id='word_1_189' title='bbox 423 2359 457 2408; x_wconf 85' lang='lat' dir='ltr'>ita</span> <span class='ocrx_word' id='word_1_190' title='bbox 475 2359 579 2416; x_wconf 60' lang='lat' dir='ltr'>umen,</span> <span class='ocrx_word' id='word_1_191' title='bbox 606 2359 636 2406; x_wconf 90' lang='lat' dir='ltr'>ut</span> <span class='ocrx_word' id='word_1_192' title='bbox 655 2357 731 2419; x_wconf 90' lang='lat' dir='ltr'>longe</span> <span class='ocrx_word' id='word_1_193' title='bbox 750 2356 837 2406; x_wconf 91' lang='lat' dir='ltr'>minor</span> <span class='ocrx_word' id='word_1_194' title='bbox 873 2356 1098 2407; x_wconf 86' lang='lat' dir='ltr'>deconscr.bist.</span> <span class='ocrx_word' id='word_1_195' title='bbox 1113 2358 1153 2406; x_wconf 88' lang='lat' dir='ltr'>l.:</span> <span class='ocrx_word' id='word_1_196' title='bbox 1171 2357 1317 2426; x_wconf 70' lang='grc' dir='ltr'><strong><em>πυρέττειν</em></strong></span> <span class='ocrx_word' id='word_1_197' title='bbox 1332 2356 1397 2419; x_wconf 82' lang='grc' dir='ltr'><em>(φα-</em></span> 
     </span>
     <span class='ocr_line' id='line_1_22' title="bbox 310 2423 1397 2499; baseline -0.004 -15"><span class='ocrx_word' id='word_1_198' title='bbox 310 2434 409 2484; x_wconf 89' lang='lat' dir='ltr'>civium</span> <span class='ocrx_word' id='word_1_199' title='bbox 430 2445 493 2495; x_wconf 88' lang='lat' dir='ltr'>pars</span> <span class='ocrx_word' id='word_1_200' title='bbox 510 2444 590 2494; x_wconf 90' lang='lat' dir='ltr'>quam</span> <span class='ocrx_word' id='word_1_201' title='bbox 613 2433 705 2480; x_wconf 88' lang='lat' dir='ltr'>vetere</span> <span class='ocrx_word' id='word_1_202' title='bbox 731 2443 760 2480; x_wconf 88' lang='lat' dir='ltr'>re</span> <span class='ocrx_word' id='word_1_203' title='bbox 786 2443 837 2494; x_wconf 82' lang='lat' dir='ltr'>pu·</span> <span class='ocrx_word' id='word_1_204' title='bbox 873 2431 921 2480; x_wconf 81' lang='lat' dir='ltr'>clv</span> <span class='ocrx_word' id='word_1_205' title='bbox 944 2425 1114 2499; x_wconf 78' lang='grc' dir='ltr'><strong><em>Ἆβδηριτας)</em></strong></span> <span class='ocrx_word' id='word_1_206' title='bbox 1138 2427 1281 2495; x_wconf 72' lang='grc' dir='ltr'>πανδημεὶ</span> <span class='ocrx_word' id='word_1_207' title='bbox 1305 2423 1397 2480; x_wconf 76' lang='grc' dir='ltr'><em>ἃπαν-</em></span> 
     </span>
     <span class='ocr_line' id='line_1_23' title="bbox 311 2499 1398 2576; baseline -0.003 -19"><span class='ocrx_word' id='word_1_208' title='bbox 311 2506 379 2557; x_wconf 89' lang='lat' dir='ltr'>bliea</span> <span class='ocrx_word' id='word_1_209' title='bbox 396 2508 443 2555; x_wconf 84' lang='lat' dir='ltr'>aut</span> <span class='ocrx_word' id='word_1_210' title='bbox 459 2504 531 2554; x_wconf 93' lang='lat' dir='ltr'>domi</span> <span class='ocrx_word' id='word_1_211' title='bbox 548 2503 704 2554; x_wconf 86' lang='lat' dir='ltr'>muneribus</span> <span class='ocrx_word' id='word_1_212' title='bbox 716 2501 836 2554; x_wconf 89' lang='lat' dir='ltr'>civilibus</span> <span class='ocrx_word' id='word_1_213' title='bbox 874 2501 1129 2575; x_wconf 64' lang='grc' dir='ltr'><strong><em>τας--ὶικαρεῖτῲ</em></strong></span> <span class='ocrx_word' id='word_1_214' title='bbox 1142 2502 1265 2576; x_wconf 76' lang='grc' dir='ltr'><strong><em>πυρετῷ·</em></strong></span> <span class='ocrx_word' id='word_1_215' title='bbox 1275 2499 1398 2556; x_wconf 72' lang='grc' dir='ltr'>-ἅκαν-</span> 
     </span>
     <span class='ocr_line' id='line_1_24' title="bbox 311 2575 1398 2651; baseline -0.002 -19"><span class='ocrx_word' id='word_1_216' title='bbox 311 2586 339 2632; x_wconf 88' lang='lat' dir='ltr'>el</span> <span class='ocrx_word' id='word_1_217' title='bbox 364 2579 515 2643; x_wconf 90' lang='lat' dir='ltr'>eloquentia</span> <span class='ocrx_word' id='word_1_218' title='bbox 542 2582 588 2628; x_wconf 87' lang='lat' dir='ltr'>aut</span> <span class='ocrx_word' id='word_1_219' title='bbox 611 2578 718 2629; x_wconf 85' lang='lat' dir='ltr'>militine</span> <span class='ocrx_word' id='word_1_220' title='bbox 742 2576 836 2628; x_wconf 88' lang='lat' dir='ltr'>bellica</span> <span class='ocrx_word' id='word_1_221' title='bbox 874 2575 1398 2651; x_wconf 70' lang='grc' dir='ltr'>τεςγὰρέςτραγῳόίανκαρεκινοῦπο</span> 
     </span>
     <span class='ocr_line' id='line_1_25' title="bbox 311 2651 1395 2721; baseline -0.001 -15"><span class='ocrx_word' id='word_1_222' title='bbox 311 2658 408 2706; x_wconf 86' lang='lat' dir='ltr'>virtute</span> <span class='ocrx_word' id='word_1_223' title='bbox 426 2653 537 2717; x_wconf 80' lang='lat' dir='ltr'>gloriam</span> <span class='ocrx_word' id='word_1_224' title='bbox 548 2652 598 2704; x_wconf 90' lang='lat' dir='ltr'>sibi</span> <span class='ocrx_word' id='word_1_225' title='bbox 613 2666 708 2717; x_wconf 83' lang='lat' dir='ltr'>parare</span> <span class='ocrx_word' id='word_1_226' title='bbox 720 2656 747 2704; x_wconf 81' lang='lat' dir='ltr'>et</span> <span class='ocrx_word' id='word_1_227' title='bbox 757 2651 838 2704; x_wconf 88' lang='lat' dir='ltr'>vellet</span> <span class='ocrx_word' id='word_1_228' title='bbox 873 2657 923 2706; x_wconf 79' lang='grc' dir='ltr'>καὶ</span> <span class='ocrx_word' id='word_1_229' title='bbox 944 2653 1064 2720; x_wconf 79' lang='grc' dir='ltr'>ἰαμβεῖα</span> <span class='ocrx_word' id='word_1_230' title='bbox 1080 2654 1268 2721; x_wconf 71' lang='grc' dir='ltr'>ἐφθέγγοντο.</span> <span class='ocrx_word' id='word_1_231' title='bbox 1290 2655 1330 2706; x_wconf 91' lang='lat' dir='ltr'>Cl.</span> <span class='ocrx_word' id='word_1_232' title='bbox 1342 2657 1395 2705; x_wconf 85' lang='lat' dir='ltr'>Set.</span> 
     </span>
     <span class='ocr_line' id='line_1_26' title="bbox 312 2726 1399 2793; baseline -0.001 -12"><span class='ocrx_word' id='word_1_233' title='bbox 312 2734 340 2782; x_wconf 88' lang='lat' dir='ltr'>el</span> <span class='ocrx_word' id='word_1_234' title='bbox 357 2733 462 2793; x_wconf 78' lang='lat' dir='ltr'>posset3</span> <span class='ocrx_word' id='word_1_235' title='bbox 482 2730 621 2793; x_wconf 87' lang='lat' dir='ltr'>praeterea</span> <span class='ocrx_word' id='word_1_236' title='bbox 637 2729 754 2778; x_wconf 83' lang='lat' dir='ltr'>Graecae</span> <span class='ocrx_word' id='word_1_237' title='bbox 771 2726 838 2778; x_wconf 87' lang='lat' dir='ltr'>litte·</span> <span class='ocrx_word' id='word_1_238' title='bbox 873 2731 899 2792; x_wconf 70' lang='lat'>2,</span> <span class='ocrx_word' id='word_1_239' title='bbox 910 2731 988 2791; x_wconf 79' lang='lat'>³,802</span> <span class='ocrx_word' id='word_1_240' title='bbox 1006 2731 1112 2779; x_wconf 66' lang='lat' dir='ltr'>luvam</span> <span class='ocrx_word' id='word_1_241' title='bbox 1123 2731 1399 2792; x_wconf 65' lang='lat' dir='ltr'>trutioeenerstltiou</span> 
     </span>
     <span class='ocr_line' id='line_1_27' title="bbox 311 2803 1284 2866; baseline 0 -12"><span class='ocrx_word' id='word_1_242' title='bbox 311 2818 357 2854; x_wconf 86' lang='lat' dir='ltr'>rae</span> <span class='ocrx_word' id='word_1_243' title='bbox 383 2805 409 2854; x_wconf 88' lang='lat' dir='ltr'>in</span> <span class='ocrx_word' id='word_1_244' title='bbox 434 2803 493 2853; x_wconf 91' lang='lat' dir='ltr'>dies</span> <span class='ocrx_word' id='word_1_245' title='bbox 519 2803 604 2866; x_wconf 84' lang='lat' dir='ltr'>magis</span> <span class='ocrx_word' id='word_1_246' title='bbox 624 2803 835 2854; x_wconf 87' lang='lat' dir='ltr'>innotescebant.</span> <span class='ocrx_word' id='word_1_247' title='bbox 873 2805 923 2855; x_wconf 80' lang='lat' dir='ltr'>Aut</span> <span class='ocrx_word' id='word_1_248' title='bbox 939 2805 989 2854; x_wconf 83' lang='lat' dir='ltr'>olio</span> <span class='ocrx_word' id='word_1_249' title='bbox 1005 2805 1095 2854; x_wconf 66' lang='lat' dir='ltr'>anub</span> <span class='ocrx_word' id='word_1_250' title='bbox 1109 2803 1196 2855; x_wconf 81' lang='lat' dir='ltr'>morbo</span> <span class='ocrx_word' id='word_1_251' title='bbox 1211 2805 1284 2856; x_wconf 70' lang='lat' dir='ltr'>caleb</span> 
     </span>
    </p>

    <p class='ocr_par' dir='ltr' id='par_1_5' title="bbox 312 2876 836 2942">
     <span class='ocr_line' id='line_1_28' title="bbox 312 2876 836 2942; baseline -0.004 -12"><span class='ocrx_word' id='word_1_252' title='bbox 312 2881 369 2930; x_wconf 90' lang='lat' dir='ltr'>lam</span> <span class='ocrx_word' id='word_1_253' title='bbox 386 2881 497 2942; x_wconf 86' lang='lat' dir='ltr'>propter</span> <span class='ocrx_word' id='word_1_254' title='bbox 513 2878 581 2928; x_wconf 87' lang='lat' dir='ltr'>baec</span> <span class='ocrx_word' id='word_1_255' title='bbox 598 2878 686 2927; x_wconf 88' lang='lat' dir='ltr'>omnia</span> <span class='ocrx_word' id='word_1_256' title='bbox 703 2876 836 2942; x_wconf 77' lang='lat' dir='ltr'>permulti,</span> 
     </span>
    </p>

    <p class='ocr_par' dir='ltr' id='par_1_6' title="bbox 312 2953 1404 4358">
     <span class='ocr_line' id='line_1_29' title="bbox 312 2953 1398 3017; baseline -0.001 -13"><span class='ocrx_word' id='word_1_257' title='bbox 312 2967 347 3004; x_wconf 90' lang='lat' dir='ltr'>ne</span> <span class='ocrx_word' id='word_1_258' title='bbox 372 2954 455 3002; x_wconf 83' lang='lat' dir='ltr'>vitam</span> <span class='ocrx_word' id='word_1_259' title='bbox 480 2953 533 3002; x_wconf 91' lang='lat' dir='ltr'>otio</span> <span class='ocrx_word' id='word_1_260' title='bbox 557 2954 692 3012; x_wconf 89' lang='lat' dir='ltr'>tererent,</span> <span class='ocrx_word' id='word_1_261' title='bbox 727 2953 838 3016; x_wconf 81' lang='lat' dir='ltr'>poeticis</span> <span class='ocrx_word' id='word_1_262' title='bbox 909 2953 1026 3004; x_wconf 75' lang='lat' dir='ltr'>roella.</span> <span class='ocrx_word' id='word_1_263' title='bbox 1043 2953 1125 3017; x_wconf 72' lang='lat' dir='ltr'>pum]</span> <span class='ocrx_word' id='word_1_264' title='bbox 1144 2953 1398 3015; x_wconf 69' lang='lat' dir='ltr'>ammqaesuaviue</span> 
     </span>
     <span class='ocr_line' id='line_1_30' title="bbox 313 3025 1399 3089; baseline -0.006 -11"><span class='ocrx_word' id='word_1_265' title='bbox 313 3027 407 3078; x_wconf 86' lang='lat' dir='ltr'>studiis</span> <span class='ocrx_word' id='word_1_266' title='bbox 423 3039 485 3076; x_wconf 86' lang='lat' dir='ltr'>sese</span> <span class='ocrx_word' id='word_1_267' title='bbox 503 3025 650 3087; x_wconf 86' lang='lat' dir='ltr'>dederunt,</span> <span class='ocrx_word' id='word_1_268' title='bbox 674 3039 762 3089; x_wconf 84' lang='lat' dir='ltr'>eoque</span> <span class='ocrx_word' id='word_1_269' title='bbox 780 3039 839 3076; x_wconf 88' lang='lat' dir='ltr'>ma·</span> <span class='ocrx_word' id='word_1_270' title='bbox 876 3030 918 3079; x_wconf 86' lang='lat' dir='ltr'>est</span> <span class='ocrx_word' id='word_1_271' title='bbox 928 3028 956 3077; x_wconf 88' lang='lat' dir='ltr'>et</span> <span class='ocrx_word' id='word_1_272' title='bbox 967 3026 1153 3077; x_wconf 81' lang='lat' dir='ltr'>modulatius.»</span> <span class='ocrx_word' id='word_1_273' title='bbox 1169 3028 1261 3077; x_wconf 75' lang='lat' dir='ltr'>Benna.</span> <span class='ocrx_word' id='word_1_274' title='bbox 1284 3027 1399 3088; x_wconf 59' lang='lat' dir='ltr'>amulag</span> 
     </span>
     <span class='ocr_line' id='line_1_31' title="bbox 312 3099 1400 3165; baseline 0.001 -14"><span class='ocrx_word' id='word_1_275' title='bbox 312 3101 367 3163; x_wconf 84' lang='lat' dir='ltr'>gis,</span> <span class='ocrx_word' id='word_1_276' title='bbox 394 3099 467 3163; x_wconf 87' lang='lat' dir='ltr'>quod</span> <span class='ocrx_word' id='word_1_277' title='bbox 483 3102 631 3163; x_wconf 82' lang='lat' dir='ltr'>Augustum</span> <span class='ocrx_word' id='word_1_278' title='bbox 654 3103 682 3150; x_wconf 84' lang='lat' dir='ltr'>et</span> <span class='ocrx_word' id='word_1_279' title='bbox 697 3103 840 3151; x_wconf 86' lang='lat' dir='ltr'>llaeoena-</span> <span class='ocrx_word' id='word_1_280' title='bbox 875 3103 1230 3152; x_wconf 62' lang='lat' dir='ltr'>munducauda-avenacium</span> <span class='ocrx_word' id='word_1_281' title='bbox 1239 3101 1400 3165; x_wconf 65' lang='lat' dir='ltr'>uoluta-ea</span> 
     </span>
     <span class='ocr_line' id='line_1_32' title="bbox 313 3168 1400 3241; baseline 0 -15"><span class='ocrx_word' id='word_1_282' title='bbox 313 3177 368 3226; x_wconf 88' lang='lat' dir='ltr'>tem</span> <span class='ocrx_word' id='word_1_283' title='bbox 393 3175 435 3224; x_wconf 90' lang='lat' dir='ltr'>bis</span> <span class='ocrx_word' id='word_1_284' title='bbox 461 3173 550 3224; x_wconf 88' lang='lat' dir='ltr'>lavere</span> <span class='ocrx_word' id='word_1_285' title='bbox 574 3168 715 3234; x_wconf 85' lang='lat' dir='ltr'>videbant;</span> <span class='ocrx_word' id='word_1_286' title='bbox 742 3187 795 3236; x_wconf 92' lang='lat' dir='ltr'>quo</span> <span class='ocrx_word' id='word_1_287' title='bbox 812 3175 839 3225; x_wconf 92' lang='lat' dir='ltr'>iu</span> <span class='ocrx_word' id='word_1_288' title='bbox 875 3177 1024 3241; x_wconf 73' lang='lat' dir='ltr'>weqmuus,</span> <span class='ocrx_word' id='word_1_289' title='bbox 1042 3175 1285 3238; x_wconf 68' lang='lat' dir='ltr'>oboezubedmbeo,</span> <span class='ocrx_word' id='word_1_290' title='bbox 1304 3177 1400 3226; x_wconf 66' lang='lat' dir='ltr'>mia</span> 
     </span>
     <span class='ocr_line' id='line_1_33' title="bbox 314 3247 1401 3316; baseline 0.001 -17"><span class='ocrx_word' id='word_1_291' title='bbox 314 3249 419 3299; x_wconf 87' lang='lat' dir='ltr'>lervore</span> <span class='ocrx_word' id='word_1_292' title='bbox 436 3249 556 3299; x_wconf 90' lang='lat' dir='ltr'>omnium</span> <span class='ocrx_word' id='word_1_293' title='bbox 573 3247 649 3298; x_wconf 88' lang='lat' dir='ltr'>aliter</span> <span class='ocrx_word' id='word_1_294' title='bbox 665 3249 708 3298; x_wconf 78' lang='lat' dir='ltr'>vix</span> <span class='ocrx_word' id='word_1_295' title='bbox 720 3248 779 3298; x_wconf 88' lang='lat' dir='ltr'>fleri</span> <span class='ocrx_word' id='word_1_296' title='bbox 793 3261 841 3312; x_wconf 87' lang='lat' dir='ltr'>po-</span> <span class='ocrx_word' id='word_1_297' title='bbox 877 3253 1021 3316; x_wconf 83' lang='lat' dir='ltr'>patrcsque</span> <span class='ocrx_word' id='word_1_298' title='bbox 1037 3251 1126 3300; x_wconf 83' lang='lat' dir='ltr'>severi</span> <span class='ocrx_word' id='word_1_299' title='bbox 1142 3251 1197 3299; x_wconf 77' lang='lat' dir='ltr'>eine</span> <span class='ocrx_word' id='word_1_300' title='bbox 1210 3251 1262 3314; x_wconf 75' lang='lat' dir='ltr'>fust</span> <span class='ocrx_word' id='word_1_301' title='bbox 1276 3249 1401 3300; x_wconf 65' lang='lat' dir='ltr'>somma·</span> 
     </span>
     <span class='ocr_line' id='line_1_34' title="bbox 313 3319 1401 3389; baseline -0.001 -15"><span class='ocrx_word' id='word_1_302' title='bbox 313 3325 396 3383; x_wconf 87' lang='lat' dir='ltr'>terat,</span> <span class='ocrx_word' id='word_1_303' title='bbox 415 3334 497 3386; x_wconf 70' lang='lat' dir='ltr'>mum</span> <span class='ocrx_word' id='word_1_304' title='bbox 515 3319 839 3386; x_wconf 77' lang='lat' dir='ltr'>utmultapodmutanon</span> <span class='ocrx_word' id='word_1_305' title='bbox 877 3326 933 3389; x_wconf 76' lang='lat' dir='ltr'>diga</span> <span class='ocrx_word' id='word_1_306' title='bbox 957 3325 1105 3387; x_wconf 76' lang='lat' dir='ltr'>Stelgeruoq</span> <span class='ocrx_word' id='word_1_307' title='bbox 1129 3324 1202 3387; x_wconf 69' lang='lat' dir='ltr'>licat,</span> <span class='ocrx_word' id='word_1_308' title='bbox 1228 3324 1269 3373; x_wconf 84' lang='lat' dir='ltr'>dia</span> <span class='ocrx_word' id='word_1_309' title='bbox 1292 3323 1330 3373; x_wconf 83' lang='lat' dir='ltr'>bai</span> <span class='ocrx_word' id='word_1_310' title='bbox 1345 3324 1401 3373; x_wconf 73' lang='lat' dir='ltr'>dun</span> 
     </span>
     <span class='ocr_line' id='line_1_35' title="bbox 313 3387 1400 3462; baseline -0.005 -14"><span class='ocrx_word' id='word_1_311' title='bbox 313 3395 401 3448; x_wconf 84' lang='lat' dir='ltr'>solum</span> <span class='ocrx_word' id='word_1_312' title='bbox 418 3395 575 3457; x_wconf 80' lang='lat' dir='ltr'>mediocria,</span> <span class='ocrx_word' id='word_1_313' title='bbox 603 3397 652 3448; x_wconf 89' lang='lat' dir='ltr'>sed</span> <span class='ocrx_word' id='word_1_314' title='bbox 672 3398 753 3448; x_wconf 85' lang='lat' dir='ltr'>etiam</span> <span class='ocrx_word' id='word_1_315' title='bbox 770 3396 840 3447; x_wconf 88' lang='lat' dir='ltr'>mala</span> <span class='ocrx_word' id='word_1_316' title='bbox 877 3399 975 3460; x_wconf 78' lang='lat' dir='ltr'>doppeu</span> <span class='ocrx_word' id='word_1_317' title='bbox 989 3401 1110 3462; x_wconf 74' lang='lat' dir='ltr'>gesetzten</span> <span class='ocrx_word' id='word_1_318' title='bbox 1128 3410 1181 3460; x_wconf 90' lang='lat' dir='ltr'>que</span> <span class='ocrx_word' id='word_1_319' title='bbox 1193 3397 1308 3448; x_wconf 76' lang='lat' dir='ltr'>carlom</span> <span class='ocrx_word' id='word_1_320' title='bbox 1317 3387 1400 3460; x_wconf 63' lang='lat' dir='ltr'>dell.»</span> 
     </span>
     <span class='ocr_line' id='line_1_36' title="bbox 314 3469 1399 3536; baseline 0.002 -16"><span class='ocrx_word' id='word_1_321' title='bbox 314 3470 470 3536; x_wconf 86' lang='lat' dir='ltr'>prodirent,</span> <span class='ocrx_word' id='word_1_322' title='bbox 507 3484 539 3520; x_wconf 89' lang='lat' dir='ltr'>ae</span> <span class='ocrx_word' id='word_1_323' title='bbox 568 3469 688 3535; x_wconf 85' lang='lat' dir='ltr'>plerique</span> <span class='ocrx_word' id='word_1_324' title='bbox 713 3471 840 3523; x_wconf 80' lang='lat' dir='ltr'>seruilem</span> <span class='ocrx_word' id='word_1_325' title='bbox 878 3474 994 3524; x_wconf 79' lang='lat' dir='ltr'>catrices</span> <span class='ocrx_word' id='word_1_326' title='bbox 1011 3473 1037 3523; x_wconf 91' lang='lat' dir='ltr'>iu</span> <span class='ocrx_word' id='word_1_327' title='bbox 1053 3472 1117 3535; x_wconf 60' lang='lat' dir='ltr'>illlq¹</span> <span class='ocrx_word' id='word_1_328' title='bbox 1137 3473 1263 3536; x_wconf 77' lang='lat' dir='ltr'>Sebulstq.</span> <span class='ocrx_word' id='word_1_329' title='bbox 1281 3471 1354 3522; x_wconf 79' lang='lat' dir='ltr'>isso.</span> <span class='ocrx_word' id='word_1_330' title='bbox 1372 3485 1399 3536; x_wconf 88' lang='lat' dir='ltr'>p.</span> 
     </span>
     <span class='ocr_line' id='line_1_37' title="bbox 314 3546 1402 3611; baseline 0.004 -17"><span class='ocrx_word' id='word_1_331' title='bbox 314 3547 477 3595; x_wconf 83' lang='lat' dir='ltr'>Graecorum</span> <span class='ocrx_word' id='word_1_332' title='bbox 504 3546 676 3597; x_wconf 87' lang='lat' dir='ltr'>imitationem</span> <span class='ocrx_word' id='word_1_333' title='bbox 702 3559 839 3611; x_wconf 89' lang='lat' dir='ltr'>nunquam</span> <span class='ocrx_word' id='word_1_334' title='bbox 878 3547 951 3598; x_wconf 75' lang='lat' dir='ltr'>loll.</span> <span class='ocrx_word' id='word_1_335' title='bbox 972 3575 1000 3583; x_wconf 93' lang='lat'>-</span> <span class='ocrx_word' id='word_1_336' title='bbox 1017 3547 1104 3611; x_wconf 70' lang='lat' dir='ltr'>meri]</span> <span class='ocrx_word' id='word_1_337' title='bbox 1124 3549 1189 3609; x_wconf 72' lang='lat' dir='ltr'>nqui</span> <span class='ocrx_word' id='word_1_338' title='bbox 1205 3548 1315 3611; x_wconf 84' lang='lat' dir='ltr'>propter</span> <span class='ocrx_word' id='word_1_339' title='bbox 1331 3549 1402 3598; x_wconf 83' lang='lat' dir='ltr'>aela-</span> 
     </span>
     <span class='ocr_line' id='line_1_38' title="bbox 315 3620 1402 3686; baseline 0.002 -16"><span class='ocrx_word' id='word_1_340' title='bbox 315 3620 515 3684; x_wconf 88' lang='lat' dir='ltr'>egredereulur.</span> <span class='ocrx_word' id='word_1_341' title='bbox 546 3621 619 3671; x_wconf 89' lang='lat' dir='ltr'>liano</span> <span class='ocrx_word' id='word_1_342' title='bbox 636 3620 841 3684; x_wconf 87' lang='lat' dir='ltr'>subitamigitur</span> <span class='ocrx_word' id='word_1_343' title='bbox 878 3625 933 3673; x_wconf 87' lang='lat' dir='ltr'>tem</span> <span class='ocrx_word' id='word_1_344' title='bbox 945 3623 1034 3672; x_wconf 86' lang='lat' dir='ltr'>severi</span> <span class='ocrx_word' id='word_1_345' title='bbox 1046 3633 1106 3672; x_wconf 83' lang='lat' dir='ltr'>esse</span> <span class='ocrx_word' id='word_1_346' title='bbox 1119 3620 1258 3682; x_wconf 88' lang='lat' dir='ltr'>deberent,</span> <span class='ocrx_word' id='word_1_347' title='bbox 1272 3622 1402 3686; x_wconf 82' lang='lat' dir='ltr'>ipsiquo-</span> 
     </span>
     <span class='ocr_line' id='line_1_39' title="bbox 314 3693 1400 3760; baseline 0.002 -16"><span class='ocrx_word' id='word_1_348' title='bbox 314 3695 480 3758; x_wconf 87' lang='lat' dir='ltr'>ingeniorum</span> <span class='ocrx_word' id='word_1_349' title='bbox 501 3707 533 3745; x_wconf 88' lang='lat' dir='ltr'>ae</span> <span class='ocrx_word' id='word_1_350' title='bbox 549 3695 699 3745; x_wconf 84' lang='lat' dir='ltr'>studiorum</span> <span class='ocrx_word' id='word_1_351' title='bbox 716 3696 841 3745; x_wconf 88' lang='lat' dir='ltr'>mutatio-</span> <span class='ocrx_word' id='word_1_352' title='bbox 877 3709 930 3759; x_wconf 87' lang='lat' dir='ltr'>que</span> <span class='ocrx_word' id='word_1_353' title='bbox 958 3697 1034 3758; x_wconf 87' lang='lat' dir='ltr'>nugis</span> <span class='ocrx_word' id='word_1_354' title='bbox 1056 3693 1225 3758; x_wconf 83' lang='lat' dir='ltr'>indulgent.»</span> <span class='ocrx_word' id='word_1_355' title='bbox 1244 3723 1272 3732; x_wconf 95' lang='lat'>-</span> <span class='ocrx_word' id='word_1_356' title='bbox 1290 3696 1400 3760; x_wconf 72' lang='lat' dir='ltr'>Frmde]</span> 
     </span>
     <span class='ocr_line' id='line_1_40' title="bbox 315 3767 1402 3834; baseline 0 -14"><span class='ocrx_word' id='word_1_357' title='bbox 315 3782 379 3820; x_wconf 91' lang='lat' dir='ltr'>nem</span> <span class='ocrx_word' id='word_1_358' title='bbox 392 3767 479 3834; x_wconf 84' lang='lat' dir='ltr'>lepide</span> <span class='ocrx_word' id='word_1_359' title='bbox 491 3769 605 3830; x_wconf 85' lang='lat' dir='ltr'>deridet,</span> <span class='ocrx_word' id='word_1_360' title='bbox 622 3770 742 3822; x_wconf 87' lang='lat' dir='ltr'>ironiain</span> <span class='ocrx_word' id='word_1_361' title='bbox 754 3771 842 3820; x_wconf 88' lang='lat' dir='ltr'>semet</span> <span class='ocrx_word' id='word_1_362' title='bbox 878 3770 961 3831; x_wconf 87' lang='lat' dir='ltr'>lauri,</span> <span class='ocrx_word' id='word_1_363' title='bbox 988 3770 1087 3831; x_wconf 86' lang='lat' dir='ltr'>olivae,</span> <span class='ocrx_word' id='word_1_364' title='bbox 1123 3769 1240 3821; x_wconf 87' lang='lat' dir='ltr'>hederae</span> <span class='ocrx_word' id='word_1_365' title='bbox 1262 3773 1402 3834; x_wconf 76' lang='lat' dir='ltr'>poetaram</span> 
     </span>
     <span class='ocr_line' id='line_1_41' title="bbox 315 3843 1402 3908; baseline 0.001 -15"><span class='ocrx_word' id='word_1_366' title='bbox 315 3845 403 3908; x_wconf 86' lang='lat' dir='ltr'>ipsum</span> <span class='ocrx_word' id='word_1_367' title='bbox 421 3857 528 3907; x_wconf 91' lang='lat' dir='ltr'>quoque</span> <span class='ocrx_word' id='word_1_368' title='bbox 545 3844 618 3895; x_wconf 88' lang='lat' dir='ltr'>vaire</span> <span class='ocrx_word' id='word_1_369' title='bbox 634 3857 706 3896; x_wconf 86' lang='lat' dir='ltr'>usus.</span> <span class='ocrx_word' id='word_1_370' title='bbox 733 3846 801 3895; x_wconf 87' lang='lat' dir='ltr'>Saue</span> <span class='ocrx_word' id='word_1_371' title='bbox 814 3846 841 3896; x_wconf 92' lang='lat' dir='ltr'>in</span> <span class='ocrx_word' id='word_1_372' title='bbox 878 3845 999 3896; x_wconf 87' lang='lat' dir='ltr'>habitum</span> <span class='ocrx_word' id='word_1_373' title='bbox 1008 3847 1146 3896; x_wconf 84' lang='lat' dir='ltr'>sumentes</span> <span class='ocrx_word' id='word_1_374' title='bbox 1157 3857 1207 3908; x_wconf 87' lang='lat' dir='ltr'>pro</span> <span class='ocrx_word' id='word_1_375' title='bbox 1218 3843 1294 3895; x_wconf 88' lang='lat' dir='ltr'>solita</span> <span class='ocrx_word' id='word_1_376' title='bbox 1303 3856 1402 3894; x_wconf 89' lang='lat' dir='ltr'>corona</span> 
     </span>
     <span class='ocr_line' id='line_1_42' title="bbox 314 3913 1401 3988; baseline -0.001 -20"><span class='ocrx_word' id='word_1_377' title='bbox 314 3932 358 3968; x_wconf 84' lang='lat' dir='ltr'>vv.</span> <span class='ocrx_word' id='word_1_378' title='bbox 372 3919 631 3968; x_wconf 50' lang='lat' dir='ltr'>Mutuom-dietant</span> <span class='ocrx_word' id='word_1_379' title='bbox 642 3922 683 3970; x_wconf 83' lang='lat' dir='ltr'>est</span> <span class='ocrx_word' id='word_1_380' title='bbox 695 3913 840 3988; x_wconf 76' lang='grc' dir='ltr'><strong><em>ὑπερβολὴ</em></strong></span> <span class='ocrx_word' id='word_1_381' title='bbox 878 3933 912 3972; x_wconf 84' lang='lat' dir='ltr'>ex</span> <span class='ocrx_word' id='word_1_382' title='bbox 932 3921 1007 3983; x_wconf 87' lang='lat' dir='ltr'>apio,</span> <span class='ocrx_word' id='word_1_383' title='bbox 1034 3921 1139 3983; x_wconf 82' lang='lat' dir='ltr'>myrto,</span> <span class='ocrx_word' id='word_1_384' title='bbox 1174 3919 1242 3970; x_wconf 82' lang='lat' dir='ltr'>rosis</span> <span class='ocrx_word' id='word_1_385' title='bbox 1267 3931 1343 3968; x_wconf 82' lang='lat' dir='ltr'>nexa.</span> <span class='ocrx_word' id='word_1_386' title='bbox 1372 3941 1401 3954; x_wconf 86' lang='lat'>··</span> 
     </span>
     <span class='ocr_line' id='line_1_43' title="bbox 316 3991 1402 4064; baseline -0.001 -21"><span class='ocrx_word' id='word_1_387' title='bbox 316 3995 377 4043; x_wconf 81' lang='grc' dir='ltr'>κατ’</span> <span class='ocrx_word' id='word_1_388' title='bbox 387 3994 545 4064; x_wconf 57' lang='lat' dir='ltr'>eboreiam</span> <span class='ocrx_word' id='word_1_389' title='bbox 557 3995 656 4044; x_wconf 84' lang='lat' dir='ltr'>etenim</span> <span class='ocrx_word' id='word_1_390' title='bbox 666 3994 764 4046; x_wconf 88' lang='lat' dir='ltr'>eodem</span> <span class='ocrx_word' id='word_1_391' title='bbox 774 3997 841 4046; x_wconf 89' lang='lat' dir='ltr'>tem-</span> <span class='ocrx_word' id='word_1_392' title='bbox 878 3994 982 4058; x_wconf 71' lang='lat' dir='ltr'>dietant]</span> <span class='ocrx_word' id='word_1_393' title='bbox 1000 3994 1078 4044; x_wconf 87' lang='lat' dir='ltr'>Varie</span> <span class='ocrx_word' id='word_1_394' title='bbox 1096 3991 1244 4058; x_wconf 77' lang='lat' dir='ltr'>exubeant:</span> <span class='ocrx_word' id='word_1_395' title='bbox 1263 3993 1287 4054; x_wconf 85' lang='lat' dir='ltr'>l)</span> <span class='ocrx_word' id='word_1_396' title='bbox 1306 4003 1402 4042; x_wconf 78' lang='lat' dir='ltr'>«eom-</span> 
     </span>
     <span class='ocr_line' id='line_1_44' title="bbox 315 4067 1402 4134; baseline -0.001 -17"><span class='ocrx_word' id='word_1_397' title='bbox 315 4080 381 4130; x_wconf 84' lang='lat' dir='ltr'>pore</span> <span class='ocrx_word' id='word_1_398' title='bbox 393 4070 585 4131; x_wconf 86' lang='lat' dir='ltr'>negotiatores,</span> <span class='ocrx_word' id='word_1_399' title='bbox 603 4068 781 4131; x_wconf 79' lang='lat' dir='ltr'>feneratores,</span> <span class='ocrx_word' id='word_1_400' title='bbox 795 4083 842 4134; x_wconf 83' lang='lat' dir='ltr'>pu·</span> <span class='ocrx_word' id='word_1_401' title='bbox 878 4073 1017 4134; x_wconf 78' lang='lat' dir='ltr'>ponunt;»</span> <span class='ocrx_word' id='word_1_402' title='bbox 1043 4081 1106 4118; x_wconf 87' lang='lat' dir='ltr'>cum</span> <span class='ocrx_word' id='word_1_403' title='bbox 1128 4068 1200 4117; x_wconf 91' lang='lat' dir='ltr'>enim</span> <span class='ocrx_word' id='word_1_404' title='bbox 1218 4067 1324 4129; x_wconf 90' lang='lat' dir='ltr'>ingenui</span> <span class='ocrx_word' id='word_1_405' title='bbox 1341 4077 1402 4115; x_wconf 85' lang='lat' dir='ltr'>ram</span> 
     </span>
     <span class='ocr_line' id='line_1_45' title="bbox 316 4139 1403 4207; baseline -0.001 -17"><span class='ocrx_word' id='word_1_406' title='bbox 316 4141 411 4192; x_wconf 86' lang='lat' dir='ltr'>blicani</span> <span class='ocrx_word' id='word_1_407' title='bbox 427 4147 538 4207; x_wconf 85' lang='lat' dir='ltr'>propter</span> <span class='ocrx_word' id='word_1_408' title='bbox 553 4144 647 4207; x_wconf 80' lang='lat' dir='ltr'>poesin</span> <span class='ocrx_word' id='word_1_409' title='bbox 662 4145 772 4194; x_wconf 89' lang='lat' dir='ltr'>minime</span> <span class='ocrx_word' id='word_1_410' title='bbox 784 4156 842 4194; x_wconf 84' lang='lat' dir='ltr'>ces·</span> <span class='ocrx_word' id='word_1_411' title='bbox 878 4144 928 4207; x_wconf 85' lang='lat' dir='ltr'>ipsi</span> <span class='ocrx_word' id='word_1_412' title='bbox 949 4142 1112 4202; x_wconf 85' lang='lat' dir='ltr'>seriberent,</span> <span class='ocrx_word' id='word_1_413' title='bbox 1139 4141 1188 4192; x_wconf 83' lang='lat' dir='ltr'>scd</span> <span class='ocrx_word' id='word_1_414' title='bbox 1213 4153 1297 4206; x_wconf 84' lang='lat' dir='ltr'>prope</span> <span class='ocrx_word' id='word_1_415' title='bbox 1314 4139 1403 4190; x_wconf 88' lang='lat' dir='ltr'>omnia</span> 
     </span>
     <span class='ocr_line' id='line_1_46' title="bbox 315 4213 1403 4282; baseline 0.001 -16"><span class='ocrx_word' id='word_1_416' title='bbox 315 4213 423 4276; x_wconf 84' lang='lat' dir='ltr'>subant,</span> <span class='ocrx_word' id='word_1_417' title='bbox 443 4217 492 4266; x_wconf 90' lang='lat' dir='ltr'>sed</span> <span class='ocrx_word' id='word_1_418' title='bbox 510 4218 614 4281; x_wconf 84' lang='lat' dir='ltr'>negotia</span> <span class='ocrx_word' id='word_1_419' title='bbox 626 4231 673 4269; x_wconf 87' lang='lat' dir='ltr'>sua</span> <span class='ocrx_word' id='word_1_420' title='bbox 685 4231 772 4282; x_wconf 89' lang='lat' dir='ltr'>aequa</span> <span class='ocrx_word' id='word_1_421' title='bbox 784 4220 842 4269; x_wconf 83' lang='lat' dir='ltr'>stu·</span> <span class='ocrx_word' id='word_1_422' title='bbox 879 4220 963 4270; x_wconf 77' lang='lat' dir='ltr'>servis</span> <span class='ocrx_word' id='word_1_423' title='bbox 976 4232 992 4268; x_wconf 88' lang='lat' dir='ltr'>a</span> <span class='ocrx_word' id='word_1_424' title='bbox 1004 4231 1085 4269; x_wconf 84' lang='lat' dir='ltr'>mann</span> <span class='ocrx_word' id='word_1_425' title='bbox 1098 4217 1242 4276; x_wconf 86' lang='lat' dir='ltr'>dictarent,</span> <span class='ocrx_word' id='word_1_426' title='bbox 1261 4215 1403 4268; x_wconf 78' lang='lat' dir='ltr'>invaluisse</span> 
     </span>
     <span class='ocr_line' id='line_1_47' title="bbox 316 4289 1404 4358; baseline 0 -20"><span class='ocrx_word' id='word_1_427' title='bbox 316 4289 390 4342; x_wconf 84' lang='lat' dir='ltr'>diosc</span> <span class='ocrx_word' id='word_1_428' title='bbox 414 4293 495 4356; x_wconf 87' lang='lat' dir='ltr'>atque</span> <span class='ocrx_word' id='word_1_429' title='bbox 521 4297 599 4346; x_wconf 86' lang='lat' dir='ltr'>antea</span> <span class='ocrx_word' id='word_1_430' title='bbox 626 4293 842 4358; x_wconf 85' lang='lat' dir='ltr'>exsequebantur</span> <span class='ocrx_word' id='word_1_431' title='bbox 877 4292 1020 4357; x_wconf 85' lang='lat' dir='ltr'>paulatim,</span> <span class='ocrx_word' id='word_1_432' title='bbox 1047 4293 1075 4342; x_wconf 88' lang='lat' dir='ltr'>ut</span> <span class='ocrx_word' id='word_1_433' title='bbox 1102 4307 1127 4342; x_wconf 86' lang='lat' dir='ltr'>v.</span> <span class='ocrx_word' id='word_1_434' title='bbox 1146 4291 1242 4342; x_wconf 51' lang='lat' dir='ltr'>&amp;tare</span> <span class='ocrx_word' id='word_1_435' title='bbox 1269 4291 1404 4354; x_wconf 81' lang='lat' dir='ltr'>acciperet</span> 
     </span>
    </p>
   </div>
   <div class='ocr_carea' id='block_1_5' title="bbox 0 0 1606 4964">
    <p class='ocr_par' dir='ltr' id='par_1_7' title="bbox 0 0 1606 4964">
     <span class='ocr_line' id='line_1_48' title="bbox 0 0 1606 4964; baseline 0 0"><span class='ocrx_word' id='word_1_436' title='bbox 0 0 1606 4964; x_wconf 95' lang='lat' dir='ltr'> </span> 
     </span>
    </p>
   </div>
  </div>
 </body>
</html>
