3192 4974
292 428 355 494 iat
659 432 789 482 uoaarrr
807 430 1027 484 nrrsromauu

664 895 930 958 mmm
957 895 1009 956 V·

338 1042 370 1108 Si
394 1049 486 1128 potes
508 1037 671 1106 Archiacis
693 1038 829 1105 conviva
850 1035 1042 1104 recumbere
1064 1035 1155 1104 lectis

336 1165 402 1231 Nec
424 1161 552 1228 modica
574 1179 713 1228 coenare
735 1160 829 1226 times
850 1158 923 1225 olus
945 1179 1040 1226 omne
1063 1159 1195 1248 patella,

337 1286 497 1372 Supremo
520 1293 551 1350 te
575 1281 643 1350 sole
666 1282 770 1360 domi,
796 1283 972 1368 Torquate,
994 1280 1143 1349 manebo.

358 1465 405 1528 Ep.
418 1463 449 1513 V.
477 1465 501 1513 t.
520 1463 645 1513 orchoics's
655 1463 714 1513 Lct.
735 1461 765 1514 444
777 1473 840 1523 nos,
859 1473 953 1512 omnes
964 1461 1047 1512 nostri
1058 1459 1170 1526 hSchp
1183 1463 1209 1512 et
1220 1462 1345 1512 Pottierii.

327 1614 357 1662 V.
395 1611 510 1663 Hilarem
538 1613 564 1663 in
591 1611 702 1663 modum
728 1613 821 1664 invitat
858 1610 953 1662 referri
969 1612 1057 1676 potest
1074 1612 1146 1677 apud
1163 1613 1270 1663 sueton.
1284 1614 1380 1665 Domit.

294 1693 372 1753 poeta
395 1689 512 1738 amicum
536 1686 571 1738 nd
593 1701 707 1740 coenam
731 1687 821 1752 irnga-
859 1685 903 1735 4οι
923 1685 1216 1748 Saimttmtmottmn,
1234 1687 1384 1738 Britannica

294 1762 362 1826 lam,
388 1763 437 1814 sed
463 1762 575 1825 laetam,
599 1763 820 1829 quamproxime
857 1759 981 1824 hoctuna,
1011 1760 1160 1822 (interemit
1186 1761 1381 1826 Domitianus,)

295 1841 357 1888 ante
370 1839 491 1890 Caesaris
503 1840 638 1890 Octaviani
655 1838 727 1890 diem
744 1840 821 1888 nata-
858 1836 924 1898 qaod
940 1835 1040 1885 lancem
1055 1849 1136 1886 οοοοο
1149 1836 1248 1900 somme
1258 1837 1383 1900 malinii

295 1912 349 1964 lem
366 1913 485 1964 tacturus
498 1915 568 1975 erat,
587 1911 719 1977 simulque
731 1911 766 1962 ad
783 1912 821 1962 hi·
858 1909 988 1960 lucullana
1003 1922 1096 1972 posnan
1115 1915 1183 1961 mast.
1214 1910 1314 1972 (Lectio
1336 1925 1383 1962 nr-

294 1987 379 2038 larem
395 1987 465 2038 vitae
482 1999 562 2038 usum
574 1989 679 2038 excitat.
709 1988 748 2038 De
759 1987 822 2037 Tor·
857 1985 961 2046 chalcis,
974 1978 1140 2055 ἀρχαϊκοῖς,
1155 1987 1242 2036 metro
1254 1985 1383 2038 adversa·

296 2063 376 2124 qnnto
389 2062 500 2125 eiusque
519 2061 639 2114 moribus
651 2061 712 2113 vide
725 2061 758 2112 ad
770 2061 818 2113 od.
858 2060 919 2122 tur.)
940 2087 967 2096 -
990 2060 1044 2110 olus
1064 2059 1145 2124 οοιοο]
1167 2054 1202 2110 τὸ
1227 2058 1382 2121 iactanda,

295 2135 325 2195 l,
349 2137 373 2185 7.
410 2136 482 2198 (Quis
503 2136 653 2198 Torquatus
670 2135 714 2186 hic
732 2135 819 2197 tuerit,
857 2134 1018 2196 brassicam,
1037 2133 1141 2196 betam,
1154 2135 1293 2198 cichorea,
1313 2134 1383 2200 legu-

295 2206 322 2260 in
340 2209 429 2260 medio
444 2209 569 2273 relinquit
586 2209 736 2272 Obbarius.l
763 2210 820 2270 Quo
858 2210 993 2260 minacet.
1024 2211 1092 2260 Sane
1105 2206 1281 2275 οε4λιτότης.
1313 2213 1385 2263 «Wic

296 2296 364 2334 anuo
382 2285 449 2334 haec
467 2283 579 2348 epistola
595 2285 693 2348 scripta
711 2285 757 2345 sit,
779 2285 822 2334 in·
856 2297 930 2334 aucae
946 2285 996 2334 wir
1012 2285 1063 2348 aas
1074 2285 1128 2334 otus
1144 2285 1228 2347 Sauppe
1243 2285 1385 2337 enerciaco

297 2359 401 2410 eertum
426 2361 476 2409 est.
515 2359 571 2410 Hoc
596 2371 680 2410 unum
709 2361 822 2424 apparet
858 2358 931 2408 Salat
941 2359 1081 2409 mulum.»
1100 2359 1225 2410 Diintzer.
1243 2361 1317 2412 cont
1329 2362 1382 2412 Sat.

298 2447 330 2482 ex
352 2445 378 2481 v.
394 2431 430 2493 4.,
455 2445 516 2482 earn
538 2431 639 2498 aliquot
660 2446 745 2484 annos
762 2436 823 2498 post
858 2433 889 2495 i,
909 2433 936 2494 4,
955 2431 997 2484 it.
1026 2431 1075 2483 Alii
1096 2433 1184 2484 minus
1206 2437 1280 2486 recte
1302 2437 1385 2488 inter-

297 2507 325 2558 Τ.
337 2505 428 2556 Statilii
439 2506 517 2556 Tauri
528 2507 641 2558 altarum
654 2507 822 2559 consulatum
858 2509 1009 2571 precantur:
1029 2507 1107 2558 «nihil
1124 2507 1195 2560 aliud
1207 2511 1316 2574 praeter
1326 2509 1385 2562 olus
1488 2509 1492 2522 '

299 2594 360 2632 esse
377 2581 563 2646 compositam.
592 2581 714 2633 Nonnulli
731 2585 821 2633 tamen
860 2579 906 2630 tibi
924 2593 1088 2646 apponam»
1107 2596 1176 2646 quae
1193 2581 1304 2635 ridicula
1319 2597 1385 2650 pro-

298 2669 359 2706 enm
376 2656 496 2706 referunt
506 2657 541 2707 ad
552 2669 576 2706 a.
590 2671 616 2708 u.
628 2671 652 2707 c.
665 2655 734 2718 734„
753 2669 824 2720 «quo
859 2655 930 2707 lecto
945 2657 1108 2720 parcimonia
1126 2657 1227 2708 linisset.
1245 2685 1272 2695 -
1288 2659 1385 2722 Sopia-

297 2732 355 2796 ipso
373 2744 443 2782 anno
457 2733 567 2795 Augusti
585 2732 643 2783 dies
660 2731 752 2784 natalis
768 2747 824 2782 ma·
860 2745 927 2780 mo-
938 2731 996 2795 sotc]
1015 2732 1119 2782 «Serius
1136 2731 1284 2796 aliquanto,
1303 2747 1384 2798 qnam

297 2808 354 2858 iore
367 2819 449 2871 quam
463 2809 541 2857 auten
552 2810 681 2872 apparatu
692 2810 720 2858 et
737 2807 825 2873 splen·
860 2805 981 2870 plerique
991 2818 1106 2857 coenare
1116 2804 1238 2859 solebant
1249 2809 1323 2872 (hora
1335 2823 1386 2862 no·

298 2881 364 2936 dore
388 2880 592 2932 concelebratus
618 2893 678 2932 esse
705 2882 822 2934 videtur:
862 2883 914 2946 na),
933 2883 960 2931 et
976 2880 1087 2932 demum
1103 2882 1139 2932 ad
1154 2895 1310 2947 vesperam,
1329 2883 1385 2936 sole

298 2956 332 3006 ci.
352 2957 464 3007 Dionem
486 2955 531 3016 tt,
553 2956 581 3006 8:
611 2953 668 3024 lltqr
687 2954 718 3008 δὲ
741 2953 777 3024 δὴ
796 2959 826 3009 οἱ
861 2955 914 3008 iarn
932 2956 966 3006 ad
984 2968 1111 3008 occasum
1131 2961 1271 3021 vergente,
1295 2960 1385 3023 ltaque

298 3025 481 3101 ἀγορανόμοι
512 3028 705 3103 ἱπποδρομίαν
735 3047 766 3083 τε
793 3032 825 3085 ἐν
862 3031 1023 3094 negotiatus
1036 3029 1068 3081 ad
1081 3031 1386 3099 tinemperdncarepo—

299 3110 360 3168 τοῖς
386 3102 439 3157 τοῦ
468 3099 637 3172 Αὐγούστου
667 3106 823 3174 γενεθλίοις
861 3107 950 3156 teris.»
980 3107 1104 3156 liomanis
1126 3106 1195 3156 inter
1217 3107 1312 3158 horam
1334 3123 1386 3160 nn·

299 3181 349 3231 καὶ
373 3179 484 3251 θηριων
509 3177 627 3248 σφαγὰς
653 3179 822 3248 ἐποίησαν.»
861 3181 995 3232 decimam
1023 3183 1050 3231 et
1078 3180 1279 3244 duodecimam,
1308 3182 1386 3234 nobis

300 3258 399 3308 Farina
416 3258 443 3306 F.
457 3258 488 3306 ll.
501 3270 528 3321 p.
541 3257 599 3308 sot.
861 3270 955 3308 mense
972 3255 1124 3322 septembri
1141 3259 1255 3308 exeunte
1272 3257 1324 3309 sub
1335 3258 1387 3309 ho-

333 3331 388 3381 t-3.
415 3331 444 3381 St
456 3335 527 3392 potes
543 3332 606 3397 cet]
625 3333 666 3383 «si
684 3334 761 3399 potes
773 3333 824 3384 hoc
861 3345 920 3382 ram
937 3331 1088 3396 septimam.
1118 3331 1158 3381 ct.
1177 3333 1230 3382 Sat.
1247 3333 1277 3394 2,
1296 3333 1324 3394 4,
1343 3332 1385 3384 33.

300 3406 349 3458 abs
366 3409 393 3456 te
413 3407 570 3470 impetrare,
598 3409 628 3457 ut
648 3421 756 3460 mecum
778 3421 825 3458 ac-
895 3407 946 3458 4-4.
965 3406 1065 3470 imm]
1077 3406 1388 3474 sc.consule.lul.capi-

300 3480 412 3532 cumbas
430 3483 498 3530 cetu
528 3481 566 3532 ct.
586 3481 668 3546 Epod.
683 3483 713 3545 9,
733 3483 773 3534 44.
795 3509 822 3520 -
861 3480 907 3531 tol.
919 3481 973 3531 vita
986 3481 1083 3531 Per-tin.
1097 3480 1125 3532 i:
1144 3482 1328 3542 anuscanae
1343 3483 1388 3534 ite·

299 3555 449 3620 mustea]
473 3558 503 3605 ut
523 3555 571 3606 Od.
589 3556 620 3617 3,
644 3557 672 3619 3,
692 3559 732 3608 44.
752 3559 823 3610 idern
860 3556 1274 3620 mm,umlinonsoctsuest.
1291 3557 1387 3608 lista-

299 3629 373 3696 quod
389 3629 543 3681 amuclero.
558 3657 585 3666 -
598 3631 734 3695 Archiacis]
747 3633 825 3684 «sirn-
861 3629 932 3681 tilius
946 3630 1048 3682 Taurus
1065 3632 1096 3681 44.
1112 3643 1174 3682 curn
1189 3631 1308 3695 Augusto
1320 3632 1385 3682 41444.

300 3705 413 3772 plicibus
434 3704 557 3768 quidem,
584 3705 634 3757 sed
660 3707 737 3757 simul
760 3709 825 3759 satis
862 3705 1103 3756 cosenciae.
1125 3732 1152 3741 -
1172 3706 1273 3770 minuo]
1290 3719 1324 3757 ex
1337 3707 1388 3757 do-

300 3779 466 3844 elegnntibus
483 3778 507 3842 (a
525 3781 671 3832 rusticitate
688 3785 761 3832 certe
785 3782 825 3832 at·
861 3778 902 3830 liis
919 3779 946 3829 in
963 3777 1060 3837 cados,
1079 3778 1150 3830 unde
1168 3780 1261 3830 notiori
1278 3781 1389 3846 opponi·

301 3855 423 3908 lactanda
431 3855 598 3907 abhorrebat
608 3855 825 3920 Horatiusl,qun-
861 3855 906 3904 tur
921 3855 1013 3904 vinum
1030 3853 1157 3917 4444444444.
1186 3857 1284 3906 Contra
1301 3857 1388 3920 namn

299 3931 339 3983 les
355 3930 474 3982 vendere
496 3929 565 3981 solet
584 3929 725 3992 Archias»
750 3929 825 3982 taber
861 3930 930 3980 ditur
950 3930 1042 3980 vinum
1064 3941 1097 3979 ex
1118 3931 1223 3980 cratere
1245 3931 1271 3980 in
1292 3929 1387 3996 pocula

300 4005 424 4058 leotarius
448 4007 548 4057 Romae
574 4007 638 4056 tunc
663 4007 750 4057 notus.
783 4007 822 4058 Ct.
862 4007 890 4056 et
906 4008 1021 4070 pateras.
1051 4002 1104 4054 Cir.
1118 4005 1171 4054 Sat.
1184 4005 1212 4066 Ξ,
1225 4005 1255 4068 2,
1274 4005 1314 4056 58.
1342 4005 1388 4056 Vi-

299 4081 405 4130 Sotcriet
421 4081 495 4131 tactos
506 4081 577 4145 apud
589 4077 653 4130 Geli.
668 4080 714 4142 ta,
733 4081 762 4144 2,
783 4083 822 4131 tt.
862 4092 926 4131 num
943 4080 1021 4144 igitur
1037 4079 1089 4130 hoc
1106 4080 1164 4130 erat
1180 4091 1229 4130 sex
1245 4092 1386 4141 annorum,

298 4155 423 4206 Pausiaca
438 4155 530 4206 tabella
546 4156 600 4206 Sat.
617 4155 647 4216 t,
665 4156 693 4216 4,
712 4155 752 4204 et.
784 4155 825 4206 si·
862 4167 910 4220 pro
927 4152 1018 4206 italico
1035 4155 1099 4206 satis
1110 4167 1220 4218 moena,
1240 4156 1274 4206 ita
1286 4157 1387 4214 tamem

300 4228 370 4280 milia
392 4229 427 4282 ad
453 4232 559 4282 nomina
581 4229 615 4280 ab
641 4229 824 4282 inventoribus
861 4230 891 4280 ut
916 4231 942 4280 in
965 4228 1077 4295 simplici
1104 4228 1185 4281 domo
1208 4231 1266 4282 sine
1291 4230 1388 4286 nimiae

299 4303 341 4354 vel
358 4303 498 4370 opificibus
515 4305 628 4369 repetita
645 4305 697 4356 hoc
716 4319 823 4370 quoque
861 4305 1041 4370 parcimoniae
1054 4318 1086 4355 ac
1101 4305 1221 4356 sordium
1240 4303 1390 4370 reprehen-
