3116 4968
570 403 632 454 um.
650 403 681 454 u.
716 405 784 457 sir.
804 407 823 456 t.
1185 403 1248 472 499

201 559 312 636 Dives,
337 559 446 646 inops,
470 561 605 640 Romae,
631 581 691 626 seu
713 559 779 628 lors
802 561 845 628 ita
867 561 1012 639 iusserit,
1036 561 1142 640 exsul,

202 681 356 768 Quisquis
380 681 441 748 erit
462 680 562 758 vitae,
586 680 742 760 scribam,
766 681 865 749 color.
910 685 940 750 Ο
962 703 1058 771 puer,
1082 695 1118 750 ut
1139 684 1184 751 sis
1206 684 1248 752 60

200 802 320 880 vitalis,
344 813 454 869 metuo
477 803 689 870 etmalorum
711 803 848 892 nequis
870 804 993 871 amicus

199 925 331 1011 Frigore
353 933 385 992 te
406 924 507 990 ierint.
552 926 654 1006 Quid,
679 945 753 994 cum
773 935 824 992 est
844 925 986 992 Lucilius
1008 946 1108 994 ausus

198 1047 325 1112 Primus
348 1046 381 1110 in
403 1043 488 1112 hunc
510 1048 620 1134 operis
643 1067 840 1136 componere
861 1050 1003 1116 carmina
1025 1069 1159 1128 morem,

198 1165 378 1234 Detrahere
400 1176 434 1234 et
454 1166 587 1255 pellem,
611 1168 731 1236 nitidus
753 1190 819 1257 qua
840 1170 980 1258 quisque
1002 1191 1062 1258 per
1083 1191 1141 1238 ora

199 1287 357 1365 Cederet‚
382 1288 556 1356 introrsum
577 1291 695 1378 turpis,
719 1313 796 1356 num
817 1291 946 1358 Laelius
969 1302 1024 1358 aut
1045 1292 1101 1381 qui
1205 1295 1247 1360 65

196 1410 295 1476 Duxit
316 1409 358 1476 ab
380 1429 540 1498 oppressa
561 1412 710 1480 meritum
733 1411 926 1500 Karthagine
948 1434 1081 1492 nomen,

221 1580 262 1630 ⁵9.
280 1582 381 1632 44444444
397 1580 534 1645 bScp‚LCt
551 1583 578 1632 et
593 1580 742 1633 Bantletns:
761 1583 847 1632 4444444
863 1595 879 1633 e
897 1583 981 1634 Codd.
995 1585 1107 1646 exiguae
1124 1587 1215 1636 aucto

187 1656 273 1706 ritatis
298 1657 351 1706 fit.
381 1683 408 1692 -
435 1657 475 1707 63.
502 1658 529 1706 io
553 1658 619 1706 icoc
638 1683 653 1694 -
671 1683 686 1694 -
703 1657 814 1719 fmntom
838 1657 983 1709 Markland.
1003 1686 1030 1694 -
1050 1659 1091 1709 65.
1110 1663 1155 1708 out
1171 1660 1215 1720 qui

187 1730 319 1792 bSc,LCt:
338 1735 362 1781 ct
379 1731 422 1794 qui
439 1745 472 1781 ex
489 1730 575 1782 tribus
592 1731 677 1782 Godd.
697 1732 759 1795 (ικν)
777 1731 926 1794 Bentleius,
944 1733 996 1785 Fit.

151 1881 221 1932 44444
235 1881 320 1940 color;
346 1880 396 1931 sed
418 1881 526 1932 inverso
543 1879 636 1931 ordine
654 1894 679 1930 v.
720 1878 760 1930 48.
782 1907 809 1917 -
822 1881 925 1944 morem]
939 1881 1007 1931 Cum
1019 1881 1177 1946 saepissime
1189 1883 1246 1933 iun·

152 1955 263 2006 4444444
291 1956 436 2006 maximam
464 1956 536 2006 arsin
563 1967 681 2018 sequeus
719 1957 815 2017 gantur
838 1968 882 2004 vv.
900 1968 955 2004 mos
977 1956 1113 2018 modusqioe
1139 1956 1195 2019 (Od.
1214 1956 1244 2020 4,

153 2027 238 2082 multo
250 2028 436 2080 fiteitlcacius.
456 2027 622 2080 Simillimum
633 2031 683 2094 hy·
719 2029 749 2088 4,
768 2029 830 2090 44),
849 2028 893 2078 hic
909 2026 1065 2092 simpliciter
1080 2043 1176 2080 morem
1194 2043 1246 2094 po-

153 2103 287 2168 perbatou
305 2104 458 2164 4448442,
476 2103 507 2165 3,
526 2105 592 2154 itt:
613 2104 682 2154 dioc
719 2103 772 2152 suit
788 2103 928 2167 promodo
945 2104 1077 2166 stoma,
1096 2103 1243 2164 thuintil.

154 2179 679 2243 accommodatissimam.
718 2175 746 2238 4,
767 2178 797 2238 4,
815 2176 866 2229 ta:
883 2178 1052 2240 materiasque
1068 2177 1117 2240 ipsi
1133 2177 1179 2228 sibi
1193 2181 1246 2244 4444-

157 2281 183 2290 -
201 2252 281 2316 cotor]
299 2252 374 2302 Conl.
391 2253 456 2317 Epp.
475 2255 502 2314 4,
522 2253 568 2314 44,
588 2252 630 2304 43.
716 2257 780 2315 quant
796 2257 820 2303 ot
840 2253 875 2302 ad
896 2265 991 2302 morem
1007 2253 1136 2302 actionum
1155 2267 1244 2315 porse·

186 2327 680 2390 audacemqsmiuvenemnmicc
718 2332 837 2389 quantur.
866 2353 895 2364 -
919 2327 1009 2389 pellem
1026 2327 1089 2391 cet]
1109 2329 1243 2392 «speeiem

154 2398 297 2464 alloquitur
313 2405 390 2463 pater
407 2401 440 2464 (v.
458 2401 509 2463 44.)
527 2401 678 2463 Trebatius,
717 2403 882 2452 exornem.»
912 2401 965 2452 Cir.
979 2401 1068 2452 locum
1080 2399 1244 2454 simillimum

155 2463 230 2526 odius
256 2477 325 2526 haec
350 2475 433 2526 verba
456 2479 518 2526 sunt
542 2475 680 2539 usquead
718 2475 783 2540 Epp.
798 2477 825 2536 4,
846 2476 889 2536 46,
909 2476 956 2527 tt:
974 2478 1115 2526 introrsum
1131 2481 1241 2542 minan,

154 2564 212 2601 voc.
230 2551 318 2614 [44444.
339 2577 366 2587 -
389 2551 623 2615 Vitotts1pr.«qui
645 2551 679 2600 ad
717 2552 854 2612 speciosum
874 2551 940 2612 peto
964 2552 1064 2600 decoro.
1085 2575 1112 2587 -
1131 2551 1241 2616 44444444]

154 2625 252 2676 diutius
270 2625 416 2676 vivendum
432 2626 496 2676 satis
514 2626 610 2688 vigoris
630 2626 680 2676 ha·
716 2625 885 2688 qleisscod.
899 2626 976 2676 Voss.
989 2626 1132 2690 -perorcl
1145 2628 1242 2678 civium

154 2699 227 2751 bet.»
257 2701 312 2750 «Na
338 2701 390 2750 cito
416 2713 526 2763 pereas,
554 2703 678 2758 metum»
716 2698 850 2763 spopuli:
866 2714 929 2750 44444
940 2701 1048 2750 Solon.»
1076 2699 1171 2752 Solust.
1186 2703 1240 2765 lug.

153 2777 202 2825 444
217 2775 351 2838 swelle,
369 2776 407 2823 du
424 2775 547 2824 troidest
558 2774 681 2825 44444444
716 2773 761 2822 at:
778 2775 1243 2838 ioccduotpcrorovestramoqniflm'

154 2851 250 2914 tonqe.
286 2849 347 2899 Sine
366 2849 463 2912 ligura:
493 2849 622 2910 «Vereor,
645 2861 679 2900 ne
717 2848 768 2897 cet.
793 2849 883 2899 lustin.
898 2849 943 2908 46,
961 2849 991 2909 5,
1010 2850 1040 2898 a:
1058 2849 1140 2898 victor
1155 2853 1244 2909 turan-

155 2937 250 2974 omnes
267 2923 395 2973 irritando
413 2925 451 2974 tot
467 2925 607 2986 mnusque
620 2935 680 2973 mo-
716 2935 763 2971 nus
786 2923 898 2983 captiuos
921 2927 1047 2972 smotores
1070 2923 1098 2972 iu
1123 2923 1243 2985 triumphi

154 2997 243 3049 lestias
261 2997 366 3060 capias,
385 2999 415 3046 ut
431 3001 484 3047 tam
496 2999 628 3060 ingratam
638 2998 679 3046 vi·
716 2997 817 3046 modian
830 3008 878 3057 per
894 3009 942 3045 oro
952 2996 1046 3044 civium
1062 2997 1148 3046 troltt.
1162 3023 1188 3034 -
1200 2997 1244 3048 Ce-

154 3077 207 3124 tam
226 3074 286 3137 ipse
307 3071 488 3122 detestaturos
509 3072 572 3122 sis.»
602 3070 677 3122 cont.
716 3071 792 3133 deret]
810 3068 892 3120 Plaut.
906 3070 966 3120 Cas.
981 3071 1008 3130 Ξ,
1027 3069 1058 3130 8,
1078 3069 1121 3119 4οε
1139 3070 1243 3122 Ateco-

155 3148 231 3198 llom.
245 3145 319 3197 lliad.
333 3161 367 3207 σ,
386 3146 434 3196 95:
461 3140 625 3216 Ώκύμορος
642 3141 678 3210 δή
715 3145 815 3194 didatus
834 3145 898 3194 cedit
921 3145 960 3194 lito
982 3145 1111 3208 motttqto.
1141 3147 1238 3196 Pseud.

153 3235 217 3286 μοι,
229 3223 330 3284 τέκος,
343 3214 458 3283 ἔσσεαι,
471 3213 508 3270 οἳ
518 3215 675 3291 ἀγορεύεις.
716 3220 744 3280 4,
763 3219 792 3278 3,
811 3217 855 3269 ll:
877 3219 963 3268 lconis
979 3219 1051 3268 44444.
1080 3219 1149 3269 lbid.
1162 3218 1191 3281 4,
1211 3221 1239 3282 4,

155 3323 182 3334 -
205 3297 335 3346 motorum
359 3297 422 3358 oet]
449 3308 498 3346 «ne
524 3294 620 3359 aliquis
645 3308 678 3344 ex
715 3291 761 3344 ta:
780 3307 813 3342 ee
829 3298 971 3343 transuerso
987 3293 1063 3355 44444,
1082 3295 1156 3356 quo-ri
1174 3307 1239 3342 con-

154 3369 349 3436 petentiorihus
380 3371 474 3420 amicis
506 3369 678 3433 refrigeratus
713 3382 756 3417 cer
771 3369 839 3418 solet.
859 3395 887 3405 -
904 3367 1012 3431 44444444]
1031 3369 1060 3419 C.
1075 3367 1179 3419 Laelius
1194 3369 1241 3420 Sa·

153 3459 183 3498 se
203 3445 254 3497 abs
277 3449 304 3497 ta
327 3445 461 3496 abalienet
479 3445 677 3508 amicitiamque
714 3445 804 3508 piens,
824 3455 879 3494 cos.
893 3456 918 3493 a.
932 3456 958 3494 u.
972 3457 996 3493 c.
1007 3442 1064 3494 4444.
1094 3443 1150 3494 lloc
1162 3443 1239 3496 dicit:

154 3521 199 3572 tibi
220 3522 382 3572 renuntiet.»
411 3523 530 3572 imitatus
548 3523 590 3572 est
611 3522 678 3571 Per·
714 3517 868 3568 «sedeatis
891 3530 954 3568 eum
976 3518 1063 3582 Scipio
1084 3520 1112 3568 et
1135 3517 1239 3568 Laelius

153 3597 208 3647 4444
229 3599 257 3656 4,
281 3596 341 3645 tot:
374 3595 423 3646 Sed
444 3597 505 3658 quid
523 3607 586 3658 opus
610 3600 678 3646 44444-
714 3593 777 3642 sunt
795 3591 882 3652 tutati,
906 3593 944 3642 uti
961 3592 1026 3643 milii
1046 3605 1117 3642 nunc
1135 3593 1241 3657 praesi-

152 3683 196 3722 rot
211 3671 328 3720 mordaci
345 3671 437 3720 rodere
450 3683 510 3720 coro
528 3669 679 3720 Anniculae?
715 3667 758 3717 dio
775 3666 905 3718 adversus
930 3667 1035 3730 iniquos
1061 3679 1136 3716 meos
1162 3668 1242 3717 erunt

156 3745 213 3795 4444
228 3746 452 3795 mumolum
477 3744 521 3794 4444
543 3744 609 3806 [orte
633 3745 678 3793 Lt—
715 3743 815 3792 Caesar
842 3743 869 3792 ct
886 3743 1053 3794 Maecenas.»
1074 3767 1101 3776 -
1120 3745 1166 3790 out
1187 3739 1240 3804 qut]

152 3821 222 3870 mito
241 3819 388 3883 friqetcoitt.
417 3821 519 3870 Seneca
545 3819 592 3883 Ep.
611 3819 675 3868 taa:
714 3817 770 3866 iton
796 3829 890 3868 verum
919 3818 974 3877 est,
1005 3814 1078 3878 quod
1103 3815 1241 3864 contendit

152 3896 288 3946 4444444444
303 3895 417 3955 ludiim,
441 3893 576 3943 4444444444
589 3895 676 3955 poeto,
714 3890 860 3950 Bentleius‚
879 3894 941 3956 post
952 3896 997 3942 out
1008 3891 1052 3953 qui
1063 3889 1239 3942 scribendum

151 3973 175 4019 44
189 3970 304 4019 amicitia
326 3969 414 4020 Tiberii
435 3973 509 4019 notus
527 3973 550 4018 et
569 3967 674 4031 srtqore.
714 3967 812 4017 luisse:
831 3968 937 4029 offensio
952 3993 967 4004 -
983 3991 997 4002 -
1015 3966 1101 4016 doluit
1134 3965 1189 4016 Cic.
1203 3965 1238 4016 de

105 4031 110 4042 '
152 4045 237 4108 Prope
254 4041 366 4093 ridicule
383 4055 426 4092 vv.
442 4042 677 4107 Friqorotoforiot
714 4041 830 4102 Ollict,
849 4041 895 4103 44,
915 4040 979 4092 tta:
1009 4041 1107 4103 siquid
1123 4041 1240 4090 84444444

152 4115 285 4183 explicant
309 4115 489 4168 Scholiastae:
521 4117 623 4168 «morte
649 4119 675 4168 te
713 4121 760 4166 out
774 4116 1015 4180 Artntppiocmtra
1030 4127 1240 4166 4444444444-

152 4191 262 4251 alliciat.
280 4204 351 4256 quae
367 4191 460 4255 frigida
475 4195 542 4242 est·
713 4191 871 4252 iudicemque
890 4190 988 4240 civitem
1009 4190 1113 4251 fecerint
1135 4190 1241 4240 44444444

183 4267 273 4318 63-64.
300 4265 408 4330 44444444]
425 4265 477 4318 Cir.
499 4267 552 4316 Sat.
576 4267 604 4328 4,
627 4267 673 4328 40,
712 4263 1036 4329 44,-4444444444]
1055 4263 1103 4316 Od.
1117 4264 1142 4328 4,
1155 4263 1180 4327 8,
1195 4263 1235 4314 ld:
