<?xml version="1.0" encoding="UTF-8"?>
<!DOCTYPE html PUBLIC "-//W3C//DTD XHTML 1.0 Transitional//EN"
    "http://www.w3.org/TR/xhtml1/DTD/xhtml1-transitional.dtd">
<html xmlns="http://www.w3.org/1999/xhtml" xml:lang="en" lang="en">
 <head>
  <title>
</title>
<meta http-equiv="Content-Type" content="text/html;charset=utf-8" />
  <meta name='ocr-system' content='tesseract 3.04.00' />
  <meta name='ocr-capabilities' content='ocr_page ocr_carea ocr_par ocr_line ocrx_word'/>
</head>
<body>
  <div class='ocr_page' id='page_1' title='image "./qhoratiusflaccu01baitgoog_0653.png"; bbox 0 0 3174 4974; ppageno 0'>
   <div class='ocr_carea' id='block_1_1' title="bbox 310 447 1043 512">
    <p class='ocr_par' dir='ltr' id='par_1_1' title="bbox 310 447 1043 512">
     <span class='ocr_line' id='line_1_1' title="bbox 310 447 1043 512; baseline -0.02 1"><span class='ocrx_word' id='word_1_1' title='bbox 310 451 371 512; x_wconf 83' lang='lat' dir='ltr'><strong>oto</strong></span> <span class='ocrx_word' id='word_1_2' title='bbox 676 447 1043 501; x_wconf 74' lang='lat' dir='ltr'><strong>uonlrnsusromnuu</strong></span> 
     </span>
    </p>
   </div>
   <div class='ocr_carea' id='block_1_2' title="bbox 352 603 1405 1058">
    <p class='ocr_par' dir='ltr' id='par_1_2' title="bbox 352 603 1336 813">
     <span class='ocr_line' id='line_1_2' title="bbox 353 603 1335 693; baseline -0.002 -21"><span class='ocrx_word' id='word_1_3' title='bbox 353 605 447 686; x_wconf 83' lang='lat' dir='ltr'><strong>Quod</strong></span> <span class='ocrx_word' id='word_1_4' title='bbox 471 605 544 693; x_wconf 86' lang='lat' dir='ltr'><strong>quis</strong></span> <span class='ocrx_word' id='word_1_5' title='bbox 567 603 706 679; x_wconf 77' lang='lat' dir='ltr'>deridet,</span> <span class='ocrx_word' id='word_1_6' title='bbox 731 625 829 690; x_wconf 89' lang='lat' dir='ltr'><strong>quam</strong></span> <span class='ocrx_word' id='word_1_7' title='bbox 851 603 940 690; x_wconf 88' lang='lat' dir='ltr'><strong>quod</strong></span> <span class='ocrx_word' id='word_1_8' title='bbox 963 603 1078 690; x_wconf 88' lang='lat' dir='ltr'><strong>probat</strong></span> <span class='ocrx_word' id='word_1_9' title='bbox 1099 614 1132 670; x_wconf 90' lang='lat' dir='ltr'><strong>et</strong></span> <span class='ocrx_word' id='word_1_10' title='bbox 1154 615 1335 672; x_wconf 85' lang='lat' dir='ltr'><strong>veneratur.</strong></span> 
     </span>
     <span class='ocr_line' id='line_1_3' title="bbox 352 724 1336 813; baseline -0.003 -18"><span class='ocrx_word' id='word_1_11' title='bbox 352 728 534 795; x_wconf 88' lang='lat' dir='ltr'><strong>Nilmoror</strong></span> <span class='ocrx_word' id='word_1_12' title='bbox 555 725 708 800; x_wconf 81' lang='lat' dir='ltr'><strong>officium,</strong></span> <span class='ocrx_word' id='word_1_13' title='bbox 732 724 822 812; x_wconf 89' lang='lat' dir='ltr'><strong>quod</strong></span> <span class='ocrx_word' id='word_1_14' title='bbox 846 746 898 792; x_wconf 88' lang='lat' dir='ltr'><strong>me</strong></span> <span class='ocrx_word' id='word_1_15' title='bbox 921 735 1047 812; x_wconf 83' lang='lat' dir='ltr'><strong>gravat,</strong></span> <span class='ocrx_word' id='word_1_16' title='bbox 1072 745 1110 792; x_wconf 86' lang='lat' dir='ltr'><strong>ao</strong></span> <span class='ocrx_word' id='word_1_17' title='bbox 1132 747 1239 813; x_wconf 87' lang='lat' dir='ltr'><strong>noque</strong></span> <span class='ocrx_word' id='word_1_18' title='bbox 1261 725 1336 792; x_wconf 83' lang='lat' dir='ltr'><strong>licto</strong></span> 
     </span>
    </p>

    <p class='ocr_par' dir='ltr' id='par_1_3' title="bbox 354 846 1405 1058">
     <span class='ocr_line' id='line_1_4' title="bbox 354 846 1405 937; baseline -0.003 -22"><span class='ocrx_word' id='word_1_19' title='bbox 354 852 388 915; x_wconf 88' lang='lat' dir='ltr'><strong>ln</strong></span> <span class='ocrx_word' id='word_1_20' title='bbox 411 849 505 937; x_wconf 90' lang='lat' dir='ltr'><strong>peius</strong></span> <span class='ocrx_word' id='word_1_21' title='bbox 527 847 613 914; x_wconf 88' lang='lat' dir='ltr'><strong>voltu</strong></span> <span class='ocrx_word' id='word_1_22' title='bbox 636 846 773 934; x_wconf 90' lang='lat' dir='ltr'><strong>proponi</strong></span> <span class='ocrx_word' id='word_1_23' title='bbox 796 866 913 913; x_wconf 88' lang='lat' dir='ltr'><strong>cereus</strong></span> <span class='ocrx_word' id='word_1_24' title='bbox 935 867 1089 934; x_wconf 84' lang='lat' dir='ltr'><strong>usquam,</strong></span> <span class='ocrx_word' id='word_1_25' title='bbox 1335 849 1405 914; x_wconf 63' lang='lat'><strong>265</strong></span> 
     </span>
     <span class='ocr_line' id='line_1_5' title="bbox 354 967 1108 1058; baseline -0.001 -21"><span class='ocrx_word' id='word_1_26' title='bbox 354 973 419 1037; x_wconf 87' lang='lat' dir='ltr'><strong>Neo</strong></span> <span class='ocrx_word' id='word_1_27' title='bbox 442 991 541 1058; x_wconf 87' lang='lat' dir='ltr'><strong>prave</strong></span> <span class='ocrx_word' id='word_1_28' title='bbox 564 969 654 1036; x_wconf 86' lang='lat' dir='ltr'><strong>lactis</strong></span> <span class='ocrx_word' id='word_1_29' title='bbox 677 967 824 1036; x_wconf 85' lang='lat' dir='ltr'><strong>decorari</strong></span> <span class='ocrx_word' id='word_1_30' title='bbox 847 968 996 1035; x_wconf 86' lang='lat' dir='ltr'><strong>versibus</strong></span> <span class='ocrx_word' id='word_1_31' title='bbox 1019 979 1108 1056; x_wconf 90' lang='lat' dir='ltr'><strong>opto,</strong></span> 
     </span>
    </p>
   </div>
   <div class='ocr_carea' id='block_1_3' title="bbox 344 1165 1371 1381">
    <p class='ocr_par' dir='ltr' id='par_1_4' title="bbox 344 1165 1371 1381">
     <span class='ocr_line' id='line_1_6' title="bbox 378 1165 1370 1231; baseline -0.002 -12"><span class='ocrx_word' id='word_1_32' title='bbox 378 1169 435 1219; x_wconf 75' lang='lat'>265.</span> <span class='ocrx_word' id='word_1_33' title='bbox 454 1180 567 1229; x_wconf 81' lang='lat' dir='ltr'><strong>unquam</strong></span> <span class='ocrx_word' id='word_1_34' title='bbox 583 1167 693 1231; x_wconf 88' lang='lat' dir='ltr'><strong>quartus</strong></span> <span class='ocrx_word' id='word_1_35' title='bbox 711 1165 846 1215; x_wconf 84' lang='lat' dir='ltr'><strong>Schmidii.</strong></span> <span class='ocrx_word' id='word_1_36' title='bbox 868 1193 894 1201; x_wconf 89' lang='lat'>-</span> <span class='ocrx_word' id='word_1_37' title='bbox 913 1165 1218 1228; x_wconf 66' lang='lat' dir='ltr'><strong>268.proteoi1aLexic.</strong></span> <span class='ocrx_word' id='word_1_38' title='bbox 1237 1170 1291 1218; x_wconf 90' lang='lat' dir='ltr'><strong>Lat.</strong></span> <span class='ocrx_word' id='word_1_39' title='bbox 1309 1169 1370 1220; x_wconf 83' lang='lat' dir='ltr'><strong>Maii</strong></span> 
     </span>
     <span class='ocr_line' id='line_1_7' title="bbox 344 1239 1371 1310; baseline -0.003 -15"><span class='ocrx_word' id='word_1_40' title='bbox 344 1259 371 1310; x_wconf 90' lang='lat' dir='ltr'><strong>p.</strong></span> <span class='ocrx_word' id='word_1_41' title='bbox 385 1243 440 1295; x_wconf 76' lang='lat' dir='ltr'><strong>ist.</strong></span> <span class='ocrx_word' id='word_1_42' title='bbox 457 1273 483 1280; x_wconf 87' lang='lat'><strong>—</strong></span> <span class='ocrx_word' id='word_1_43' title='bbox 503 1247 593 1305; x_wconf 83' lang='lat' dir='ltr'><strong>operta</strong></span> <span class='ocrx_word' id='word_1_44' title='bbox 610 1241 653 1304; x_wconf 88' lang='lat' dir='ltr'><strong>Sd,</strong></span> <span class='ocrx_word' id='word_1_45' title='bbox 675 1239 870 1291; x_wconf 82' lang='lat' dir='ltr'><strong>unusPottierii</strong></span> <span class='ocrx_word' id='word_1_46' title='bbox 888 1241 927 1300; x_wconf 86' lang='lat' dir='ltr'><strong>(N.</strong></span> <span class='ocrx_word' id='word_1_47' title='bbox 940 1240 1002 1302; x_wconf 63' lang='lat' dir='ltr'><strong>ab),</strong></span> <span class='ocrx_word' id='word_1_48' title='bbox 1022 1240 1246 1304; x_wconf 75' lang='lat' dir='ltr'><strong>Guelferbytanus</strong></span> <span class='ocrx_word' id='word_1_49' title='bbox 1264 1243 1371 1292; x_wconf 84' lang='lat' dir='ltr'><strong>Schmi-</strong></span> 
     </span>
     <span class='ocr_line' id='line_1_8' title="bbox 345 1314 1368 1381; baseline -0.003 -12"><span class='ocrx_word' id='word_1_50' title='bbox 345 1320 392 1381; x_wconf 85' lang='lat' dir='ltr'><strong>dii,</strong></span> <span class='ocrx_word' id='word_1_51' title='bbox 413 1314 777 1379; x_wconf 75' lang='lat' dir='ltr'><strong>Lts:operto1³orph.,bc,</strong></span> <span class='ocrx_word' id='word_1_52' title='bbox 800 1316 908 1378; x_wconf 87' lang='lat' dir='ltr'><strong>praeter</strong></span> <span class='ocrx_word' id='word_1_53' title='bbox 930 1327 1013 1364; x_wconf 92' lang='lat' dir='ltr'><strong>unum</strong></span> <span class='ocrx_word' id='word_1_54' title='bbox 1039 1314 1111 1365; x_wconf 91' lang='lat' dir='ltr'><strong>illum</strong></span> <span class='ocrx_word' id='word_1_55' title='bbox 1134 1317 1216 1366; x_wconf 83' lang='lat' dir='ltr'><strong>ceteri</strong></span> <span class='ocrx_word' id='word_1_56' title='bbox 1240 1319 1368 1378; x_wconf 71' lang='lat' dir='ltr'><strong>poitiers,</strong></span> 
     </span>
    </p>
   </div>
   <div class='ocr_carea' id='block_1_4' title="bbox 276 1475 1409 4384">
    <p class='ocr_par' dir='ltr' id='par_1_5' title="bbox 276 1475 1409 4384">
     <span class='ocr_line' id='line_1_9' title="bbox 312 1475 1406 1554; baseline -0.002 -17"><span class='ocrx_word' id='word_1_57' title='bbox 312 1487 346 1537; x_wconf 90' lang='lat' dir='ltr'><strong>ab</strong></span> <span class='ocrx_word' id='word_1_58' title='bbox 359 1485 511 1536; x_wconf 89' lang='lat' dir='ltr'><strong>hominibus</strong></span> <span class='ocrx_word' id='word_1_59' title='bbox 522 1483 630 1546; x_wconf 78' lang='lat' dir='ltr'><strong>festivis)</strong></span> <span class='ocrx_word' id='word_1_60' title='bbox 644 1483 726 1534; x_wconf 88' lang='lat' dir='ltr'><strong>edisci</strong></span> <span class='ocrx_word' id='word_1_61' title='bbox 738 1495 770 1532; x_wconf 87' lang='lat' dir='ltr'><strong>ac</strong></span> <span class='ocrx_word' id='word_1_62' title='bbox 781 1494 837 1531; x_wconf 88' lang='lat' dir='ltr'><strong>me·</strong></span> <span class='ocrx_word' id='word_1_63' title='bbox 876 1496 923 1532; x_wconf 81' lang='grc' dir='ltr'>σιν</span> <span class='ocrx_word' id='word_1_64' title='bbox 940 1475 962 1546; x_wconf 80' lang='grc' dir='ltr'><em>ἢ</em></span> <span class='ocrx_word' id='word_1_65' title='bbox 977 1479 1110 1554; x_wconf 77' lang='grc' dir='ltr'><em>γράψασι</em></span> <span class='ocrx_word' id='word_1_66' title='bbox 1126 1485 1231 1548; x_wconf 78' lang='grc' dir='ltr'><strong><em>ζημίαν</em></strong></span> <span class='ocrx_word' id='word_1_67' title='bbox 1242 1479 1276 1533; x_wconf 81' lang='grc' dir='ltr'><strong>τὸ</strong></span> <span class='ocrx_word' id='word_1_68' title='bbox 1288 1486 1406 1551; x_wconf 74' lang='grc' dir='ltr'><em>τίμημα</em></span> 
     </span>
     <span class='ocr_line' id='line_1_10' title="bbox 312 1553 1406 1627; baseline -0.004 -14"><span class='ocrx_word' id='word_1_69' title='bbox 312 1564 396 1614; x_wconf 88' lang='lat' dir='ltr'><strong>moria</strong></span> <span class='ocrx_word' id='word_1_70' title='bbox 430 1562 515 1611; x_wconf 88' lang='lat' dir='ltr'><strong>teneri</strong></span> <span class='ocrx_word' id='word_1_71' title='bbox 541 1572 621 1623; x_wconf 89' lang='lat' dir='ltr'><strong>quam</strong></span> <span class='ocrx_word' id='word_1_72' title='bbox 647 1557 836 1620; x_wconf 87' lang='lat' dir='ltr'><strong>admirabiles;</strong></span> <span class='ocrx_word' id='word_1_73' title='bbox 875 1553 955 1627; x_wconf 74' lang='grc' dir='ltr'><strong>δρᾴν.</strong></span> <span class='ocrx_word' id='word_1_74' title='bbox 978 1585 1004 1594; x_wconf 92' lang='grc'>-</span> <span class='ocrx_word' id='word_1_75' title='bbox 1019 1558 1406 1622; x_wconf 75' lang='lat' dir='ltr'><strong>propontoeretcs1Cl.Sat.2,</strong></span> 
     </span>
     <span class='ocr_line' id='line_1_11' title="bbox 276 1631 1406 1700; baseline -0.003 -13"><span class='ocrx_word' id='word_1_76' title='bbox 276 1663 277 1667; x_wconf 18' lang='grc' dir='ltr'><strong>κ</strong></span> <span class='ocrx_word' id='word_1_77' title='bbox 313 1651 376 1700; x_wconf 88' lang='lat' dir='ltr'><strong>ergo</strong></span> <span class='ocrx_word' id='word_1_78' title='bbox 399 1638 424 1686; x_wconf 92' lang='lat' dir='ltr'><strong>iu</strong></span> <span class='ocrx_word' id='word_1_79' title='bbox 447 1637 584 1686; x_wconf 86' lang='lat' dir='ltr'><strong>aeternam</strong></span> <span class='ocrx_word' id='word_1_80' title='bbox 605 1633 763 1684; x_wconf 82' lang='lat' dir='ltr'><strong>memorium</strong></span> <span class='ocrx_word' id='word_1_81' title='bbox 781 1631 839 1682; x_wconf 86' lang='lat' dir='ltr'><strong>loe-</strong></span> <span class='ocrx_word' id='word_1_82' title='bbox 875 1632 902 1694; x_wconf 88' lang='grc'><strong>3,</strong></span> <span class='ocrx_word' id='word_1_83' title='bbox 922 1631 981 1682; x_wconf 74' lang='lat' dir='ltr'><strong>aaa:</strong></span> <span class='ocrx_word' id='word_1_84' title='bbox 1010 1635 1102 1683; x_wconf 74' lang='lat' dir='ltr'><strong>canons</strong></span> <span class='ocrx_word' id='word_1_85' title='bbox 1121 1638 1149 1680; x_wconf 82' lang='lat' dir='ltr'><strong>ut</strong></span> <span class='ocrx_word' id='word_1_86' title='bbox 1169 1637 1223 1682; x_wconf 81' lang='lat' dir='ltr'><strong>sies.</strong></span> <span class='ocrx_word' id='word_1_87' title='bbox 1259 1632 1406 1684; x_wconf 72' lang='lat' dir='ltr'>Probabile</span> 
     </span>
     <span class='ocr_line' id='line_1_12' title="bbox 314 1705 1407 1773; baseline -0.004 -11"><span class='ocrx_word' id='word_1_88' title='bbox 314 1713 391 1762; x_wconf 87' lang='lat' dir='ltr'><strong>datus</strong></span> <span class='ocrx_word' id='word_1_89' title='bbox 410 1714 465 1772; x_wconf 90' lang='lat' dir='ltr'><strong>est,</strong></span> <span class='ocrx_word' id='word_1_90' title='bbox 484 1721 565 1772; x_wconf 89' lang='lat' dir='ltr'><strong>quem</strong></span> <span class='ocrx_word' id='word_1_91' title='bbox 583 1705 635 1758; x_wconf 86' lang='lat' dir='ltr'><strong>tale</strong></span> <span class='ocrx_word' id='word_1_92' title='bbox 653 1719 762 1757; x_wconf 86' lang='lat' dir='ltr'><strong>carmen</strong></span> <span class='ocrx_word' id='word_1_93' title='bbox 779 1706 839 1771; x_wconf 90' lang='lat' dir='ltr'><strong>poi·</strong></span> <span class='ocrx_word' id='word_1_94' title='bbox 876 1709 917 1758; x_wconf 91' lang='lat' dir='ltr'><strong>est</strong></span> <span class='ocrx_word' id='word_1_95' title='bbox 933 1709 1033 1759; x_wconf 78' lang='lat' dir='ltr'><strong>Horatii</strong></span> <span class='ocrx_word' id='word_1_96' title='bbox 1047 1708 1214 1773; x_wconf 83' lang='lat' dir='ltr'><strong>temporibus</strong></span> <span class='ocrx_word' id='word_1_97' title='bbox 1226 1721 1320 1759; x_wconf 86' lang='lat' dir='ltr'><strong>cereos</strong></span> <span class='ocrx_word' id='word_1_98' title='bbox 1332 1711 1407 1759; x_wconf 86' lang='lat' dir='ltr'><strong>ima-</strong></span> 
     </span>
     <span class='ocr_line' id='line_1_13' title="bbox 313 1780 1403 1846; baseline -0.004 -8"><span class='ocrx_word' id='word_1_99' title='bbox 313 1787 418 1838; x_wconf 70' lang='lat' dir='ltr'><strong>luem.»</strong></span> <span class='ocrx_word' id='word_1_100' title='bbox 436 1787 497 1836; x_wconf 77' lang='lat' dir='ltr'><strong>Aca.</strong></span> <span class='ocrx_word' id='word_1_101' title='bbox 527 1783 631 1834; x_wconf 84' lang='lat' dir='ltr'><strong>Etenim</strong></span> <span class='ocrx_word' id='word_1_102' title='bbox 651 1781 718 1832; x_wconf 88' lang='lat' dir='ltr'><strong>tales</strong></span> <span class='ocrx_word' id='word_1_103' title='bbox 734 1780 784 1831; x_wconf 89' lang='lat' dir='ltr'><strong>loci</strong></span> <span class='ocrx_word' id='word_1_104' title='bbox 801 1782 838 1831; x_wconf 89' lang='lat' dir='ltr'><strong>ri·</strong></span> <span class='ocrx_word' id='word_1_105' title='bbox 876 1783 952 1844; x_wconf 85' lang='lat' dir='ltr'><strong>gines</strong></span> <span class='ocrx_word' id='word_1_106' title='bbox 968 1783 1087 1832; x_wconf 87' lang='lat' dir='ltr'><strong>virorum</strong></span> <span class='ocrx_word' id='word_1_107' title='bbox 1105 1781 1258 1842; x_wconf 81' lang='lat' dir='ltr'><strong>illustrium,</strong></span> <span class='ocrx_word' id='word_1_108' title='bbox 1286 1783 1403 1846; x_wconf 90' lang='lat' dir='ltr'><strong>ducum,</strong></span> 
     </span>
     <span class='ocr_line' id='line_1_14' title="bbox 313 1856 1408 1922; baseline -0.003 -10"><span class='ocrx_word' id='word_1_109' title='bbox 313 1859 393 1912; x_wconf 90' lang='lat' dir='ltr'><strong>diculi</strong></span> <span class='ocrx_word' id='word_1_110' title='bbox 417 1860 514 1911; x_wconf 86' lang='lat' dir='ltr'><strong>satiras</strong></span> <span class='ocrx_word' id='word_1_111' title='bbox 541 1859 624 1909; x_wconf 88' lang='lat' dir='ltr'><strong>instar</strong></span> <span class='ocrx_word' id='word_1_112' title='bbox 647 1859 709 1906; x_wconf 88' lang='lat' dir='ltr'><strong>sunt</strong></span> <span class='ocrx_word' id='word_1_113' title='bbox 731 1856 757 1906; x_wconf 91' lang='lat' dir='ltr'><strong>in</strong></span> <span class='ocrx_word' id='word_1_114' title='bbox 776 1868 838 1905; x_wconf 90' lang='lat' dir='ltr'><strong>eum</strong></span> <span class='ocrx_word' id='word_1_115' title='bbox 877 1858 1026 1916; x_wconf 86' lang='lat' dir='ltr'><strong>oratorum,</strong></span> <span class='ocrx_word' id='word_1_116' title='bbox 1051 1860 1205 1920; x_wconf 74' lang='lat' dir='ltr'><strong>posterum,</strong></span> <span class='ocrx_word' id='word_1_117' title='bbox 1229 1856 1408 1922; x_wconf 86' lang='lat' dir='ltr'><strong>pbilosopho-</strong></span> 
     </span>
     <span class='ocr_line' id='line_1_15' title="bbox 313 1928 1406 1998; baseline -0.002 -12"><span class='ocrx_word' id='word_1_118' title='bbox 313 1935 492 1998; x_wconf 86' lang='lat' dir='ltr'><strong>oonscriptae,</strong></span> <span class='ocrx_word' id='word_1_119' title='bbox 510 1945 592 1995; x_wconf 74' lang='grc' dir='ltr'>(ιιιοιιι</span> <span class='ocrx_word' id='word_1_120' title='bbox 609 1929 717 1981; x_wconf 88' lang='lat' dir='ltr'><strong>laudare</strong></span> <span class='ocrx_word' id='word_1_121' title='bbox 733 1928 840 1980; x_wconf 84' lang='lat' dir='ltr'><strong>volebat</strong></span> <span class='ocrx_word' id='word_1_122' title='bbox 877 1943 952 1991; x_wconf 89' lang='lat' dir='ltr'><strong>rum,</strong></span> <span class='ocrx_word' id='word_1_123' title='bbox 971 1928 1081 1981; x_wconf 82' lang='lat' dir='ltr'><strong>venales</strong></span> <span class='ocrx_word' id='word_1_124' title='bbox 1099 1931 1180 1982; x_wconf 84' lang='lat' dir='ltr'><strong>inisse</strong></span> <span class='ocrx_word' id='word_1_125' title='bbox 1199 1945 1249 1995; x_wconf 88' lang='lat' dir='ltr'><strong>per</strong></span> <span class='ocrx_word' id='word_1_126' title='bbox 1266 1931 1406 1995; x_wconf 86' lang='lat' dir='ltr'><strong>tabernas,</strong></span> 
     </span>
     <span class='ocr_line' id='line_1_16' title="bbox 314 2004 1408 2075; baseline -0.001 -16"><span class='ocrx_word' id='word_1_127' title='bbox 314 2013 400 2075; x_wconf 78' lang='lat' dir='ltr'><strong>posta.</strong></span> <span class='ocrx_word' id='word_1_128' title='bbox 877 2018 945 2068; x_wconf 87' lang='lat' dir='ltr'><strong>quoe</strong></span> <span class='ocrx_word' id='word_1_129' title='bbox 963 2004 998 2054; x_wconf 88' lang='lat' dir='ltr'><strong>ab</strong></span> <span class='ocrx_word' id='word_1_130' title='bbox 1016 2004 1182 2068; x_wconf 82' lang='lat' dir='ltr'><strong>emptoribus</strong></span> <span class='ocrx_word' id='word_1_131' title='bbox 1195 2007 1220 2055; x_wconf 92' lang='lat' dir='ltr'><strong>in</strong></span> <span class='ocrx_word' id='word_1_132' title='bbox 1235 2005 1408 2059; x_wconf 83' lang='lat' dir='ltr'><strong>bibliothecis</strong></span> 
     </span>
     <span class='ocr_line' id='line_1_17' title="bbox 344 2077 1407 2144; baseline -0.002 -10"><span class='ocrx_word' id='word_1_133' title='bbox 344 2083 467 2136; x_wconf 70' lang='lat' dir='ltr'><strong>sot-aot.</strong></span> <span class='ocrx_word' id='word_1_134' title='bbox 488 2081 531 2130; x_wconf 87' lang='lat' dir='ltr'><strong>Nit</strong></span> <span class='ocrx_word' id='word_1_135' title='bbox 546 2078 707 2142; x_wconf 68' lang='lat' dir='ltr'><strong>aurorem]</strong></span> <span class='ocrx_word' id='word_1_136' title='bbox 727 2077 782 2128; x_wconf 76' lang='lat' dir='ltr'><strong>«nd</strong></span> <span class='ocrx_word' id='word_1_137' title='bbox 795 2089 838 2128; x_wconf 88' lang='lat' dir='ltr'><strong>mo</strong></span> <span class='ocrx_word' id='word_1_138' title='bbox 877 2082 992 2130; x_wconf 86' lang='lat' dir='ltr'><strong>maxime</strong></span> <span class='ocrx_word' id='word_1_139' title='bbox 1015 2082 1237 2144; x_wconf 84' lang='lat' dir='ltr'><strong>proponerentur.</strong></span> <span class='ocrx_word' id='word_1_140' title='bbox 1268 2084 1324 2132; x_wconf 89' lang='lat' dir='ltr'><strong>lam</strong></span> <span class='ocrx_word' id='word_1_141' title='bbox 1348 2084 1407 2132; x_wconf 90' lang='lat' dir='ltr'><strong>sia</strong></span> 
     </span>
     <span class='ocr_line' id='line_1_18' title="bbox 314 2152 1409 2221; baseline -0.004 -10"><span class='ocrx_word' id='word_1_142' title='bbox 314 2163 387 2212; x_wconf 86' lang='lat' dir='ltr'><strong>certe</strong></span> <span class='ocrx_word' id='word_1_143' title='bbox 405 2156 478 2221; x_wconf 87' lang='lat' dir='ltr'><strong>quod</strong></span> <span class='ocrx_word' id='word_1_144' title='bbox 495 2156 600 2215; x_wconf 81' lang='lat' dir='ltr'><strong>attinet,</strong></span> <span class='ocrx_word' id='word_1_145' title='bbox 620 2155 731 2214; x_wconf 87' lang='lat' dir='ltr'><strong>Caesar,</strong></span> <span class='ocrx_word' id='word_1_146' title='bbox 751 2155 773 2204; x_wconf 90' lang='lat' dir='ltr'><strong>si</strong></span> <span class='ocrx_word' id='word_1_147' title='bbox 788 2153 839 2203; x_wconf 89' lang='lat' dir='ltr'><strong>isto</strong></span> <span class='ocrx_word' id='word_1_148' title='bbox 876 2154 1023 2219; x_wconf 87' lang='lat' dir='ltr'><strong>ceroplasta</strong></span> <span class='ocrx_word' id='word_1_149' title='bbox 1049 2152 1136 2217; x_wconf 90' lang='lat' dir='ltr'><strong>aliquo</strong></span> <span class='ocrx_word' id='word_1_150' title='bbox 1161 2155 1283 2219; x_wconf 88' lang='lat' dir='ltr'><strong>imperito</strong></span> <span class='ocrx_word' id='word_1_151' title='bbox 1308 2157 1334 2205; x_wconf 88' lang='lat' dir='ltr'><strong>in</strong></span> <span class='ocrx_word' id='word_1_152' title='bbox 1357 2169 1409 2220; x_wconf 88' lang='lat' dir='ltr'><strong>pe-</strong></span> 
     </span>
     <span class='ocr_line' id='line_1_19' title="bbox 314 2225 1408 2300; baseline -0.002 -16"><span class='ocrx_word' id='word_1_153' title='bbox 314 2247 403 2286; x_wconf 84' lang='lat' dir='ltr'><strong>essem</strong></span> <span class='ocrx_word' id='word_1_154' title='bbox 428 2231 502 2288; x_wconf 85' lang='lat' dir='ltr'><strong>ioco,</strong></span> <span class='ocrx_word' id='word_1_155' title='bbox 529 2230 557 2279; x_wconf 92' lang='lat' dir='ltr'><strong>ut</strong></span> <span class='ocrx_word' id='word_1_156' title='bbox 580 2228 639 2294; x_wconf 88' lang='lat' dir='ltr'><strong>quis</strong></span> <span class='ocrx_word' id='word_1_157' title='bbox 663 2239 706 2276; x_wconf 89' lang='lat' dir='ltr'><strong>me</strong></span> <span class='ocrx_word' id='word_1_158' title='bbox 729 2225 838 2277; x_wconf 86' lang='lat' dir='ltr'><strong>laudare</strong></span> <span class='ocrx_word' id='word_1_159' title='bbox 878 2231 918 2280; x_wconf 88' lang='lat' dir='ltr'><strong>ius</strong></span> <span class='ocrx_word' id='word_1_160' title='bbox 943 2229 1047 2280; x_wconf 82' lang='lat' dir='ltr'><strong>strictae</strong></span> <span class='ocrx_word' id='word_1_161' title='bbox 1074 2225 1163 2290; x_wconf 79' lang='lat' dir='ltr'><strong>eraut,</strong></span> <span class='ocrx_word' id='word_1_162' title='bbox 1191 2243 1252 2290; x_wconf 87' lang='lat' dir='ltr'><strong>eos,</strong></span> <span class='ocrx_word' id='word_1_163' title='bbox 1288 2243 1408 2300; x_wconf 88' lang='lat' dir='ltr'><strong>quorum</strong></span> 
     </span>
     <span class='ocr_line' id='line_1_20' title="bbox 314 2301 1409 2368; baseline -0.002 -9"><span class='ocrx_word' id='word_1_164' title='bbox 314 2308 407 2368; x_wconf 86' lang='lat' dir='ltr'><strong>vellet,</strong></span> <span class='ocrx_word' id='word_1_165' title='bbox 434 2305 482 2355; x_wconf 89' lang='lat' dir='ltr'><strong>sed</strong></span> <span class='ocrx_word' id='word_1_166' title='bbox 508 2303 600 2352; x_wconf 88' lang='lat' dir='ltr'><strong>inseite</strong></span> <span class='ocrx_word' id='word_1_167' title='bbox 623 2301 650 2350; x_wconf 91' lang='lat' dir='ltr'><strong>id</strong></span> <span class='ocrx_word' id='word_1_168' title='bbox 673 2301 839 2366; x_wconf 89' lang='lat' dir='ltr'><strong>propositum</strong></span> <span class='ocrx_word' id='word_1_169' title='bbox 878 2306 954 2354; x_wconf 86' lang='lat' dir='ltr'><strong>eruut</strong></span> <span class='ocrx_word' id='word_1_170' title='bbox 976 2305 1119 2366; x_wconf 79' lang='lat' dir='ltr'><strong>imagines,</strong></span> <span class='ocrx_word' id='word_1_171' title='bbox 1142 2307 1285 2368; x_wconf 84' lang='lat' dir='ltr'><strong>propterea</strong></span> <span class='ocrx_word' id='word_1_172' title='bbox 1302 2307 1409 2357; x_wconf 88' lang='lat' dir='ltr'><strong>stoma-</strong></span> 
     </span>
     <span class='ocr_line' id='line_1_21' title="bbox 314 2374 1408 2445; baseline -0.002 -11"><span class='ocrx_word' id='word_1_173' title='bbox 314 2383 524 2445; x_wconf 82' lang='lat' dir='ltr'><strong>exsequeretur,</strong></span> <span class='ocrx_word' id='word_1_174' title='bbox 550 2374 621 2426; x_wconf 85' lang='lat' dir='ltr'><strong>nihili</strong></span> <span class='ocrx_word' id='word_1_175' title='bbox 639 2376 770 2436; x_wconf 86' lang='lat' dir='ltr'><strong>lacerem,</strong></span> <span class='ocrx_word' id='word_1_176' title='bbox 789 2377 840 2425; x_wconf 92' lang='lat' dir='ltr'><strong>im·</strong></span> <span class='ocrx_word' id='word_1_177' title='bbox 878 2379 971 2429; x_wconf 90' lang='lat' dir='ltr'><strong>chatos</strong></span> <span class='ocrx_word' id='word_1_178' title='bbox 986 2391 1046 2429; x_wconf 86' lang='lat' dir='ltr'><strong>esse</strong></span> <span class='ocrx_word' id='word_1_179' title='bbox 1059 2379 1333 2432; x_wconf 87' lang='lat' dir='ltr'><strong>cousentaneumest:</strong></span> <span class='ocrx_word' id='word_1_180' title='bbox 1353 2395 1408 2432; x_wconf 88' lang='lat' dir='ltr'><strong>nec</strong></span> 
     </span>
     <span class='ocr_line' id='line_1_22' title="bbox 315 2449 1408 2520; baseline -0.003 -12"><span class='ocrx_word' id='word_1_181' title='bbox 315 2470 359 2508; x_wconf 93' lang='lat' dir='ltr'><strong>mo</strong></span> <span class='ocrx_word' id='word_1_182' title='bbox 372 2465 530 2517; x_wconf 86' lang='lat' dir='ltr'><strong>respuerem</strong></span> <span class='ocrx_word' id='word_1_183' title='bbox 543 2451 673 2511; x_wconf 86' lang='lat' dir='ltr'><strong>ollicium,</strong></span> <span class='ocrx_word' id='word_1_184' title='bbox 692 2449 765 2512; x_wconf 88' lang='lat' dir='ltr'><strong>quod</strong></span> <span class='ocrx_word' id='word_1_185' title='bbox 776 2450 840 2500; x_wconf 90' lang='lat' dir='ltr'><strong>mibi</strong></span> <span class='ocrx_word' id='word_1_186' title='bbox 878 2455 969 2503; x_wconf 86' lang='lat' dir='ltr'><strong>tamen</strong></span> <span class='ocrx_word' id='word_1_187' title='bbox 986 2452 1124 2516; x_wconf 73' lang='lat' dir='ltr'><strong>cogitarim</strong></span> <span class='ocrx_word' id='word_1_188' title='bbox 1141 2451 1262 2503; x_wconf 89' lang='lat' dir='ltr'><strong>consulto</strong></span> <span class='ocrx_word' id='word_1_189' title='bbox 1284 2456 1309 2504; x_wconf 93' lang='lat' dir='ltr'><strong>in</strong></span> <span class='ocrx_word' id='word_1_190' title='bbox 1327 2456 1408 2520; x_wconf 84' lang='lat' dir='ltr'><strong>peius</strong></span> 
     </span>
     <span class='ocr_line' id='line_1_23' title="bbox 315 2522 1408 2592; baseline -0.001 -11"><span class='ocrx_word' id='word_1_191' title='bbox 315 2531 388 2581; x_wconf 86' lang='lat' dir='ltr'><strong>oneri</strong></span> <span class='ocrx_word' id='word_1_192' title='bbox 410 2527 498 2592; x_wconf 87' lang='lat' dir='ltr'><strong>potius</strong></span> <span class='ocrx_word' id='word_1_193' title='bbox 521 2537 602 2589; x_wconf 87' lang='lat' dir='ltr'><strong>quam</strong></span> <span class='ocrx_word' id='word_1_194' title='bbox 624 2522 718 2573; x_wconf 89' lang='lat' dir='ltr'><strong>bonori</strong></span> <span class='ocrx_word' id='word_1_195' title='bbox 742 2525 839 2574; x_wconf 68' lang='lat' dir='ltr'><strong>esset.»</strong></span> <span class='ocrx_word' id='word_1_196' title='bbox 879 2527 954 2578; x_wconf 86' lang='lat' dir='ltr'><strong>fictas</strong></span> <span class='ocrx_word' id='word_1_197' title='bbox 967 2525 1100 2589; x_wconf 89' lang='lat' dir='ltr'><strong>(italorum</strong></span> <span class='ocrx_word' id='word_1_198' title='bbox 1123 2528 1276 2592; x_wconf 61' lang='lat' dir='ltr'><strong>concutere}</strong></span> <span class='ocrx_word' id='word_1_199' title='bbox 1298 2527 1408 2580; x_wconf 88' lang='lat' dir='ltr'><strong>ludibrii</strong></span> 
     </span>
     <span class='ocr_line' id='line_1_24' title="bbox 316 2595 1409 2668; baseline 0.005 -18"><span class='ocrx_word' id='word_1_200' title='bbox 316 2606 405 2668; x_wconf 77' lang='lat' dir='ltr'><strong>«Ego,</strong></span> <span class='ocrx_word' id='word_1_201' title='bbox 430 2601 513 2663; x_wconf 88' lang='lat' dir='ltr'><strong>inquit</strong></span> <span class='ocrx_word' id='word_1_202' title='bbox 532 2599 668 2658; x_wconf 84' lang='lat' dir='ltr'><strong>Horatius,</strong></span> <span class='ocrx_word' id='word_1_203' title='bbox 693 2595 773 2647; x_wconf 89' lang='lat' dir='ltr'><strong>nolim</strong></span> <span class='ocrx_word' id='word_1_204' title='bbox 791 2596 841 2646; x_wconf 88' lang='lat' dir='ltr'><strong>de-</strong></span> <span class='ocrx_word' id='word_1_205' title='bbox 879 2605 906 2651; x_wconf 88' lang='lat' dir='ltr'><strong>et</strong></span> <span class='ocrx_word' id='word_1_206' title='bbox 923 2600 1099 2652; x_wconf 87' lang='lat' dir='ltr'><strong>contumeliae</strong></span> <span class='ocrx_word' id='word_1_207' title='bbox 1115 2613 1193 2652; x_wconf 89' lang='lat' dir='ltr'><strong>causa</strong></span> <span class='ocrx_word' id='word_1_208' title='bbox 1207 2604 1303 2666; x_wconf 79' lang='lat' dir='ltr'><strong>exponi</strong></span> <span class='ocrx_word' id='word_1_209' title='bbox 1314 2602 1409 2656; x_wconf 85' lang='lat' dir='ltr'><strong>solitas</strong></span> 
     </span>
     <span class='ocr_line' id='line_1_25' title="bbox 300 2671 1408 2740; baseline 0.004 -14"><span class='ocrx_word' id='word_1_210' title='bbox 300 2678 401 2730; x_wconf 80' lang='lat' dir='ltr'><strong>¹coi-uri</strong></span> <span class='ocrx_word' id='word_1_211' title='bbox 423 2674 546 2739; x_wconf 81' lang='lat' dir='ltr'><strong>turpibus</strong></span> <span class='ocrx_word' id='word_1_212' title='bbox 562 2671 703 2732; x_wconf 79' lang='lat' dir='ltr'><strong>versibus,</strong></span> <span class='ocrx_word' id='word_1_213' title='bbox 731 2685 763 2720; x_wconf 84' lang='lat' dir='ltr'><strong>ne</strong></span> <span class='ocrx_word' id='word_1_214' title='bbox 781 2671 842 2735; x_wconf 85' lang='lat' dir='ltr'><strong>pin·</strong></span> <span class='ocrx_word' id='word_1_215' title='bbox 879 2689 953 2738; x_wconf 88' lang='lat' dir='ltr'><strong>esse,</strong></span> <span class='ocrx_word' id='word_1_216' title='bbox 979 2676 1004 2726; x_wconf 91' lang='lat' dir='ltr'><strong>id</strong></span> <span class='ocrx_word' id='word_1_217' title='bbox 1031 2675 1103 2740; x_wconf 85' lang='lat' dir='ltr'><strong>quod</strong></span> <span class='ocrx_word' id='word_1_218' title='bbox 1129 2688 1193 2726; x_wconf 90' lang='lat' dir='ltr'><strong>sane</strong></span> <span class='ocrx_word' id='word_1_219' title='bbox 1214 2676 1308 2728; x_wconf 89' lang='lat' dir='ltr'><strong>lamosi</strong></span> <span class='ocrx_word' id='word_1_220' title='bbox 1324 2676 1408 2730; x_wconf 85' lang='lat' dir='ltr'><strong>libelli</strong></span> 
     </span>
     <span class='ocr_line' id='line_1_26' title="bbox 315 2746 1408 2818; baseline 0.005 -18"><span class='ocrx_word' id='word_1_221' title='bbox 315 2754 373 2818; x_wconf 84' lang='lat' dir='ltr'><strong>gui,</strong></span> <span class='ocrx_word' id='word_1_222' title='bbox 393 2751 490 2808; x_wconf 84' lang='lat' dir='ltr'><strong>idest,</strong></span> <span class='ocrx_word' id='word_1_223' title='bbox 510 2746 604 2799; x_wconf 72' lang='lat' dir='ltr'><strong>stolide</strong></span> <span class='ocrx_word' id='word_1_224' title='bbox 622 2747 769 2810; x_wconf 67' lang='lat' dir='ltr'><strong>composito</strong></span> <span class='ocrx_word' id='word_1_225' title='bbox 784 2757 842 2796; x_wconf 81' lang='lat' dir='ltr'><strong>mu·</strong></span> <span class='ocrx_word' id='word_1_226' title='bbox 880 2752 961 2802; x_wconf 88' lang='lat' dir='ltr'><strong>instar</strong></span> <span class='ocrx_word' id='word_1_227' title='bbox 976 2750 1084 2810; x_wconf 88' lang='lat' dir='ltr'><strong>luisset,</strong></span> <span class='ocrx_word' id='word_1_228' title='bbox 1103 2752 1137 2800; x_wconf 90' lang='lat' dir='ltr'><strong>ita</strong></span> <span class='ocrx_word' id='word_1_229' title='bbox 1155 2754 1185 2801; x_wconf 92' lang='lat' dir='ltr'><strong>ut</strong></span> <span class='ocrx_word' id='word_1_230' title='bbox 1201 2750 1289 2802; x_wconf 88' lang='lat' dir='ltr'><strong>laesus</strong></span> <span class='ocrx_word' id='word_1_231' title='bbox 1300 2754 1408 2805; x_wconf 85' lang='lat' dir='ltr'><strong>actione</strong></span> 
     </span>
     <span class='ocr_line' id='line_1_27' title="bbox 316 2821 1408 2892; baseline -0.001 -14"><span class='ocrx_word' id='word_1_232' title='bbox 316 2839 380 2879; x_wconf 87' lang='lat' dir='ltr'><strong>nera</strong></span> <span class='ocrx_word' id='word_1_233' title='bbox 399 2826 512 2876; x_wconf 89' lang='lat' dir='ltr'><strong>donatus</strong></span> <span class='ocrx_word' id='word_1_234' title='bbox 524 2821 649 2884; x_wconf 86' lang='lat' dir='ltr'><strong>rubeam,</strong></span> <span class='ocrx_word' id='word_1_235' title='bbox 668 2822 768 2870; x_wconf 84' lang='lat' dir='ltr'><strong>etcum</strong></span> <span class='ocrx_word' id='word_1_236' title='bbox 780 2832 841 2870; x_wconf 81' lang='lat' dir='ltr'><strong>meo</strong></span> <span class='ocrx_word' id='word_1_237' title='bbox 879 2826 1032 2876; x_wconf 86' lang='lat' dir='ltr'><strong>iniuriarum</strong></span> <span class='ocrx_word' id='word_1_238' title='bbox 1057 2825 1186 2876; x_wconf 85' lang='lat' dir='ltr'><strong>artificem</strong></span> <span class='ocrx_word' id='word_1_239' title='bbox 1209 2829 1334 2891; x_wconf 82' lang='lat' dir='ltr'><strong>persequi</strong></span> <span class='ocrx_word' id='word_1_240' title='bbox 1354 2841 1408 2892; x_wconf 93' lang='lat' dir='ltr'><strong>po-</strong></span> 
     </span>
     <span class='ocr_line' id='line_1_28' title="bbox 316 2896 1408 2972; baseline -0.007 -20"><span class='ocrx_word' id='word_1_241' title='bbox 316 2901 453 2952; x_wconf 84' lang='lat' dir='ltr'><strong>leudatore</strong></span> <span class='ocrx_word' id='word_1_242' title='bbox 471 2897 577 2947; x_wconf 88' lang='lat' dir='ltr'><strong>delerar</strong></span> <span class='ocrx_word' id='word_1_243' title='bbox 599 2896 625 2946; x_wconf 89' lang='lat' dir='ltr'><strong>ia</strong></span> <span class='ocrx_word' id='word_1_244' title='bbox 642 2896 731 2946; x_wconf 85' lang='lat' dir='ltr'><strong>vicum</strong></span> <span class='ocrx_word' id='word_1_245' title='bbox 749 2896 842 2945; x_wconf 86' lang='lat' dir='ltr'><strong>thura·</strong></span> <span class='ocrx_word' id='word_1_246' title='bbox 879 2901 982 2951; x_wconf 76' lang='lat' dir='ltr'><strong>luisset,</strong></span> <span class='ocrx_word' id='word_1_247' title='bbox 997 2927 1023 2935; x_wconf 84' lang='lat'>-</span> <span class='ocrx_word' id='word_1_248' title='bbox 1043 2901 1166 2965; x_wconf 61' lang='lat' dir='ltr'><strong>morari]</strong></span> <span class='ocrx_word' id='word_1_249' title='bbox 1184 2901 1244 2951; x_wconf 65' lang='lat' dir='ltr'><strong>xm·</strong></span> <span class='ocrx_word' id='word_1_250' title='bbox 1259 2902 1408 2972; x_wconf 56' lang='lat' dir='ltr'><strong>cremia..</strong></span> 
     </span>
     <span class='ocr_line' id='line_1_29' title="bbox 316 2970 1407 3040; baseline 0.004 -16"><span class='ocrx_word' id='word_1_251' title='bbox 316 2976 399 3035; x_wconf 87' lang='lat' dir='ltr'><strong>rium;</strong></span> <span class='ocrx_word' id='word_1_252' title='bbox 418 2970 502 3022; x_wconf 91' lang='lat' dir='ltr'><strong>multo</strong></span> <span class='ocrx_word' id='word_1_253' title='bbox 520 2983 600 3035; x_wconf 86' lang='lat' dir='ltr'><strong>porro</strong></span> <span class='ocrx_word' id='word_1_254' title='bbox 612 2971 700 3020; x_wconf 89' lang='lat' dir='ltr'><strong>miuus</strong></span> <span class='ocrx_word' id='word_1_255' title='bbox 712 2971 752 3030; x_wconf 92' lang='lat' dir='ltr'><strong>tu,</strong></span> <span class='ocrx_word' id='word_1_256' title='bbox 773 2970 843 3019; x_wconf 87' lang='lat' dir='ltr'><strong>Cee-</strong></span> <span class='ocrx_word' id='word_1_257' title='bbox 879 2987 928 3038; x_wconf 91' lang='lat' dir='ltr'><strong>pro</strong></span> <span class='ocrx_word' id='word_1_258' title='bbox 941 2973 1117 3037; x_wconf 68' lang='lat' dir='ltr'><strong>«deturpari».</strong></span> <span class='ocrx_word' id='word_1_259' title='bbox 1134 3002 1160 3010; x_wconf 93' lang='lat'><em>-</em></span> <span class='ocrx_word' id='word_1_260' title='bbox 1176 2975 1336 3040; x_wconf 76' lang='lat' dir='ltr'><strong>Nembeam]</strong></span> <span class='ocrx_word' id='word_1_261' title='bbox 1350 2978 1407 3028; x_wconf 81' lang='lat' dir='ltr'><strong>«Ne</strong></span> 
     </span>
     <span class='ocr_line' id='line_1_30' title="bbox 316 3042 1407 3114; baseline 0 -14"><span class='ocrx_word' id='word_1_262' title='bbox 316 3062 375 3110; x_wconf 88' lang='lat' dir='ltr'><strong>ssr,</strong></span> <span class='ocrx_word' id='word_1_263' title='bbox 397 3047 424 3097; x_wconf 93' lang='lat' dir='ltr'><strong>id</strong></span> <span class='ocrx_word' id='word_1_264' title='bbox 440 3044 542 3096; x_wconf 75' lang='lat' dir='ltr'><strong>voles.»</strong></span> <span class='ocrx_word' id='word_1_265' title='bbox 565 3047 721 3094; x_wconf 81' lang='lat' dir='ltr'><strong>Gmasxnus.</strong></span> <span class='ocrx_word' id='word_1_266' title='bbox 752 3042 843 3094; x_wconf 81' lang='lat' dir='ltr'><strong>«Solet</strong></span> <span class='ocrx_word' id='word_1_267' title='bbox 878 3047 970 3098; x_wconf 87' lang='lat' dir='ltr'><strong>insulsi</strong></span> <span class='ocrx_word' id='word_1_268' title='bbox 990 3049 1140 3112; x_wconf 86' lang='lat' dir='ltr'><strong>praeconii,</strong></span> <span class='ocrx_word' id='word_1_269' title='bbox 1164 3049 1287 3101; x_wconf 85' lang='lat' dir='ltr'><strong>versibus</strong></span> <span class='ocrx_word' id='word_1_270' title='bbox 1310 3051 1407 3114; x_wconf 89' lang='lat' dir='ltr'><strong>ineptis</strong></span> 
     </span>
     <span class='ocr_line' id='line_1_31' title="bbox 318 3121 1359 3186; baseline -0.004 -12"><span class='ocrx_word' id='word_1_271' title='bbox 318 3123 442 3175; x_wconf 84' lang='lat' dir='ltr'><strong>Horatius</strong></span> <span class='ocrx_word' id='word_1_272' title='bbox 452 3121 574 3184; x_wconf 88' lang='lat' dir='ltr'><strong>saepius,</strong></span> <span class='ocrx_word' id='word_1_273' title='bbox 588 3122 730 3183; x_wconf 90' lang='lat' dir='ltr'><strong>postquam</strong></span> <span class='ocrx_word' id='word_1_274' title='bbox 741 3130 786 3168; x_wconf 83' lang='lat' dir='ltr'><strong>res</strong></span> <span class='ocrx_word' id='word_1_275' title='bbox 798 3130 843 3168; x_wconf 89' lang='lat' dir='ltr'><strong>se·</strong></span> <span class='ocrx_word' id='word_1_276' title='bbox 880 3123 1034 3186; x_wconf 86' lang='lat' dir='ltr'><strong>compositi,</strong></span> <span class='ocrx_word' id='word_1_277' title='bbox 1052 3121 1156 3186; x_wconf 83' lang='lat' dir='ltr'><strong>pudore</strong></span> <span class='ocrx_word' id='word_1_278' title='bbox 1174 3136 1218 3173; x_wconf 90' lang='lat' dir='ltr'><strong>me</strong></span> <span class='ocrx_word' id='word_1_279' title='bbox 1236 3124 1359 3174; x_wconf 69' lang='lat' dir='ltr'><strong>debeat·</strong></span> 
     </span>
     <span class='ocr_line' id='line_1_32' title="bbox 317 3191 1407 3262; baseline 0 -14"><span class='ocrx_word' id='word_1_280' title='bbox 317 3199 370 3248; x_wconf 88' lang='lat' dir='ltr'><strong>rius</strong></span> <span class='ocrx_word' id='word_1_281' title='bbox 387 3196 521 3255; x_wconf 78' lang='lat' dir='ltr'><strong>tractavit,</strong></span> <span class='ocrx_word' id='word_1_282' title='bbox 541 3191 673 3258; x_wconf 78' lang='lat' dir='ltr'><strong>epilogum</strong></span> <span class='ocrx_word' id='word_1_283' title='bbox 685 3191 785 3242; x_wconf 79' lang='lat' dir='ltr'><strong>endere</strong></span> <span class='ocrx_word' id='word_1_284' title='bbox 803 3192 843 3241; x_wconf 92' lang='lat' dir='ltr'><strong>io·</strong></span> <span class='ocrx_word' id='word_1_285' title='bbox 912 3196 1034 3247; x_wconf 75' lang='lat'><strong>268-270.</strong></span> <span class='ocrx_word' id='word_1_286' title='bbox 1061 3195 1123 3260; x_wconf 85' lang='lat' dir='ltr'><strong>meo]</strong></span> <span class='ocrx_word' id='word_1_287' title='bbox 1143 3195 1225 3248; x_wconf 81' lang='lat' dir='ltr'><strong>«ideo</strong></span> <span class='ocrx_word' id='word_1_288' title='bbox 1237 3200 1299 3262; x_wconf 90' lang='lat' dir='ltr'><strong>quia</strong></span> <span class='ocrx_word' id='word_1_289' title='bbox 1316 3200 1341 3248; x_wconf 94' lang='lat' dir='ltr'><strong>in</strong></span> <span class='ocrx_word' id='word_1_290' title='bbox 1360 3211 1407 3248; x_wconf 88' lang='lat' dir='ltr'><strong>eo·</strong></span> 
     </span>
     <span class='ocr_line' id='line_1_33' title="bbox 317 3265 1407 3336; baseline -0.001 -13"><span class='ocrx_word' id='word_1_291' title='bbox 317 3274 355 3322; x_wconf 86' lang='lat' dir='ltr'><strong>ois</strong></span> <span class='ocrx_word' id='word_1_292' title='bbox 367 3271 521 3333; x_wconf 76' lang='lat' dir='ltr'><strong>facetiisque</strong></span> <span class='ocrx_word' id='word_1_293' title='bbox 535 3268 674 3330; x_wconf 83' lang='lat' dir='ltr'><strong>retortum,</strong></span> <span class='ocrx_word' id='word_1_294' title='bbox 690 3279 778 3330; x_wconf 83' lang='lat' dir='ltr'><strong>neque</strong></span> <span class='ocrx_word' id='word_1_295' title='bbox 790 3265 842 3317; x_wconf 86' lang='lat' dir='ltr'><strong>hoo</strong></span> <span class='ocrx_word' id='word_1_296' title='bbox 880 3270 943 3320; x_wconf 86' lang='lat' dir='ltr'><strong>dem</strong></span> <span class='ocrx_word' id='word_1_297' title='bbox 966 3268 1033 3321; x_wconf 89' lang='lat' dir='ltr'><strong>libro</strong></span> <span class='ocrx_word' id='word_1_298' title='bbox 1051 3273 1077 3321; x_wconf 90' lang='lat' dir='ltr'><strong>et</strong></span> <span class='ocrx_word' id='word_1_299' title='bbox 1094 3272 1230 3336; x_wconf 87' lang='lat' dir='ltr'><strong>scriptoris</strong></span> <span class='ocrx_word' id='word_1_300' title='bbox 1247 3285 1345 3324; x_wconf 86' lang='lat' dir='ltr'><strong>nomen</strong></span> <span class='ocrx_word' id='word_1_301' title='bbox 1362 3278 1407 3324; x_wconf 80' lang='lat' dir='ltr'><strong>est</strong></span> 
     </span>
     <span class='ocr_line' id='line_1_34' title="bbox 317 3341 1405 3408; baseline 0 -11"><span class='ocrx_word' id='word_1_302' title='bbox 317 3345 404 3397; x_wconf 90' lang='lat' dir='ltr'><strong>solum</strong></span> <span class='ocrx_word' id='word_1_303' title='bbox 430 3346 456 3395; x_wconf 90' lang='lat' dir='ltr'><strong>ia</strong></span> <span class='ocrx_word' id='word_1_304' title='bbox 481 3341 603 3406; x_wconf 85' lang='lat' dir='ltr'><strong>Epistolis</strong></span> <span class='ocrx_word' id='word_1_305' title='bbox 630 3344 657 3391; x_wconf 90' lang='lat' dir='ltr'><strong>et</strong></span> <span class='ocrx_word' id='word_1_306' title='bbox 682 3341 787 3404; x_wconf 85' lang='lat' dir='ltr'><strong>Satiris,</strong></span> <span class='ocrx_word' id='word_1_307' title='bbox 813 3343 842 3389; x_wconf 93' lang='lat' dir='ltr'><strong>ut</strong></span> <span class='ocrx_word' id='word_1_308' title='bbox 881 3345 908 3394; x_wconf 87' lang='lat' dir='ltr'><strong>et</strong></span> <span class='ocrx_word' id='word_1_309' title='bbox 933 3345 1005 3404; x_wconf 85' lang='lat' dir='ltr'><strong>eius,</strong></span> <span class='ocrx_word' id='word_1_310' title='bbox 1032 3343 1066 3395; x_wconf 90' lang='lat' dir='ltr'><strong>de</strong></span> <span class='ocrx_word' id='word_1_311' title='bbox 1092 3347 1304 3408; x_wconf 76' lang='lat' dir='ltr'><strong>quo-scribitur,</strong></span> <span class='ocrx_word' id='word_1_312' title='bbox 1331 3350 1360 3396; x_wconf 91' lang='lat' dir='ltr'><strong>ut</strong></span> <span class='ocrx_word' id='word_1_313' title='bbox 1377 3348 1405 3398; x_wconf 89' lang='lat' dir='ltr'><strong>in</strong></span> 
     </span>
     <span class='ocr_line' id='line_1_35' title="bbox 316 3415 1405 3482; baseline -0.002 -12"><span class='ocrx_word' id='word_1_314' title='bbox 316 3421 370 3470; x_wconf 87' lang='lat' dir='ltr'><strong>Sat.</strong></span> <span class='ocrx_word' id='word_1_315' title='bbox 384 3421 412 3481; x_wconf 75' lang='grc' dir='ltr'>ι,</span> <span class='ocrx_word' id='word_1_316' title='bbox 427 3419 451 3468; x_wconf 91' lang='lat' dir='ltr'><strong>t.</strong></span> <span class='ocrx_word' id='word_1_317' title='bbox 472 3419 502 3477; x_wconf 71' lang='grc' dir='ltr'>ι,</span> <span class='ocrx_word' id='word_1_318' title='bbox 516 3415 540 3467; x_wconf 81' lang='grc' dir='ltr'>ι,</span> <span class='ocrx_word' id='word_1_319' title='bbox 559 3417 583 3476; x_wconf 72' lang='lat'><strong>2,</strong></span> <span class='ocrx_word' id='word_1_320' title='bbox 597 3417 621 3465; x_wconf 82' lang='lat'><strong>7.</strong></span> <span class='ocrx_word' id='word_1_321' title='bbox 647 3415 712 3480; x_wconf 84' lang='lat' dir='ltr'><strong>Epp.</strong></span> <span class='ocrx_word' id='word_1_322' title='bbox 727 3417 756 3476; x_wconf 86' lang='lat' dir='ltr'><strong>l,</strong></span> <span class='ocrx_word' id='word_1_323' title='bbox 772 3416 796 3465; x_wconf 90' lang='lat' dir='ltr'><strong>t.</strong></span> <span class='ocrx_word' id='word_1_324' title='bbox 816 3415 840 3475; x_wconf 88' lang='lat' dir='ltr'><strong>t,</strong></span> <span class='ocrx_word' id='word_1_325' title='bbox 879 3417 985 3482; x_wconf 85' lang='lat' dir='ltr'><strong>Virgilio</strong></span> <span class='ocrx_word' id='word_1_326' title='bbox 997 3423 1110 3482; x_wconf 80' lang='lat' dir='ltr'><strong>Aeneas,</strong></span> <span class='ocrx_word' id='word_1_327' title='bbox 1124 3422 1150 3472; x_wconf 88' lang='lat' dir='ltr'><strong>in</strong></span> <span class='ocrx_word' id='word_1_328' title='bbox 1163 3421 1279 3472; x_wconf 86' lang='lat' dir='ltr'><strong>Homero</strong></span> <span class='ocrx_word' id='word_1_329' title='bbox 1291 3420 1405 3474; x_wconf 72' lang='lat' dir='ltr'><strong>Ulixes.»</strong></span> 
     </span>
     <span class='ocr_line' id='line_1_36' title="bbox 317 3490 1406 3560; baseline -0.001 -15"><span class='ocrx_word' id='word_1_330' title='bbox 317 3495 341 3546; x_wconf 82' lang='grc' dir='ltr'>ι.</span> <span class='ocrx_word' id='word_1_331' title='bbox 361 3496 388 3544; x_wconf 87' lang='lat' dir='ltr'><strong>et</strong></span> <span class='ocrx_word' id='word_1_332' title='bbox 403 3495 433 3543; x_wconf 76' lang='lat' dir='ltr'><strong>A.</strong></span> <span class='ocrx_word' id='word_1_333' title='bbox 448 3494 489 3553; x_wconf 80' lang='lat' dir='ltr'><strong>P..</strong></span> <span class='ocrx_word' id='word_1_334' title='bbox 507 3491 556 3542; x_wconf 89' lang='lat' dir='ltr'><strong>sed</strong></span> <span class='ocrx_word' id='word_1_335' title='bbox 574 3491 653 3540; x_wconf 84' lang='lat' dir='ltr'><strong>etism</strong></span> <span class='ocrx_word' id='word_1_336' title='bbox 669 3490 803 3540; x_wconf 88' lang='lat' dir='ltr'><strong>interdum</strong></span> <span class='ocrx_word' id='word_1_337' title='bbox 815 3491 841 3538; x_wconf 89' lang='lat' dir='ltr'><strong>in</strong></span> <span class='ocrx_word' id='word_1_338' title='bbox 879 3494 940 3542; x_wconf 79' lang='lat' dir='ltr'><strong>Aca.</strong></span> <span class='ocrx_word' id='word_1_339' title='bbox 975 3492 1125 3558; x_wconf 88' lang='lat' dir='ltr'><strong>Simplicius</strong></span> <span class='ocrx_word' id='word_1_340' title='bbox 1148 3495 1271 3558; x_wconf 85' lang='lat' dir='ltr'><strong>quidem,</strong></span> <span class='ocrx_word' id='word_1_341' title='bbox 1299 3498 1328 3545; x_wconf 94' lang='lat' dir='ltr'><strong>ul</strong></span> <span class='ocrx_word' id='word_1_342' title='bbox 1345 3497 1406 3560; x_wconf 92' lang='lat' dir='ltr'><strong>opi-</strong></span> 
     </span>
     <span class='ocr_line' id='line_1_37' title="bbox 317 3564 1405 3632; baseline 0.001 -13"><span class='ocrx_word' id='word_1_343' title='bbox 317 3565 494 3627; x_wconf 87' lang='lat' dir='ltr'><strong>carmioibus,</strong></span> <span class='ocrx_word' id='word_1_344' title='bbox 508 3567 537 3614; x_wconf 94' lang='lat' dir='ltr'><strong>ut</strong></span> <span class='ocrx_word' id='word_1_345' title='bbox 548 3565 596 3614; x_wconf 90' lang='lat' dir='ltr'><strong>Od.</strong></span> <span class='ocrx_word' id='word_1_346' title='bbox 611 3566 634 3625; x_wconf 84' lang='lat' dir='ltr'><strong>t,</strong></span> <span class='ocrx_word' id='word_1_347' title='bbox 645 3565 670 3614; x_wconf 88' lang='grc'><strong>6.</strong></span> <span class='ocrx_word' id='word_1_348' title='bbox 683 3565 708 3626; x_wconf 88' lang='grc'><strong>3,</strong></span> <span class='ocrx_word' id='word_1_349' title='bbox 719 3565 743 3614; x_wconf 87' lang='grc'><strong>3.</strong></span> <span class='ocrx_word' id='word_1_350' title='bbox 757 3564 841 3629; x_wconf 86' lang='lat' dir='ltr'><strong>Epod.</strong></span> <span class='ocrx_word' id='word_1_351' title='bbox 880 3579 942 3629; x_wconf 85' lang='lat' dir='ltr'><strong>nor,</strong></span> <span class='ocrx_word' id='word_1_352' title='bbox 968 3569 1008 3618; x_wconf 88' lang='lat' dir='ltr'><strong>sic</strong></span> <span class='ocrx_word' id='word_1_353' title='bbox 1032 3581 1164 3632; x_wconf 78' lang='lat' dir='ltr'><strong>expones:</strong></span> <span class='ocrx_word' id='word_1_354' title='bbox 1192 3571 1265 3622; x_wconf 73' lang='lat' dir='ltr'><strong>«ilua</strong></span> <span class='ocrx_word' id='word_1_355' title='bbox 1291 3583 1352 3621; x_wconf 90' lang='lat' dir='ltr'><strong>cum</strong></span> <span class='ocrx_word' id='word_1_356' title='bbox 1370 3583 1405 3620; x_wconf 90' lang='lat' dir='ltr'><strong>eo</strong></span> 
     </span>
     <span class='ocr_line' id='line_1_38' title="bbox 317 3638 1406 3708; baseline 0.002 -16"><span class='ocrx_word' id='word_1_357' title='bbox 317 3644 359 3693; x_wconf 74' lang='lat'><strong>2.»</strong></span> <span class='ocrx_word' id='word_1_358' title='bbox 378 3643 482 3692; x_wconf 82' lang='lat' dir='ltr'><strong>Rxsnaa.</strong></span> <span class='ocrx_word' id='word_1_359' title='bbox 503 3667 530 3674; x_wconf 95' lang='lat'><em>-</em></span> <span class='ocrx_word' id='word_1_360' title='bbox 555 3641 612 3703; x_wconf 73' lang='lat' dir='ltr'><strong>licto</strong></span> <span class='ocrx_word' id='word_1_361' title='bbox 628 3640 657 3688; x_wconf 84' lang='lat' dir='ltr'><strong>ln</strong></span> <span class='ocrx_word' id='word_1_362' title='bbox 670 3639 750 3703; x_wconf 83' lang='lat' dir='ltr'><strong>peius]</strong></span> <span class='ocrx_word' id='word_1_363' title='bbox 777 3638 840 3689; x_wconf 88' lang='lat' dir='ltr'><strong>Ptin.</strong></span> <span class='ocrx_word' id='word_1_364' title='bbox 880 3640 949 3692; x_wconf 91' lang='lat' dir='ltr'><strong>malo</strong></span> <span class='ocrx_word' id='word_1_365' title='bbox 966 3645 1059 3707; x_wconf 72' lang='lat' dir='ltr'><strong>posta,</strong></span> <span class='ocrx_word' id='word_1_366' title='bbox 1087 3645 1131 3708; x_wconf 90' lang='lat' dir='ltr'><strong>qui</strong></span> <span class='ocrx_word' id='word_1_367' title='bbox 1154 3657 1199 3694; x_wconf 91' lang='lat' dir='ltr'><strong>me</strong></span> <span class='ocrx_word' id='word_1_368' title='bbox 1216 3643 1339 3694; x_wconf 88' lang='lat' dir='ltr'><strong>laudibus</strong></span> <span class='ocrx_word' id='word_1_369' title='bbox 1356 3658 1406 3694; x_wconf 86' lang='lat' dir='ltr'><strong>ex-</strong></span> 
     </span>
     <span class='ocr_line' id='line_1_39' title="bbox 318 3713 1407 3782; baseline 0.002 -14"><span class='ocrx_word' id='word_1_370' title='bbox 318 3718 384 3782; x_wconf 86' lang='lat' dir='ltr'><strong>Epp.</strong></span> <span class='ocrx_word' id='word_1_371' title='bbox 398 3717 423 3774; x_wconf 81' lang='lat'><strong>5,</strong></span> <span class='ocrx_word' id='word_1_372' title='bbox 437 3715 481 3765; x_wconf 85' lang='lat' dir='ltr'><strong>lii:</strong></span> <span class='ocrx_word' id='word_1_373' title='bbox 498 3714 606 3776; x_wconf 83' lang='lat' dir='ltr'><strong>pictores</strong></span> <span class='ocrx_word' id='word_1_374' title='bbox 618 3714 752 3776; x_wconf 79' lang='lat' dir='ltr'><strong>poletrum</strong></span> <span class='ocrx_word' id='word_1_375' title='bbox 768 3713 843 3763; x_wconf 84' lang='lat' dir='ltr'><strong>obso-</strong></span> <span class='ocrx_word' id='word_1_376' title='bbox 880 3714 972 3766; x_wconf 86' lang='lat' dir='ltr'><strong>tollere</strong></span> <span class='ocrx_word' id='word_1_377' title='bbox 990 3719 1079 3781; x_wconf 87' lang='lat' dir='ltr'><strong>inepte</strong></span> <span class='ocrx_word' id='word_1_378' title='bbox 1098 3721 1209 3768; x_wconf 89' lang='lat' dir='ltr'><strong>conatus</strong></span> <span class='ocrx_word' id='word_1_379' title='bbox 1226 3723 1292 3771; x_wconf 76' lang='lat' dir='ltr'><strong>est.»</strong></span> <span class='ocrx_word' id='word_1_380' title='bbox 1307 3747 1334 3755; x_wconf 81' lang='lat'>-</span> <span class='ocrx_word' id='word_1_381' title='bbox 1345 3733 1407 3782; x_wconf 83' lang='lat' dir='ltr'><strong>por·</strong></span> 
     </span>
     <span class='ocr_line' id='line_1_40' title="bbox 318 3789 1405 3858; baseline 0.003 -17"><span class='ocrx_word' id='word_1_382' title='bbox 318 3793 445 3852; x_wconf 80' lang='lat' dir='ltr'><strong>totamque</strong></span> <span class='ocrx_word' id='word_1_383' title='bbox 465 3789 575 3853; x_wconf 74' lang='lat' dir='ltr'><strong>sonsum</strong></span> <span class='ocrx_word' id='word_1_384' title='bbox 597 3803 660 3840; x_wconf 87' lang='lat' dir='ltr'><strong>roro</strong></span> <span class='ocrx_word' id='word_1_385' title='bbox 676 3789 725 3838; x_wconf 81' lang='grc' dir='ltr'>ιιιιι·</span> <span class='ocrx_word' id='word_1_386' title='bbox 741 3789 772 3837; x_wconf 86' lang='lat' dir='ltr'><strong>in</strong></span> <span class='ocrx_word' id='word_1_387' title='bbox 789 3801 843 3850; x_wconf 84' lang='lat' dir='ltr'><strong>pe-</strong></span> <span class='ocrx_word' id='word_1_388' title='bbox 879 3791 969 3856; x_wconf 72' lang='lat' dir='ltr'><strong>ractis]</strong></span> <span class='ocrx_word' id='word_1_389' title='bbox 989 3793 1078 3842; x_wconf 70' lang='lat' dir='ltr'><strong>«Bene</strong></span> <span class='ocrx_word' id='word_1_390' title='bbox 1093 3799 1225 3855; x_wconf 74' lang='lat' dir='ltr'><strong>porrectae</strong></span> <span class='ocrx_word' id='word_1_391' title='bbox 1241 3797 1269 3844; x_wconf 89' lang='lat' dir='ltr'><strong>et</strong></span> <span class='ocrx_word' id='word_1_392' title='bbox 1285 3795 1312 3846; x_wconf 90' lang='lat' dir='ltr'><strong>in</strong></span> <span class='ocrx_word' id='word_1_393' title='bbox 1323 3807 1405 3858; x_wconf 89' lang='lat' dir='ltr'><strong>oapsa</strong></span> 
     </span>
     <span class='ocr_line' id='line_1_41' title="bbox 317 3860 1406 3930; baseline 0.004 -16"><span class='ocrx_word' id='word_1_394' title='bbox 317 3867 367 3915; x_wconf 82' lang='lat' dir='ltr'><strong>ius</strong></span> <span class='ocrx_word' id='word_1_395' title='bbox 384 3865 512 3930; x_wconf 69' lang='lat' dir='ltr'><strong>effingunt.</strong></span> <span class='ocrx_word' id='word_1_396' title='bbox 542 3861 642 3913; x_wconf 69' lang='lat' dir='ltr'><strong>belian.</strong></span> <span class='ocrx_word' id='word_1_397' title='bbox 659 3862 690 3911; x_wconf 87' lang='lat' dir='ltr'><strong>V.</strong></span> <span class='ocrx_word' id='word_1_398' title='bbox 714 3863 744 3912; x_wconf 84' lang='lat' dir='ltr'><strong>tl.</strong></span> <span class='ocrx_word' id='word_1_399' title='bbox 763 3860 792 3922; x_wconf 83' lang='lat' dir='ltr'><strong>l,</strong></span> <span class='ocrx_word' id='word_1_400' title='bbox 811 3861 840 3913; x_wconf 83' lang='lat' dir='ltr'><strong>l:</strong></span> <span class='ocrx_word' id='word_1_401' title='bbox 880 3869 980 3928; x_wconf 72' lang='lat' dir='ltr'><strong>opertas</strong></span> <span class='ocrx_word' id='word_1_402' title='bbox 1007 3867 1083 3929; x_wconf 86' lang='lat' dir='ltr'><strong>quasi</strong></span> <span class='ocrx_word' id='word_1_403' title='bbox 1110 3871 1231 3918; x_wconf 88' lang='lat' dir='ltr'><strong>mortuus</strong></span> <span class='ocrx_word' id='word_1_404' title='bbox 1256 3869 1281 3918; x_wconf 92' lang='lat' dir='ltr'><strong>in</strong></span> <span class='ocrx_word' id='word_1_405' title='bbox 1306 3868 1406 3920; x_wconf 78' lang='lat' dir='ltr'><strong>lereti-o</strong></span> 
     </span>
     <span class='ocr_line' id='line_1_42' title="bbox 315 3932 1403 4002; baseline 0.002 -12"><span class='ocrx_word' id='word_1_406' title='bbox 315 3935 422 3990; x_wconf 80' lang='grc' dir='ltr'><em>Ἀκούω</em></span> <span class='ocrx_word' id='word_1_407' title='bbox 455 3937 571 3990; x_wconf 70' lang='grc' dir='ltr'><strong>κεῖσθαι</strong></span> <span class='ocrx_word' id='word_1_408' title='bbox 604 3933 696 4002; x_wconf 80' lang='grc' dir='ltr'>νόμον</span> <span class='ocrx_word' id='word_1_409' title='bbox 725 3932 843 4001; x_wconf 81' lang='grc' dir='ltr'>Θήβησι</span> <span class='ocrx_word' id='word_1_410' title='bbox 880 3941 1118 3992; x_wconf 88' lang='lat' dir='ltr'><strong>deterarinvieum</strong></span> <span class='ocrx_word' id='word_1_411' title='bbox 1127 3943 1403 3994; x_wconf 57' lang='lat' dir='ltr'><strong>murouumspoxm.</strong></span> 
     </span>
     <span class='ocr_line' id='line_1_43' title="bbox 319 4013 1406 4084; baseline 0.004 -20"><span class='ocrx_word' id='word_1_412' title='bbox 319 4013 535 4084; x_wconf 71' lang='grc' dir='ltr'><strong>προστάττοντα</strong></span> <span class='ocrx_word' id='word_1_413' title='bbox 558 4015 620 4074; x_wconf 80' lang='grc' dir='ltr'><strong><em>τοῖς</em></strong></span> <span class='ocrx_word' id='word_1_414' title='bbox 635 4013 777 4075; x_wconf 69' lang='grc' dir='ltr'><strong>τεχνίταις</strong></span> <span class='ocrx_word' id='word_1_415' title='bbox 793 4013 842 4063; x_wconf 74' lang='grc' dir='ltr'><strong>καὶ</strong></span> <span class='ocrx_word' id='word_1_416' title='bbox 881 4016 919 4066; x_wconf 90' lang='lat' dir='ltr'><strong>Cl.</strong></span> <span class='ocrx_word' id='word_1_417' title='bbox 933 4015 1017 4080; x_wconf 87' lang='lat' dir='ltr'><strong>Epod.</strong></span> <span class='ocrx_word' id='word_1_418' title='bbox 1032 4017 1072 4078; x_wconf 86' lang='grc' dir='ltr'>ιθ,</span> <span class='ocrx_word' id='word_1_419' title='bbox 1085 4017 1126 4066; x_wconf 69' lang='lat' dir='ltr'><strong>lt.</strong></span> <span class='ocrx_word' id='word_1_420' title='bbox 1141 4043 1170 4053; x_wconf 87' lang='lat'><strong>·-</strong></span> <span class='ocrx_word' id='word_1_421' title='bbox 1190 4017 1287 4081; x_wconf 82' lang='lat' dir='ltr'><strong>operto]</strong></span> <span class='ocrx_word' id='word_1_422' title='bbox 1305 4017 1406 4081; x_wconf 85' lang='lat' dir='ltr'><strong>Signifi-</strong></span> 
     </span>
     <span class='ocr_line' id='line_1_44' title="bbox 319 4085 1406 4158; baseline 0.003 -20"><span class='ocrx_word' id='word_1_423' title='bbox 319 4093 380 4150; x_wconf 77' lang='grc' dir='ltr'><em>τοῖς</em></span> <span class='ocrx_word' id='word_1_424' title='bbox 404 4093 559 4158; x_wconf 70' lang='grc' dir='ltr'>γραφικοῖς</span> <span class='ocrx_word' id='word_1_425' title='bbox 578 4088 628 4137; x_wconf 78' lang='grc' dir='ltr'><strong>και</strong></span> <span class='ocrx_word' id='word_1_426' title='bbox 645 4091 707 4150; x_wconf 81' lang='grc' dir='ltr'><em>τοῖς</em></span> <span class='ocrx_word' id='word_1_427' title='bbox 723 4085 842 4138; x_wconf 70' lang='lat' dir='ltr'><strong>eleuat·</strong></span> <span class='ocrx_word' id='word_1_428' title='bbox 880 4093 939 4150; x_wconf 86' lang='lat' dir='ltr'><strong>cst,</strong></span> <span class='ocrx_word' id='word_1_429' title='bbox 965 4103 1047 4153; x_wconf 80' lang='lat' dir='ltr'><strong>quam</strong></span> <span class='ocrx_word' id='word_1_430' title='bbox 1073 4103 1183 4152; x_wconf 90' lang='lat' dir='ltr'><strong>prorsus</strong></span> <span class='ocrx_word' id='word_1_431' title='bbox 1207 4089 1352 4156; x_wconf 86' lang='lat' dir='ltr'><strong>negligatur</strong></span> <span class='ocrx_word' id='word_1_432' title='bbox 1376 4095 1406 4142; x_wconf 85' lang='lat' dir='ltr'><strong>et</strong></span> 
     </span>
     <span class='ocr_line' id='line_1_45' title="bbox 317 4158 1403 4234; baseline 0.004 -22"><span class='ocrx_word' id='word_1_433' title='bbox 317 4167 381 4225; x_wconf 73' lang='grc' dir='ltr'><strong><em>κοῖς</em></strong></span> <span class='ocrx_word' id='word_1_434' title='bbox 408 4165 448 4224; x_wconf 76' lang='grc' dir='ltr'><strong>εἰς</strong></span> <span class='ocrx_word' id='word_1_435' title='bbox 464 4159 498 4212; x_wconf 79' lang='grc' dir='ltr'><strong>τὸ</strong></span> <span class='ocrx_word' id='word_1_436' title='bbox 515 4167 643 4234; x_wconf 73' lang='grc' dir='ltr'><strong>κρεῖττον</strong></span> <span class='ocrx_word' id='word_1_437' title='bbox 660 4159 711 4225; x_wconf 81' lang='grc' dir='ltr'><strong>τὰς</strong></span> <span class='ocrx_word' id='word_1_438' title='bbox 728 4158 842 4225; x_wconf 65' lang='grc' dir='ltr'><strong><em>εἰκόνας</em></strong></span> <span class='ocrx_word' id='word_1_439' title='bbox 880 4167 1067 4214; x_wconf 87' lang='lat' dir='ltr'><strong>contemnatur</strong></span> <span class='ocrx_word' id='word_1_440' title='bbox 1089 4163 1147 4216; x_wconf 84' lang='lat' dir='ltr'><strong>talis</strong></span> <span class='ocrx_word' id='word_1_441' title='bbox 1167 4170 1264 4232; x_wconf 73' lang='lat' dir='ltr'><strong>posta:</strong></span> <span class='ocrx_word' id='word_1_442' title='bbox 1292 4177 1403 4230; x_wconf 83' lang='lat' dir='ltr'><strong>«capsa,</strong></span> 
     </span>
     <span class='ocr_line' id='line_1_46' title="bbox 318 4232 1404 4304; baseline 0.003 -17"><span class='ocrx_word' id='word_1_443' title='bbox 318 4237 481 4303; x_wconf 73' lang='grc' dir='ltr'>μιμεῖσθαι.</span> <span class='ocrx_word' id='word_1_444' title='bbox 513 4233 633 4288; x_wconf 75' lang='grc' dir='ltr'>Ἀπιιλει·</span> <span class='ocrx_word' id='word_1_445' title='bbox 655 4235 686 4288; x_wconf 76' lang='grc' dir='ltr'><strong>δὲ</strong></span> <span class='ocrx_word' id='word_1_446' title='bbox 709 4232 726 4288; x_wconf 88' lang='grc' dir='ltr'><strong><em>ὁ</em></strong></span> <span class='ocrx_word' id='word_1_447' title='bbox 750 4236 842 4304; x_wconf 79' lang='grc' dir='ltr'><strong><em>νόμος</em></strong></span> <span class='ocrx_word' id='word_1_448' title='bbox 880 4251 1001 4302; x_wconf 87' lang='lat' dir='ltr'><strong>quaene</strong></span> <span class='ocrx_word' id='word_1_449' title='bbox 1020 4239 1312 4304; x_wconf 79' lang='lat' dir='ltr'><strong>opertequidomest.·</strong></span> <span class='ocrx_word' id='word_1_450' title='bbox 1331 4241 1404 4291; x_wconf 86' lang='lat' dir='ltr'><strong>iiidi-</strong></span> 
     </span>
     <span class='ocr_line' id='line_1_47' title="bbox 319 4307 1404 4384; baseline 0.004 -22"><span class='ocrx_word' id='word_1_451' title='bbox 319 4316 381 4376; x_wconf 81' lang='grc' dir='ltr'>ιοτς</span> <span class='ocrx_word' id='word_1_452' title='bbox 398 4313 438 4375; x_wconf 74' lang='grc' dir='ltr'><strong>εἰς</strong></span> <span class='ocrx_word' id='word_1_453' title='bbox 454 4307 488 4361; x_wconf 81' lang='grc' dir='ltr'><strong>τὸ</strong></span> <span class='ocrx_word' id='word_1_454' title='bbox 505 4309 603 4384; x_wconf 73' lang='grc' dir='ltr'><strong><em>χεῖρόν</em></strong></span> <span class='ocrx_word' id='word_1_455' title='bbox 620 4326 689 4363; x_wconf 73' lang='grc' dir='ltr'><strong>ποτε</strong></span> <span class='ocrx_word' id='word_1_456' title='bbox 700 4307 721 4378; x_wconf 76' lang='grc' dir='ltr'><em>ἢ</em></span> <span class='ocrx_word' id='word_1_457' title='bbox 731 4311 843 4364; x_wconf 77' lang='grc' dir='ltr'>πλάσαι·</span> <span class='ocrx_word' id='word_1_458' title='bbox 879 4312 937 4364; x_wconf 90' lang='lat' dir='ltr'><strong>oula</strong></span> <span class='ocrx_word' id='word_1_459' title='bbox 955 4317 1013 4366; x_wconf 91' lang='lat' dir='ltr'><strong>tum</strong></span> <span class='ocrx_word' id='word_1_460' title='bbox 1030 4315 1181 4376; x_wconf 83' lang='lat' dir='ltr'><strong>dumtaxat,</strong></span> <span class='ocrx_word' id='word_1_461' title='bbox 1200 4318 1231 4366; x_wconf 93' lang='lat' dir='ltr'><strong>ut</strong></span> <span class='ocrx_word' id='word_1_462' title='bbox 1247 4314 1342 4376; x_wconf 86' lang='lat' dir='ltr'><strong>debet,</strong></span> <span class='ocrx_word' id='word_1_463' title='bbox 1362 4329 1404 4366; x_wconf 86' lang='lat' dir='ltr'><strong>re·</strong></span> 
     </span>
    </p>
   </div>
   <div class='ocr_carea' id='block_1_5' title="bbox 0 0 1600 4974">
    <p class='ocr_par' dir='ltr' id='par_1_6' title="bbox 0 0 1600 4974">
     <span class='ocr_line' id='line_1_48' title="bbox 0 0 1600 4974; baseline 0 0"><span class='ocrx_word' id='word_1_464' title='bbox 0 0 1600 4974; x_wconf 95' lang='lat' dir='ltr'><strong> </strong></span> 
     </span>
    </p>
   </div>
  </div>
 </body>
</html>
