3090 4974
290 459 351 524 654
648 457 1014 514 bouaritaalsroualtuai

331 619 409 684 Tres
431 615 508 682 mihi
532 616 687 683 convivae
708 636 811 704 prope
834 615 1006 684 dissentire
1028 616 1193 694 videntur,

331 741 507 806 Pascentes
528 737 617 804 vario
640 735 774 804 multum
797 737 926 806 diversa
947 735 1064 826 palato.

332 859 417 942 Quid
432 859 531 926 dem?
552 859 630 948 quid
647 859 823 926 nondam?
845 860 955 927 renuis
967 870 1011 937 tu,
1027 860 1117 948 quod
1132 859 1223 927 iubet
1236 859 1331 939 alter,

332 982 427 1063 Quod
449 981 547 1069 petis,
571 981 603 1047 id
627 1001 705 1048 sane
727 992 777 1048 est
799 981 937 1048 invisum
958 981 1153 1070 acidumque
1176 981 1315 1050 duobus.

332 1105 465 1171 Praeter
486 1114 610 1181 cetera,
633 1125 686 1170 me
707 1105 870 1172 Romaene
893 1109 1043 1190 poemata
1064 1124 1180 1172 censes
1334 1106 1375 1170 65

333 1225 482 1292 Scribere
503 1245 602 1312 posse
625 1225 706 1292 inter
727 1233 774 1291 tot
794 1244 890 1292 ouras
912 1233 1024 1312 totque
1045 1225 1197 1294 labores?

333 1347 392 1414 Hic
413 1367 569 1434 sponsum
590 1356 701 1422 vocat,
725 1345 778 1414 hio
801 1345 946 1412 auditum
967 1347 1086 1435 scripta
1108 1345 1227 1415 relictis

354 1583 394 1633 63.
414 1588 454 1643 to,
474 1584 540 1643 quod
555 1581 768 1642 ostandiciis:
787 1578 960 1646 quodtuyir,
978 1581 1094 1630 Pottierii
1111 1583 1246 1645 quattuor,
1261 1583 1343 1633 Bent-

322 1656 388 1708 leius
406 1659 434 1709 ot
449 1659 482 1710 44.
504 1685 531 1695 -
550 1657 590 1708 65.
609 1659 701 1708 Romae
716 1669 787 1706 atem
803 1654 885 1706 Aldus
903 1655 964 1719 (non
981 1654 1091 1717 bSEcdl.

290 1861 441 1924 virulentis,
471 1875 553 1926 quam
581 1866 643 1914 sunt
671 1875 812 1914 sermones
851 1859 1378 1926 arsurus.1v.p.tia.)-meaoaao-

290 1939 406 1988 blanci.»
433 1937 507 1988 coni.
530 1939 582 1988 Sat.
605 1940 634 1997 4,
663 1939 708 1998 40,
736 1936 760 1987 3.
783 1964 810 1974 -
850 1935 894 1999 aa]
922 1933 1064 1987 «Nonnulli
1081 1935 1194 1988 Codices
1211 1941 1238 1988 et
1254 1941 1377 1990 vetustae

287 2012 374 2076 prope]
393 2025 446 2064 noa
464 2010 669 2075 «plerumquep
691 2012 739 2063 sed
761 2012 813 2062 boc
851 2009 987 2061 Editiones
996 2008 1065 2060 male
1075 2011 1167 2061 donce
1175 2024 1253 2062 meae.
1266 2013 1320 2063 Sed
1331 2015 1379 2064 llo·

290 2087 364 2137 dicit:
384 2086 446 2135 «Vix
459 2085 534 2136 aliter
546 2086 602 2138 fleri
614 2089 714 2150 potest,
731 2099 812 2151 quam
850 2097 907 2134 moe
923 2097 983 2134 voc.
997 2097 1106 2156 prunam
1120 2085 1171 2136 sibi
1184 2086 1301 2137 vindieat
1313 2088 1376 2138 vim.

289 2164 331 2221 ut,
356 2162 378 2212 si
398 2161 582 2212 tantummodo
600 2164 654 2212 tres
673 2162 726 2225 (qui
748 2175 814 2215 con·
852 2158 890 2210 Cl.
911 2159 953 2222 (ad
970 2159 1139 2220 senteutiam)
1163 2161 1215 2210 Sat.
1234 2161 1264 2220 2,
1284 2161 1315 2222 6,
1335 2162 1377 2212 33.

289 2237 350 2286 vivii
370 2236 495 2286 minimus
517 2237 560 2285 est
579 2248 721 2296 numerus,
748 2233 812 2285 Geli.
851 2233 883 2283 60
901 2246 978 2298 seqq.
1002 2235 1117 2299 lippi,
1136 2233 1181 2298 44,
1200 2235 1291 2300 dseq.
1314 2238 1377 2288 44.»

290 2311 334 2370 43,
354 2310 404 2371 44.)
422 2323 531 2359 mensae
549 2309 723 2371 accumbant,
746 2311 814 2360 inter
851 2309 970 2358 brianus.
986 2337 1013 2345 -
1032 2309 1136 2374 labores]
1162 2323 1230 2374 quos
1253 2313 1292 2361 sic
1310 2325 1379 2363 enu-

289 2399 320 2438 se
337 2384 520 2435 dissentiant.»
546 2385 610 2433 Mire
636 2383 711 2434 iland
737 2385 813 2435 Tura.
852 2386 939 2433 meret
955 2381 1020 2434 Piin.
1038 2384 1104 2447 Epp.
1119 2385 1147 2444 4,
1165 2385 1194 2446 9,
1211 2386 1241 2436 4ι
1260 2385 1289 2435 St
1306 2399 1380 2448 ᾳικιιι

289 2460 333 2511 IV.
354 2472 381 2523 p.
403 2458 464 2508 60οι
496 2457 569 2508 «Trea
592 2457 711 2508 convivae
735 2471 815 2520 prope
851 2458 1160 2522 lamaroper,liodleqold
1170 2459 1261 2523 aptati?
1277 2473 1380 2524 raspoa·

290 2535 352 2586 sunt
367 2533 446 2596 pauci
458 2533 537 2582 amici
553 2545 637 2596 prope
650 2532 814 2584 accubantes
852 2533 923 2583 deal:
949 2535 1035 2598 044440
1060 2539 1134 2598 lopas
1153 2535 1235 2584 uirilis
1259 2535 1378 2600 laterici,⁸

290 2612 318 2660 et
333 2606 547 2668 confabulantes,
567 2608 612 2670 qui
624 2607 749 2658 videntur
761 2621 813 2658 non
851 2609 979 2670 sponsalia
1003 2613 1048 2658 aut
1072 2609 1175 2672 nuptias
1201 2611 1379 2674 4440044404·

290 2696 370 2749 posse
380 2682 530 2744 dissentire,
544 2685 634 2733 tamen
643 2683 811 2734 dissentiunt.
851 2683 891 2732 ille
911 2696 951 2734 aaa
972 2683 1006 2734 ad
1027 2686 1178 2747 aquandum
1194 2689 1379 2746 testamentum,

292 2758 381 2810 Reddo
399 2759 453 2809 dret'
469 2759 534 2808 coba
545 2758 694 2808 tetsammaa
705 2759 814 2808 sltzoade
852 2757 893 2808 4444
903 2758 930 2808 t'a
941 2759 1141 2820 aduocationem,
1160 2759 1200 2809 ille
1210 2760 1238 2809 ia
1248 2761 1380 2810 consilium

291 2835 391 2886 64444.»
411 2857 439 2869 -
456 2833 563 2882 meam
579 2833 687 2898 abaco]
705 2833 771 2897 Epp.
788 2833 812 2894 4,
851 2833 959 2896 ropooit.
975 2859 1002 2869 -
1022 2831 1147 2896 maman]
1165 2835 1218 2884 Sat.
1234 2835 1263 2894 4,
1281 2835 1310 2894 6,
1329 2833 1377 2884 2³:

291 2909 336 2970 40,
354 2907 385 2958 3:
408 2908 515 2958 mudum
531 2907 666 2958 dissimiles.
697 2907 736 2957 Gi.
759 2907 812 2956 Sat.
852 2909 944 2958 aomae
963 2921 1105 2969 sponsorem
1125 2921 1166 2957 me
1180 2908 1259 2970 rapis.
1281 2934 1309 2943 -
1328 2921 1379 2957 au-

291 2984 319 3043 4,
338 2982 366 3044 3,
384 2984 425 3033 cr.
440 3009 468 3020 -
488 2983 553 3044 Oraid
569 2981 650 3045 darni]
670 2983 749 3034 «Mire
761 2981 814 3030 iam
852 2981 1045 3046 ditamserlpta]
1058 2980 1228 3032 Nibiiautem
1240 2979 1380 3034 molestius

290 3057 437 3108 dramatico
454 3057 608 3108 charactere
626 3059 764 3120 tamquam
780 3053 814 3104 ad
852 3069 934 3119 quam
951 3055 1126 3107 mediocrium
1148 3059 1288 3120 poetarum
1307 3057 1379 3106 reci-

290 3133 363 3196 ipsos
392 3133 517 3183 convivas
550 3131 680 3194 loquitur,
716 3141 815 3180 unum·
853 3132 974 3181 tationes.
994 3131 1143 3182 cletta
1163 3129 1380 3195 Epp.i,l9,39

290 3218 427 3271 quemque
449 3219 542 3257 eorum
563 3203 700 3270 appellans
717 3203 743 3254 id
764 3217 815 3268 po-
853 3221 894 3271 sq.
910 3232 939 3243 -
957 3207 1056 3272 4444444]
1084 3221 1136 3257 oon
1163 3206 1322 3268 moralibus,
1349 3209 1378 3258 ut

290 3284 426 3342 suentem,
454 3281 527 3344 quod
551 3282 648 3332 ceteris
665 3279 812 3344 displicet.»
853 3281 1003 3341 ita,dicam;
1022 3281 1071 3332 sed
1083 3279 1220 3342 civilibus,
1239 3282 1380 3345 arguami-

291 3359 385 3407 Poma.
406 3383 432 3394 -
450 3357 536 3407 renata
551 3361 593 3417 ta,
612 3355 686 3418 qaod]
704 3353 814 3406 Bentleii
853 3369 900 3406 cos
912 3357 1080 3421 praesertim.
1096 3381 1123 3391 -
1143 3355 1225 3420 cubat]
1238 3359 1379 3418 «aegrotus

290 3429 369 3482 lectio
384 3432 470 3481 renata
486 3431 551 3493 qaod
567 3435 596 3480 ta
612 3432 714 3480 tantum
726 3429 813 3490 abest,
852 3432 946 3482 iacet.»
963 3430 1022 3481 Vid.
1035 3430 1070 3482 ad
1082 3431 1135 3480 Sat.
1149 3429 1177 3489 4,
1190 3431 1219 3491 0,
1233 3429 1279 3480 ld:
1300 3429 1380 3480 Trana

290 3509 321 3556 ut
330 3503 481 3570 simplicior
497 3506 531 3554 sit
553 3506 581 3554 et
597 3501 757 3566 elegantior,
785 3505 815 3554 ut
853 3505 959 3566 Tiberim
980 3505 1053 3568 lotape
1074 3503 1149 3554 cubat
1168 3503 1199 3554 44.
1219 3529 1247 3540 ·-
1266 3509 1379 3556 44444444

291 3580 384 3631 durior
403 3581 498 3630 merito
520 3581 670 3630 censeatur.
695 3605 722 3616 -
745 3577 814 3641 sone]
851 3579 879 3628 la
894 3577 1022 3642 Aventina]
1042 3579 1084 3628 ain
1102 3581 1222 3628 extrema
1239 3580 1314 3641 parte
1326 3577 1380 3629 col-

293 3668 357 3721 «pro
374 3658 462 3717 certo,
479 3655 613 3720 proiecto,
632 3655 747 3718 panas.»
852 3653 883 3705 iis
904 3653 1040 3712 aventini,
1067 3653 1114 3716 qui
1140 3652 1267 3714 Quirinali
1293 3651 1379 3715 (quod

852 3725 960 3790 volgare
977 3729 1037 3777 orat
1053 3739 1166 3779 nomen:
1187 3726 1243 3778 Cic.
1261 3725 1295 3777 da
1312 3728 1377 3790 ltep.

323 3804 410 3855 aa-ra.
429 3805 531 3854 Praeter
541 3803 631 3868 cetera]
649 3815 729 3867 «praa
742 3804 816 3852 cete-
852 3803 882 3864 4,
897 3803 937 3862 40,
951 3802 1002 3866 40.)
1015 3803 1151 3865 eregione
1163 3803 1301 3866 oppositus
1312 3799 1381 3852 mul-

292 3879 341 3938 ris,
368 3879 429 3928 ante
448 3878 567 3937 omnia,-
594 3881 624 3926 ut
645 3887 726 3940 saepe
744 3875 816 3940 apud
854 3879 910 3928 tum
936 3875 970 3926 ab
997 3889 1029 3927 eo
1055 3877 1142 3928 distat.
1172 3878 1284 3928 Rectum
1307 3879 1380 3926 esset

292 3954 459 4003 Ciceronem.
478 3953 529 4001 Pro
546 3949 615 4002 Sulla
632 3949 662 4001 3:
684 3951 740 4000 Nisi
757 3963 816 4000 vero
854 3953 934 4002 etiam
961 3951 1059 4002 lleiasii
1083 3951 1109 4001 ta
1125 3951 1187 4002 colle
1204 3950 1324 4013 (44444444,
1350 3953 1380 4000 ut

290 4039 330 4076 me
345 4039 423 4076 caum
439 4027 477 4075 uis
492 4025 574 4088 ferum
592 4029 722 4087 praeter
738 4029 817 4075 cete·
853 4025 928 4078 ovid.
945 4027 1006 4076 blet.
1022 4025 1067 4088 44,
1083 4025 1141 4078 830.
1159 4037 1223 4090 pars
1240 4023 1377 4074 codicum:

291 4113 343 4150 ros
360 4103 412 4150 cet.
432 4098 611 4162 (ascholiasta
628 4096 816 4163 eumreliquis
852 4101 913 4151 colle
924 4099 1037 4163 Quirino.
1064 4099 1116 4150 Sed
1135 4097 1380 4150 contraiibrosno·

291 4173 493 4240 interpretibus:
509 4175 682 4236 praecetert'r,
696 4180 817 4226 4444444·
853 4179 895 4227 tos
919 4175 946 4226 id
972 4175 1092 4240 recipere
1119 4173 1182 4225 nibil
1205 4175 1307 4225 attinet.
1337 4171 1376 4223 Ci.

290 4251 344 4302 aio.
373 4250 407 4300 44
423 4250 546 4300 Horatius
562 4249 639 4300 dicit:
658 4250 748 4301 missis
758 4247 815 4300 aliis
853 4251 928 4302 Ovid.
942 4251 1011 4302 rost.
1023 4249 1048 4312 4,
1058 4249 1119 4300 ³75:
1134 4250 1379 4313 Qamdamsamato

292 4325 410 4386 caussis,
435 4337 519 4374 anum
536 4325 588 4374 boc
604 4337 814 4376 commemoro.»
853 4327 888 4376 eat
904 4323 983 4376 colle
999 4324 1125 4388 oatrtat
1140 4323 1194 4376 Hac
1210 4325 1324 4374 Fortuna
1339 4323 1379 4374 dte
