3174 4974
289 451 350 517 564
650 451 778 502 nonam
797 451 1016 505 errsronanou

330 609 486 674 incutiant
508 605 611 674 aliena
634 605 689 673 tibi
711 617 845 694 peecata
866 606 1034 694 pudorem.

330 729 481 797 Fallimur
502 739 535 795 et
555 727 720 815 quondam
742 748 806 796 non
828 727 961 815 dignum
983 711 1154 796 tradimus:
1179 751 1257 817 ergo

328 853 433 932 Quem
456 871 516 916 sna
537 847 631 937 culpa
654 859 791 937 premet,
817 849 973 936 deceptus
995 849 1105 916 omitte
1130 852 1226 928 tueri,

327 973 367 1041 Ut
388 973 516 1058 penitus
538 979 663 1045 notum,
688 971 715 1034 si
738 979 860 1036 tentent
881 971 1029 1048 crimina,
1053 991 1166 1038 serves
1330 975 1372 1038 80

327 1093 518 1181 'faterisque
541 1101 595 1158 tuo
617 1091 769 1158 fidentem
792 1091 972 1178 praesidio,
996 1093 1052 1180 qui

325 1217 428 1282 Dente
451 1213 615 1280 Theonino
639 1233 713 1279 cum
735 1211 997 1289 circumditur,
1021 1213 1140 1301 ecquid

347 1395 388 1444 80.
406 1395 438 1443 At
450 1394 549 1456 penitas
566 1390 698 1442 Bentleins
716 1391 877 1441 coniectura.
899 1415 926 1426 -
946 1391 986 1441 84.
1004 1391 1109 1454 fidenter
1124 1391 1198 1443 idem
1211 1405 1225 1442 e
1238 1393 1337 1445 Barthii

315 1468 427 1530 Codice,
446 1470 476 1517 44
491 1467 609 1526 videtur,
633 1478 743 1530 prorsus
761 1465 871 1526 ficticia,
893 1463 977 1529 qualis
996 1468 1037 1516 est
1053 1467 1134 1518 etiam
1150 1465 1258 1518 Vaiartii
1274 1470 1338 1520 Sor-

315 1542 441 1602 4044044,
457 1542 536 1606 tidem
552 1545 586 1590 444
602 1553 629 1604 p.

282 1709 348 1798 apto
357 1703 395 1758 ἂν
408 1705 485 1778 εἰδῇς
493 1700 739 1778 ἄνδρασαφηνῶς,
750 1701 807 1776 Ὀρ-
843 1718 908 1756 vero
934 1705 993 1757 talis
1018 1719 1082 1758 4444
1107 1707 1189 1759 utiam
1216 1710 1369 1775 exemplum

281 1799 336 1850 γην
352 1783 402 1833 καὶ
413 1777 528 1852 ῥυθμὸν
538 1782 588 1832 nat
599 1777 707 1852 τρόπον
724 1772 806 1843 ὅστις
844 1783 946 1832 exstat:
966 1793 1027 1832 nam
1046 1784 1155 1846 propter
1167 1782 1368 1847 ambiguitatem

279 1851 317 1908 ἂν
334 1848 363 1928 ᾖ.
382 1883 409 1894 —
429 1856 536 1921 adspice]
555 1853 674 1906 «σκόπει
694 1857 744 1907 καὶ
760 1849 806 1905 εὐ·
843 1855 894 1904 444
917 1856 1064 1907 sententiae
1085 1856 1170 1906 torma
1187 1857 1367 1911 abstinebant.

279 1928 389 1993 λαβοῦ,
408 1929 548 1994 diligenter
567 1929 715 1994 expende.»
730 1958 758 1966 —
776 1943 808 1980 444
844 1929 883 1980 Ci.
897 1931 977 1980 etiam
991 1928 1089 1981 Herbst
1101 1933 1184 1982 Lectt.
1197 1933 1297 1984 Venus.
1307 1935 1327 1983 4.
1340 1948 1367 1998 p.

278 2003 807 2070 4041444440444444444444444-
845 2005 894 2067 47.)
913 2030 942 2040 -
963 2003 1067 2068 44444444]
1092 2004 1212 2056 Verbum
1228 2011 1325 2058 tentore
1342 2010 1368 2057 et

279 2081 346 2132 dore
354 2079 516 2144 pertundunt
524 2081 634 2142 peccata
645 2080 711 2140 eius,
724 2093 806 2142 quem
843 2079 877 2130 de
904 2079 1005 2130 morbis
1028 2082 1056 2130 et
1077 2079 1112 2131 de
1130 2081 1269 2145 quibusvis
1285 2081 1368 2133 rebus

278 2153 358 2220 paulo
383 2152 604 2203 inconsideratius
627 2151 804 2203 laudaveris.»
842 2152 982 2204 hostilibus
1000 2153 1104 2204 dicitur.
1121 2167 1148 2192 ·-
1166 2157 1290 2220 mem]
1318 2159 1368 2209 «tit

280 2254 309 2266 -
323 2226 459 2290 quondam]
478 2229 507 2276 44
523 2226 570 2276 Od.
584 2227 614 2286 2,
632 2228 677 2287 40,
692 2227 732 2276 48.
751 2228 804 2290 Sat.
842 2226 883 2278 ilie
906 2227 953 2277 tibi
975 2229 1082 2293 penitus
1102 2233 1260 2294 perspectus
1278 2233 1319 2282 est
1335 2244 1368 2282 ac

278 2304 304 2362 4,
317 2303 342 2362 4,
356 2302 396 2350 84.
410 2314 459 2364 pro
477 2301 610 2350 4444444444.
627 2327 654 2336 -
672 2301 804 2364 tradimus]
841 2301 984 2366 probatus,
1002 2303 1041 2354 sic
1058 2315 1152 2354 rursus
1169 2316 1367 2356 omnemsaam

278 2376 336 2426 Vid.
350 2373 384 2424 ad
400 2375 466 2438 Epp.
482 2375 509 2434 4,
529 2374 557 2436 9,
576 2374 642 2424 3.-
662 2387 722 2438 erpo
742 2374 805 2439 cet]
841 2375 968 2426 fiduciam
986 2378 1013 2426 in
1025 2379 1050 2426 te
1063 2378 1182 2440 reponit,
1202 2379 1289 2442 etpro
1302 2377 1367 2430 iaiso

278 2451 345 2503 «Ubi
373 2449 536 2510 acciderit,·
565 2449 663 2512 inquit,
695 2450 744 2500 444
766 2449 803 2511 44,
842 2451 929 2500 amico
951 2451 1047 2502 merito
1068 2453 1093 2500 te
1112 2450 1237 2513 habebit,
1264 2453 1285 2503 si
1303 2466 1367 2504 enm

277 2537 361 2586 quem
387 2525 415 2573 44
443 2521 559 2587 probum
584 2535 615 2572 ae
644 2522 804 2587 prudentem
842 2537 895 2576 non
921 2525 1086 2586 detonderis,
1113 2526 1162 2576 sed
1186 2527 1366 2578 deserueris.-

276 2599 414 2648 bominem
440 2609 501 2648 esse
527 2596 671 2648 arbitratus
690 2598 804 2661 principi
843 2601 914 2650 44440
930 2598 1008 2650 140440
1026 2612 1089 2650 cam
1106 2613 1204 2650 novam
1217 2603 1244 2651 et
1256 2615 1367 2664 gravem

276 2672 353 2725 alicui
370 2673 427 2722 viro
439 2670 652 2732 commendares,
666 2670 803 2734 indignum
841 2674 1001 2725 sententiam
1012 2675 1157 2735 contineat,
1170 2673 1248 2738 longe
1259 2675 1367 2740 praete-

275 2761 306 2798 se
323 2749 367 2798 tua
380 2745 611 2798 commendatione
629 2747 737 2809 propria
749 2744 804 2796 cui-
840 2747 924 2798 rende
943 2749 985 2798 est
1001 2747 1159 2798 Burthianae
1175 2750 1288 2812 44444444.

275 2835 310 2886 pa
327 2820 474 2872 reddiderit
491 2823 518 2868 et
535 2819 643 2870 tantoris
659 2821 803 2883 gratiacu—
873 2821 976 2872 84-84.
1005 2824 1048 2884 qui
1073 2823 1152 2872 Dente
1174 2823 1237 2884 cet]
1261 2822 1364 2884 «Quid,

276 2894 362 2956 eidat,
389 2897 446 2944 tum
473 2895 516 2942 tua
538 2893 627 2960 priore
649 2897 697 2958 s'pe
721 2893 802 2944 444444
840 2894 914 2958 quod
931 2896 1012 2946 etiam
1029 2895 1135 2960 propria
1149 2895 1367 2946 utilitashocre-

276 2969 369 3018 desine
391 2979 454 3018 eum
477 2967 558 3026 tueri,
585 2967 647 3029 quia
665 2965 801 3030 indignum
840 2969 931 3032 quirit,
959 2971 989 3018 44
1013 2970 1099 3019 inania
1126 2969 1236 3020 crimina
1252 2971 1279 3020 in
1297 2971 1367 3021 ami-

275 3041 338 3092 nibii
365 3039 480 3099 4444444,
508 3041 590 3090 temet
610 3042 698 3103 ipsam
716 3040 803 3092 444444-
840 3055 902 3092 eum
920 3043 1041 3092 coniecta
1058 3043 1179 3094 rebrtes‘t
1208 3045 1275 3094 Nam
1293 3043 1366 3095 mali-

275 3113 801 3178 tiaesuspeotumtaciesaeiidem,quae
839 3130 906 3180 gnus
924 3117 1093 3178 criminator,
1115 3119 1222 3168 iamiam
1239 3119 1365 3170 audacior

275 3194 354 3243 antea
372 3187 419 3238 tibi
437 3186 621 3248 tribuebatur,
649 3189 799 3240 imminues.
839 3191 924 3242 iactus
942 3193 969 3241 et
985 3191 1145 3256 praevidens
1162 3196 1188 3243 te
1200 3193 1364 3246 vicissimab

274 3264 414 3326 indignum
440 3263 518 3324 igitur
549 3261 661 3312 missum
691 3261 746 3322 iac,
773 3267 802 3312 44
838 3265 938 3326 amico,
966 3279 1047 3328 quem
1069 3265 1223 3330 prodidisti,
1252 3267 1365 3318 destitu—

275 3338 345 3403 (t'va,
363 3337 424 3401 qao)
441 3337 529 3400 possis
541 3337 614 3386 tanto
626 3336 726 3386 maiore
738 3349 799 3386 cum
838 3343 895 3389 tum
912 3337 957 3400 iri,
978 3353 1040 3389 mox
1057 3342 1083 3389 te
1101 3353 1209 3404 quoque
1221 3340 1290 3392 ciam
1302 3341 1365 3392 ado·

274 3412 371 3464 fiducia
384 3411 453 3461 tueri
464 3411 649 3471 innocentem,
667 3409 717 3458 sed
729 3409 800 3460 441444
838 3413 920 3462 444444
944 3415 971 3462 44
994 3412 1124 3464 maledico
1142 3415 1222 3466 dente
1244 3418 1363 3481 carpet.»

274 3483 431 3538 criminibus
440 3485 653 3534 circumventum
665 3485 745 3546 atque
754 3497 802 3547 op-
839 3512 867 3523 -
887 3487 1018 3551 44404440]
1042 3487 1224 3539 «anthimus-
1252 3491 1363 3552 (nomen

273 3571 424 3627 pressum.»
452 3558 501 3617 Qui
518 3554 689 3620 utexplicant
704 3557 798 3618 «sieut,
837 3563 1008 3624 corruptum;
1042 3563 1068 3612 in
1096 3563 1135 3612 Lo
1159 3561 1223 3613 latet
1250 3563 1363 3616 tortasse

274 3631 535 3700 quemadmodum.»
557 3644 610 3682 non
627 3632 691 3681 satis
708 3631 800 3683 deien—
835 3634 935 3697 Laetae)
948 3635 1062 3697 «Theon,
1079 3634 1227 3698 tibertinus,
1239 3637 1363 3688 dicacita-

273 3710 339 3762 dere
364 3707 477 3772 possunt
499 3707 641 3756 coniuncti.
660 3719 741 3756 4444444
757 3711 799 3758 444-
836 3709 868 3758 444
885 3709 1061 3759 amaritudine
1079 3713 1187 3774 praeter
1203 3715 1308 3762 eeteros
1326 3713 1360 3762 444

272 3787 379 3845 meapte
396 3779 577 3845 promovetis,
590 3779 711 3830 tutabere.
736 3779 799 3842 (Fai-
835 3783 978 3845 patronum
1003 3797 1082 3835 suum
1114 3786 1297 3849 exasperavit,
1333 3790 1362 3836 nt

272 3870 332 3909 eam
349 3857 417 3906 banc
442 3855 689 3918 interpretationem
707 3867 798 3904 rursus
836 3855 917 3906 domo
935 3857 992 3908 eius
1016 3861 1232 3909 summoveretur
1250 3862 1277 3910 et
1293 3872 1362 3923 qua·

272 3930 419 3982 detondere
432 3929 735 3987 corratasestDitntzer3
749 3928 798 3978 sed
836 3930 966 3980 ternarion
987 3931 1094 3994 (idest,
1119 3933 1275 3998 quadrante)
1303 3932 1361 3983 aie-

273 4003 374 4056 nutiam
400 4003 496 4053 afferre
523 4003 609 4068 potuit
634 4000 796 4066 exemplum,
835 4006 896 4065 gato
913 4003 1052 4054 iuberetur
1069 4008 1170 4056 restem
1187 4004 1238 4058 sibi
1255 4005 1362 4071 palum·

271 4081 298 4128 in
324 4091 377 4144 quo
402 4079 464 4130 ante
489 4074 555 4127 tales
572 4076 754 4127 coniunctivos
771 4081 799 4126 44
835 4091 889 4140 que
912 4091 1011 4129 emere.
1044 4082 1094 4129 Per
1111 4079 1182 4131 4440
1198 4093 1262 4144 ergo
1281 4079 1362 4132 maie-

271 4152 388 4216 positum
414 4152 464 4212 sit,
499 4149 729 4214 quemadmodum
755 4151 797 4200 bic
836 4148 887 4200 dici
913 4156 941 4202 et
965 4151 1131 4204 detractores
1154 4153 1360 4218 intelliguntur.»

271 4225 431 4276 sententiam
449 4237 510 4275 esse
529 4222 600 4274 voit:
620 4225 708 4275 «sicut
725 4225 799 4288 peni·
835 4225 920 4274 Cora.
940 4225 1018 4284 Cane.
1052 4227 1112 4277 Sine
1134 4225 1185 4278 ulia
1203 4229 1361 4278 auctoritate

270 4301 313 4353 4444
339 4299 430 4348 notam
457 4311 565 4346 44444444
595 4295 705 4348 debes»
743 4300 797 4348 Neo
837 4299 962 4352 erasmus
980 4299 1005 4350 in
1023 4300 1117 4350 4441404.
1132 4301 1167 4352 ad
1184 4303 1210 4352 b.
1226 4299 1241 4352 4.
1256 4305 1283 4352 44
1294 4303 1361 4356 404.-
