3022 4984
546 453 606 504 ARS
623 453 768 504 Pontice.
1143 451 1205 516 753

163 609 310 697 Turpiter
331 608 464 676 obticuit
485 607 612 676 sublato
634 609 704 676 iure
726 606 873 675 nocendi.

162 731 210 798 Nil
233 731 420 798 intentatum
442 732 543 796 nostri
564 729 690 817 liquere
712 736 844 818 poetae,
1142 731 1205 798 285

161 855 227 920 Neo
248 853 414 920 minimum
436 871 586 919 meruere
608 850 724 928 decus,
747 850 884 938 vestigia
906 849 1030 918 Graeca

162 975 239 1041 Ausi
260 974 415 1041 deserere
437 983 471 1041 et
491 972 659 1040 celebrare
681 971 860 1039 domestica
882 971 981 1048 sucta,

163 1093 218 1163 Vel
240 1097 296 1183 qui
319 1104 502 1183 praetextas
522 1093 574 1160 vel
596 1094 653 1182 qui
676 1093 819 1161 defflere
840 1101 974 1182 togatas.

154 1301 381 1355 omittttnuncv.
401 1301 429 1351 Β.
451 1325 478 1338 -
496 1302 554 1352 est.
572 1299 882 1364 semproniensem.
909 1329 934 1338 ·-
960 1303 1017 1354 288.
1035 1306 1127 1368 tecutis
1142 1307 1171 1356 B.

123 1490 153 1543 ἐν
168 1488 200 1542 δὲ
216 1486 256 1557 τῷ
272 1485 384 1560 θεάτρῳ
401 1491 463 1550 τοῖς
479 1483 646 1553 κωμῳδοδι-
682 1482 842 1557 ραβάσεσιν
860 1485 929 1538 edite
947 1491 997 1540 est.
1025 1491 1144 1541 Meineke
1157 1491 1205 1553 Qu.

123 1561 287 1626 δασνάλοις.
306 1565 361 1614 cie.
376 1561 410 1612 de
422 1565 486 1626 liep.
499 1561 529 1622 4,
543 1564 584 1622 to,
599 1561 644 1612 33:
683 1561 760 1611 Scau.
778 1563 801 1612 t.
824 1576 851 1626 p.
868 1563 909 1612 ab.
932 1562 1019 1614 Sobel.
1040 1566 1119 1617 Arist.
1140 1567 1205 1618 iten.

124 1643 191 1704 opud
207 1653 268 1702 quos
283 1639 404 1702 (Graecos
419 1637 580 1700 antiquiores)
599 1637 648 1700 (titt
683 1633 749 1686 ibi:
775 1633 823 1686 est
838 1632 910 1701 γοῦν
924 1633 978 1688 τοῦ
995 1636 1121 1690 Καλλιου
1138 1637 1208 1691 τού-

124 1718 198 1768 ettum
214 1715 267 1778 toea
282 1712 564 1774 moenemuequod
576 1710 648 1760 cettei
682 1723 734 1760 ooo
753 1708 799 1771 tot.
813 1711 854 1772 93,
867 1711 891 1761 d.
911 1715 973 1762 unte
988 1713 1051 1764 Chr.
1064 1713 1131 1777 tot.)
1149 1731 1208 1782 φη-

124 1790 251 1842 comoedia
267 1789 296 1838 de
307 1800 356 1850 quo
367 1787 438 1836 veltet
449 1788 647 1850 (praeterquam
683 1784 731 1834 σῖν
745 1777 938 1854 :spurcum
950 1777 998 1837 ὅτι
1007 1783 1116 1839 σύνδυο
1127 1783 1208 1854 ἔδοξε

124 1867 157 1916 de
169 1865 312 1915 archonte:
331 1858 418 1910 Sobel.
430 1860 563 1924 Aristopb.
576 1858 645 1910 Nub.
684 1863 820 1928 χορηγεῖν
843 1855 880 1910 τὰ
896 1857 1036 1912 Διονύσια
1061 1866 1123 1925 τοῖς
1138 1877 1208 1935 τρα-

124 1941 174 2002 34.)
199 1936 348 1988 ποηῖῖμδῖῖω
370 1935 470 1985 diceret.
504 1937 582 1997 (δυοῖν
602 1934 648 1983 iiio
683 1930 788 1998 γῳδοῖς
809 1935 858 1984 καῖ
875 1934 1043 2002 κωμῳδοῖς·
1070 1935 1166 2009 χρόνῳ
1183 1937 1208 1988 δ’

123 2029 173 2065 χρη
184 2012 283 2076 uttiptt,
301 2010 446 2072 oeipotitts,
464 2021 649 2070 qumnottoe·
684 1999 806 2078 ὕστερον
831 2003 866 2061 οδ
890 2009 985 2078 πολλῷ
1005 2010 1142 2076 καθάπαξ
1159 2029 1209 2064 rre-

123 2087 214 2140 oeuutti
230 2083 413 2148 euipeperuiti
426 2109 453 2120 -
465 2083 525 2149 obn]
539 2097 571 2134 ee
582 2097 648 2147 pro-
684 2080 770 2152 διεῖλε
781 2083 922 2149 Κινησίας
936 2082 989 2149 τὰς
1000 2091 1148 2158 χορηγίας.
1169 2090 1207 2140 ct.

123 2176 156 2229 pe
173 2159 377 2225 significatione,
396 2169 449 2220 qua
464 2159 574 2208 utuntur
585 2157 646 2217 teti,
685 2158 816 2209 Fritzsobe
830 2161 861 2219 Q.
873 2164 903 2210 Α.
916 2174 943 2225 p.
957 2162 1014 2212 3⁰7.
1033 2161 1115 2212 simut
1126 2164 1209 2227 signi-

123 2236 325 2302 pewoitsome
349 2233 535 2296 Vertoteunp
555 2233 647 2282 onde-
685 2233 747 2282 ficet
772 2234 911 2285 nennium
932 2237 1036 2300 priscae
1054 2238 1210 2290 comoediae

123 2325 189 2371 rer,
207 2321 277 2373 quae
294 2321 347 2358 non
366 2320 445 2358 secus
462 2321 494 2357 ee
513 2307 552 2356 oie
566 2308 648 2358 bomi-
684 2320 733 2371 per
750 2309 867 2360 medium
884 2311 1017 2362 innurem
1032 2310 1095 2362 inde
1106 2326 1121 2362 a
1131 2313 1208 2364 XXX.

123 2387 194 2436 rubeo
202 2385 310 2435 ammte
316 2383 494 2434 eooctieoeeioi
504 2383 577 2432 tituto
588 2381 647 2446 iege
684 2383 859 2444 tyrannorum
870 2383 1050 2436 dominatione
1063 2389 1132 2450 (ante
1145 2387 1208 2438 Chr.

123 2460 242 2511 coerceri
259 2457 385 2510 debebat.
409 2461 447 2508 Ac
459 2471 488 2507 re
499 2469 564 2507 veru
575 2459 649 2508 eius·
685 2455 763 2521 404).

123 2533 195 2585 modi
211 2535 396 2598 ψηφῖσματα
409 2531 462 2582 lete
473 2531 581 2584 suntab
592 2535 648 2582 An·
717 2532 838 2584 est-ses.
852 2534 977 2584 oetebrore
988 2537 1209 2601 domsbeufueto]

124 2609 239 2662 dmecbo
257 2610 285 2657 et
300 2608 455 2670 Syracosio;
475 2618 590 2669 quorum
607 2609 648 2656 ta-
684 2607 1022 2659 NoszNusionotetitcke
1034 2611 1165 2660 dieitee.
1179 2612 1212 2661 st

123 2697 186 2736 men
203 2687 311 2747 tempus
327 2682 460 2732 incertum
476 2683 531 2732 est:
548 2681 648 2732 tluetu-
685 2680 795 2743 quidem
811 2683 904 2745 tragici
918 2685 1002 2733 Latini
1016 2683 1163 2736 admodum
1174 2685 1212 2736 ie-

124 2761 170 2809 aut
190 2758 262 2808 enim
283 2753 437 2817 chronologi
456 2755 526 2804 inter
542 2753 646 2818 Olymp.
684 2753 770 2805 liciter
792 2756 908 2806 Romane
930 2760 1087 2819 argumenta
1110 2761 1212 2821 tragoe-

123 2833 170 2894 90,
184 2832 208 2883 t.
222 2833 250 2881 et
261 2829 299 2880 04.
312 2828 359 2889 94,
377 2831 401 2878 t.
421 2827 491 2890 (ente
509 2828 571 2879 Chr.
584 2826 648 2879 ttu—
686 2829 744 2880 diee
757 2829 853 2880 idonea
865 2829 1035 2894 delegerunt,
1055 2831 1135 2882 veluti
1147 2833 1212 2882 Bru-

123 2907 192 2969 404.)
211 2907 251 2958 Ci.
264 2905 299 2956 de
311 2902 410 2955 ditfiotti
426 2903 477 2954 bac
491 2904 648 2966 quaestione
685 2907 742 2955 tum
760 2907 787 2954 et
804 2905 930 2966 Decium,
955 2904 1026 2967 aliis,
1050 2910 1080 2957 ut
1096 2907 1208 2968 videtur,

124 2977 647 3042 cttutousast.tt.p.Lv111.ed.1trueg.‚
686 2980 767 3029 etiam
783 2980 840 3028 Ser.
853 2977 949 3040 Tullio,
971 2981 1105 3044 Lucretia,
1125 2983 1211 3046 Virgi-

123 3051 647 3116 Fritzsebeetbernguaestt.aristoph.
686 3055 727 3104 nia
739 3055 944 3118 praetermissis.
967 3057 1038 3106 tuter
1048 3057 1210 3121 posteriores

123 3144 150 3195 p.
168 3128 292 3180 sot-322.
310 3127 404 3178 Suides
420 3129 447 3178 in
462 3122 646 3192 Ἀντίμαχος·
685 3131 747 3179 ante
764 3126 942 3178 Alexandrum
954 3129 988 3179 tt.
1002 3130 1116 3192 tragicos
1128 3133 1212 3181 Grae-

122 3199 218 3255 ἐδόκει
234 3193 320 3265 οὗτος
330 3201 478 3267 ψήφισμα
495 3202 648 3267 usumque-
686 3215 732 3254 cos
753 3199 838 3252 simile
861 3213 946 3265 genus
965 3207 1073 3254 secutus
1091 3217 1152 3255 esse
1169 3206 1211 3254 vi-

122 3295 185 3340 ναι,
203 3273 245 3344 μὴ
257 3273 317 3327 δεῖν
333 3275 481 3344 κωμῳδεῖν
498 3272 529 3340 ἐξ
541 3270 649 3342 ὀνόμα-
686 3278 765 3329 detur
772 3276 909 3328 Moschion
918 3277 944 3325 in
953 3276 1130 3329 Themistocle
1138 3279 1211 3343 apud

122 3368 173 3417 τος
191 3351 260 3415 (alibi
278 3345 420 3417 ὀνομαστὶ
434 3348 602 3418 κωμῳδεῖν),
621 3351 648 3402 id
686 3351 758 3402 scob.
777 3352 805 3402 T.
823 3353 866 3412 et,
884 3351 925 3400 24.
949 3350 1002 3401 Cir.
1016 3353 1124 3403 omnino
1135 3352 1211 3404 Wei-

123 3431 178 3489 est,
201 3439 251 3478 «ne
273 3427 332 3489 quis
349 3427 455 3491 proprio
472 3439 522 3477 suo
540 3429 647 3478 nomine
686 3428 750 3477 cker
765 3439 805 3488 pr.
820 3424 971 3488 Tropocdten
989 3438 1015 3491 p.
1030 3425 1094 3478 4344
1105 3440 1165 3491 sqq.
1181 3453 1207 3466 -·

122 3507 153 3553 ut
169 3499 274 3552 tabulae
291 3513 404 3564 persona
423 3501 448 3551 in
461 3513 571 3552 scenam
588 3513 650 3564 pro-
682 3498 840 3564 praetactos]
866 3500 938 3550 Haec
962 3500 1046 3551 torma
1068 3515 1117 3566 pro
1134 3499 1211 3552 solita

123 3577 300 3635 duceretur;»
319 3579 427 3626 «contre
441 3575 551 3638 licebat,
571 3577 648 3626 sicuti
681 3578 857 3638 praetentatus
865 3574 1211 3640 reperituretiambisepud

123 3653 216 3712 antea.
232 3663 422 3715 quemcunque
431 3651 474 3702 vei
486 3653 593 3703 nomine
603 3650 649 3700 ad·
685 3648 804 3700 Asinium
821 3645 966 3699 Pollionem
980 3650 1006 3700 in
1019 3651 1074 3700 Cic.
1090 3651 1124 3700 ed
1136 3651 1209 3701 Fam.

123 3727 178 3777 dito
196 3727 324 3788 attingere
346 3726 447 3791 passim
464 3728 544 3791 atquo
561 3725 648 3777 laces·
686 3724 731 3786 40,
750 3723 794 3784 3ῖ,
813 3722 837 3773 3.
851 3726 878 3772 et
894 3725 933 3786 5.,
960 3724 1032 3787 apud
1054 3726 1160 3776 Festum
1184 3729 1212 3777 et

122 3813 224 3862 sere,r
254 3799 444 3862 interpretibus
469 3799 590 3851 Giintono
621 3801 649 3850 et
685 3797 840 3848 Suetonium
849 3798 877 3848 in
885 3799 943 3849 Vite
952 3799 1034 3849 Persii
1042 3801 1124 3858 entr.;
1139 3813 1212 3850 eem-

121 3874 243 3938 Bergkio.
259 3899 286 3909 —
301 3873 424 3939 Turpiter]
438 3875 512 3937 iungi
523 3874 575 3924 boe
586 3887 649 3924 ver·
686 3884 739 3934 que
756 3872 870 3923 formam
887 3872 1005 3936 praeteri
1022 3874 1052 3923 0.
1067 3870 1161 3924 biblier
1177 3871 1212 3922 nd

121 3948 189 3999 bum
215 3948 318 4010 nequit,
345 3949 375 3997 ut
399 3945 491 3998 volunt
513 3947 647 4010 nonnulli,
686 3948 794 3998 Festum
804 3961 831 4012 p.
841 3948 911 4008 22³4
924 3951 1015 3998 contre
1027 3947 1213 4010 iebulesproe·

122 4035 187 4073 cum
212 4035 237 4072 v.
263 4022 384 4080 uoeertdt3
414 4022 463 4073 sed
488 4022 541 4072 hoc
569 4022 646 4073 dicit:
685 4021 918 4072 teototoseasdem
932 4020 1213 4086 appellentGremma·

122 4098 227 4161 «Turpe
245 4099 303 4146 eret
319 4096 402 4146 choro
419 4098 480 4160 post
500 4099 601 4147 tentam
617 4095 649 4146 li·
686 4097 730 4146 tici
747 4109 857 4160 prorsus
874 4095 909 4146 ad
929 4095 1076 4160 analogium
1093 4095 1213 4161 pallietu-

121 4170 258 4222 bertetem
275 4170 363 4222 subito
375 4169 588 4222 obmutesceres
607 4173 649 4222 Sic
686 4181 747 4219 rum
759 4171 786 4220 et
798 4171 956 4232 togatarum.
973 4171 1151 4221 Praemtatue
1164 4185 1214 4222 eu·

122 4246 178 4296 iam
193 4247 264 4296 iuter
280 4244 384 4309 Olymp.
404 4246 451 4306 st,
470 4245 525 4297 4-4.
551 4247 649 4297 Cratini
686 4247 756 4306 tem,
775 4242 802 4293 id
814 4246 868 4308 est,
881 4244 1031 4308 tragoedias
1043 4246 1149 4297 Latinus
1160 4247 1213 4297 iio-

123 4318 214 4372 tabulu
228 4313 374 4382 Ὀδνσσεῖς
390 4319 447 4370 sine
459 4319 541 4370 choro
553 4323 581 4370 et
595 4335 651 4370 πα·
688 4321 759 4373 meni
769 4322 927 4387 argumenti,
938 4323 972 4371 ite
983 4323 1140 4383 nominatas,
1151 4323 1213 4386 quia

182 4411 274 4458 Hom.
290 4421 346 4459 vot.
361 4409 389 4456 tt,
419 4421 459 4457 rro.
474 4421 526 4458 uu.
546 4411 584 4457 tii.
1014 4412 1043 4461 ts
