3090 4974
583 459 642 508 lits
662 457 808 515 Potrici.

200 613 412 688 Pcrsimilcm,
438 611 529 678 cuius
551 611 640 680 velut
661 614 748 701 aegri
771 615 895 680 somnia
917 635 1017 681 vanae

200 735 373 822 Fingentur
394 733 534 821 species
560 743 594 799 ut
616 755 675 802 nec
697 755 757 823 pes
771 745 840 803 'neo
862 745 959 824 caput
978 737 1032 802 uni

198 855 362 922 Reddatur
383 857 514 922 lormae.
559 857 738 923 Pictoribus
760 869 857 946 atque
881 859 985 946 po'etis

200 976 365 1057 Quidlibet
386 976 526 1044 audendi
548 997 679 1064 semper
699 978 757 1044 luit
778 999 882 1067 acqua
905 989 1056 1066 potestas.
1205 981 1245 1046 l0

200 1099 326 1166 Scimus
341 1108 374 1166 et
387 1098 469 1165 hanc
484 1099 610 1164 veniam
624 1099 831 1188 petimusque
846 1100 1028 1188 damusque
1044 1101 1201 1180 vicissim,

201 1221 267 1287 Sed
289 1242 352 1287 non
374 1231 409 1286 ut
430 1219 566 1307 placidis
588 1229 704 1288 coeant
725 1223 871 1300 immitia,
894 1243 959 1289 uon
981 1233 1016 1289 ut

191 1401 303 1452 Schelle.
335 1403 402 1452 Vide
419 1402 551 1452 Adnotatt.
582 1429 609 1437 -
636 1401 660 1451 8.
679 1401 880 1466 Funpumurss,
900 1401 926 1451 id
944 1405 999 1463 est,
1021 1404 1165 1467 popum,
1184 1405 1213 1453 ut

191 1476 319 1614 qqqpppplt
334 1476 420 1613 ἓξὲξ.
434 1477 552 1540 quinque
569 1475 641 1538 liegii
658 1476 739 1526 Paris.
753 1475 858 1539 aliique.
875 1501 901 1512 -
921 1477 945 1526 9.
965 1477 1111 1528 licddontuc
1127 1477 1210 1528 Codd.

160 1709 255 1761 talibus
266 1710 377 1774 picturis
387 1723 542 1774 perversam
552 1709 685 1761 licentium
722 1711 876 1760 interiorem
893 1709 1022 1769 turmam,
1042 1707 1134 1768 ἰδέαν,
1153 1723 1246 1761 exem-

8 1815 9 1822 1
83 1819 86 1824 -
159 1786 292 1835 Vitruvius
303 1786 370 1844 7‚5:
390 1785 530 1848 Pinpamtcr
547 1784 634 1848 (nunc)
652 1791 687 1834 tc·
721 1782 791 1848 plur,
811 1783 883 1847 quod
900 1784 1008 1835 artificis
1025 1787 1107 1835 menti
1121 1785 1247 1836 obversu-

159 1861 244 1910 ctoriia
258 1864 372 1909 monstro
383 1861 469 1920 potius
480 1859 686 1921 quonum-citu
721 1861 778 1918 tur,
806 1861 833 1909 ct
857 1859 1035 1920 exteriorem,
1062 1873 1144 1924 quum
1169 1859 1247 1910 nobis

157 1934 234 1998 fluitis
245 1935 368 1998 inopinos
377 1939 476 1983 certae·
488 1947 566 1983 --ac
576 1933 687 1984 coliculis
722 1935 846 1997 proponit
862 1934 955 1983 artilex
971 1934 1014 1984 vel
1031 1937 1119 2000 poeta.

158 2012 232 2074 tiores
256 2009 389 2060 dioridiotc
409 2008 523 2059 iolcum
543 2021 576 2058 sc
596 2021 622 2058 se
638 2021 686 2058 cc-
754 2009 843 2058 9-43.
871 2009 1008 2058 Pictum
1025 2011 1088 2074 cet]
1111 2009 1158 2059 Est
1174 2002 1247 2058 rino·

159 2085 245 2134 euicta
260 2084 354 2147 cipitia,
372 2083 426 2132 olio
439 2083 564 2142 lunonis,
578 2083 631 2132 olio
643 2081 685 2132 ba-
721 2079 800 2152 rpopoi
825 2083 972 2146 (cubicctio)
998 2097 1013 2134 e
1037 2086 1127 2132 mente
1153 2085 1180 2132 et
1200 2095 1247 2132 ore

159 2159 266 2208 etiamen
283 2157 406 2219 capitibus
422 2157 531 2207 mulio:
557 2157 619 2206 lroec
635 2169 686 2206 αα-
721 2157 775 2208 flcti
786 2157 940 2218 adversarii,
959 2171 1041 2222 quam
1053 2159 1142 2208 statim
1160 2160 1248 2221 sequi·

159 2239 207 2282 toni
231 2245 276 2282 nec
302 2237 359 2280 suni
383 2245 428 2281 neo
447 2233 504 2296 lteri
522 2235 626 2294 possunt
641 2243 686 2280 noc
721 2234 765 2281 tur
786 2226 982 2304 ἀνθυποφορά
1002 2232 1164 2296 tremonem:
1191 2233 1248 2282 Sci-

158 2308 267 2370 t'uerunt.
282 2332 323 2344 --
342 2308 426 2368 Neque
442 2308 560 2368 picturus
578 2305 686 2367 probati
720 2321 776 2358 mur
793 2311 843 2359 cet.
867 2337 894 2346 -
914 2309 1037 2371 Quidlibet
1053 2306 1174 2371 audendi]
1200 2307 1247 2356 Di-

159 2381 253 2440 debcnt,
266 2395 331 2443 qtioa
341 2395 391 2432 oon
405 2387 463 2432 sunt
473 2381 683 2430 ominemini.
720 2381 808 2447 philus
817 2383 887 2447 apud
897 2384 990 2433 Allien.
1005 2384 1030 2442 6,
1042 2385 1051 2431 4
1064 2397 1069 2430 :
1080 2377 1130 2445 Ὡς
1139 2381 1170 2431 οἱ
1179 2395 1247 2452 rpo—

192 2457 247 2506 6-9.
275 2456 326 2519 icti]
347 2457 532 2520 contemptim.
559 2483 586 2492 -
613 2457 686 2519 cupii
720 2456 808 2524 ypdot
825 2473 929 2518 φασιν,
955 2453 1001 2520 οἷς
1018 2455 1138 2522 ἐξουσία
1147 2450 1247 2506 “Eorta

159 2531 265 2592 somnio]
284 2531 385 2594 «sopio
401 2531 540 2594 d’insemni,
561 2543 575 2580 ο
590 2530 643 2593 folo
659 2531 685 2579 di
720 2531 811 2599 λέγειν
828 2526 943 2582 ἅπαντα
958 2533 1008 2582 καὶ
1024 2535 1119 2582 ποιεῖν
1132 2528 1245 2595 μόνοις.

158 2606 292 2654 remansi»
311 2604 376 2654 dixit
393 2607 475 2655 etiam
489 2605 631 2655 petrarcha
650 2605 684 2656 de
722 2609 827 2658 nnstot.
842 2607 957 2670 Meiaplr.
972 2609 995 2666 l,
1009 2608 1034 2666 2,
1048 2607 1093 2656 4οτ
1107 2601 1182 2655 κατὰ
1193 2602 1247 2670 τὴν

159 2679 241 2730 rebus
257 2680 417 2730 vanissimis.
444 2679 544 2740 rriomo
556 2678 579 2728 d
591 2679 645 2728 Am.
659 2677 684 2740 4,
721 2681 891 2748 παροιμίαν,
904 2676 1004 2730 Πολλοὶ
1015 2678 1175 2742 ψεύδονται
1185 2673 1248 2730 οἷοι·

159 2753 685 2818 66.-ooooc]iinrerumnaturahaud
720 2752 775 2806 dot.
802 2757 908 2805 lucian.
930 2757 981 2805 Pro
1000 2756 1095 2818 imsgg.
1113 2755 1158 2804 ts:
1185 2753 1247 2804 Πα-

159 2829 344 2893 reperiendae‚
358 2841 528 2892 nequaquam
538 2839 645 2878 verae.»
656 2855 682 2864 -
721 2824 803 2891 λαιός
821 2817 908 2891 οὗτος
921 2823 938 2878 r‘
951 2824 1050 2892 λόγος,
1068 2823 1247 2891 ἀνευθύνους

160 2903 308 2968 Fiupcotur]
333 2904 405 2954 Huco
424 2906 465 2954 est
482 2901 596 2966 legitimo
616 2905 685 2952 tem·
721 2899 795 2953 οῖναι
819 2903 869 2952 καὶ
892 2897 1014 2968 ποιητὰς
1034 2903 1083 2952 καὶ
1106 2903 1245 2972 γραφέας.

159 2989 255 3041 porum
273 2978 443 3028 consecutio:
469 2977 684 3042 sore-finpantur,
723 3005 751 3015 -
771 2977 861 3042 acqua]
879 2979 936 3027 Non
955 2979 997 3028 est
1015 2990 1079 3041 uper
1097 2977 1246 3040 utrisque.»

160 3063 213 3100 non
236 3055 375 3116 stuprantur.
415 3051 509 3103 Tibull.
533 3054 561 3113 4,
583 3051 612 3112 l,
634 3052 683 3102 65:
721 3055 752 3102 ut
775 3055 883 3102 vertunt
907 3052 975 3102 Voss
1001 3054 1028 3102 et
1053 3049 1168 3111 arnold,
1198 3049 1246 3101 sed

161 3127 388 3190 Quonrcfercot
404 3129 507 3188 lictae,
524 3128 683 3188 vinnoci„
722 3127 799 3176 «iure
824 3127 955 3190 permissa
981 3128 1009 3175 et
1033 3123 1158 3176 omnibus
1178 3123 1247 3174 ultro

159 3200 205 3251 ubi
226 3199 268 3250 alii
291 3199 360 3251 male
380 3201 501 3264 resonent.
523 3229 550 3238 -
569 3215 613 3252 occ
632 3200 684 3264 pas]
722 3199 926 3260 concedenda‚»
944 3199 1046 3263 iillip,
1065 3211 1118 3249 non
1135 3199 1245 3262 plctclr,

160 3275 242 3325 Plaut.
267 3277 339 3326 Asin.
363 3276 391 3337 3,
409 3275 437 3334 d,
455 3276 516 3326 ⁴39:
542 3289 588 3325 nec
611 3280 687 3337 caput
721 3279 751 3326 ut
773 3276 888 3326 dicimus
911 3287 1021 3337 oaqrmm
1043 3275 1137 3338 iopen,
1164 3287 1247 3334 aequo

159 3363 204 3400 nec
217 3363 262 3412 pcc
278 3363 420 3400 semitonum
436 3352 550 3412 adparet.
578 3352 632 3401 Cic.
651 3349 685 3399 od
721 3351 789 3400 iuro.
826 3351 923 3399 Contra
948 3349 1012 3399 dicit
1035 3349 1162 3409 Diiutzer‚
1197 3347 1246 3398 sed

161 3426 232 3474 Fam.
246 3425 274 3485 i,
292 3425 339 3486 34,
353 3425 383 3474 2:
402 3430 459 3474 tuuc
474 3439 515 3474 ros
530 3425 568 3474 ilo
584 3430 686 3474 conno-
721 3423 827 3474 trustra.
851 3425 880 3472 ln
897 3421 979 3474 altera
997 3424 1068 3472 enim
1085 3423 1246 3487 iuterpreta-

159 3503 226 3559 ctos,
244 3504 284 3558 ct,
303 3500 512 3559 quenadmodum
523 3499 622 3560 coibis,
641 3512 686 3549 noc
721 3501 793 3549 tione
807 3499 885 3548 nimis
902 3497 1010 3561 languet
1019 3511 1045 3548 v.
1058 3509 1153 3558 coquo,
1173 3497 1246 3562 quod

159 3577 235 3635 copul
250 3585 296 3622 nec
308 3575 391 3635 pedet.
414 3599 442 3610 -
468 3574 527 3635 cni]
546 3575 593 3625 Est
610 3573 683 3624 adie·
721 3575 830 3624 omnino
848 3573 932 3622 omitti
949 3571 1107 3636 poteratvel
1122 3585 1246 3622 commu-

160 3647 222 3698 otivi
233 3645 364 3712 prolepsis
376 3650 492 3712 poetico:
506 3650 566 3706 «itu.
580 3652 610 3700 ut
620 3662 683 3709 uua,
722 3649 830 3700 tandum
849 3650 907 3698 erat
924 3659 986 3697 cum
1001 3660 1045 3696 w.
1060 3647 1152 3709 pleno,
1176 3659 1247 3696 ncn-

160 3723 233 3772 certa
251 3722 385 3782 connita,
413 3723 477 3772 sit.»
497 3747 525 3759 -
549 3724 685 3788 Reddatur]
720 3739 772 3775 mc.
789 3751 815 3760 -
834 3723 940 3784 &inuti
967 3723 1076 3782 siloem
1099 3720 1247 3785 respondet

161 3795 362 3846 uconlormetur
377 3809 409 3845 ec
426 3796 612 3861 respondeat.»
632 3799 685 3848 Na·
720 3801 782 3849 ficto
808 3798 978 3858 edversario,
1007 3795 1156 3859 «equidem
1180 3807 1247 3844 nun-

161 3873 320 3921 tururerum
329 3871 685 3934 dat‚potlnrcdclitutdebi-
721 3885 803 3936 quom
827 3873 949 3935 negavi.»
970 3895 997 3906 -
1018 3872 1144 3920 aperimus
1169 3871 1245 3933 quasi

160 3947 226 3994 tum
256 3945 399 4009 Singularis
418 3948 508 3996 autem
525 3959 539 3996 a
558 3939 626 3996 meis'
643 3958 686 3996 ce·
721 3949 829 4010 poetae.
848 3947 938 3996 αααιαο
953 3947 1029 4008 quusi
1048 3946 1156 3994 critici.»
1183 3947 1244 3996 Acn.

159 4020 278 4083 terisque
301 4022 407 4085 optimis
429 4019 580 4084 quibusque
599 4019 683 4070 codd.
722 4047 751 4057 -
767 4019 1031 4081 placidis-immitia]
1056 4021 1087 4070 lit
1107 4019 1129 4068 si
1146 4020 1172 4068 in
1190 4022 1246 4070 tra·

159 4093 280 4144 firmatus
303 4107 414 4159 prorsus
433 4096 601 4145 Horatiorum
619 4107 685 4144 con·
721 4093 814 4156 goedia
832 4105 929 4144 saevus
945 4092 1040 4155 uliquis
1059 4095 1188 4154 tyrannus
1205 4105 1247 4142 re-

159 4169 330 4220 suatudinem
342 4169 432 4220 reiert.
453 4169 491 4220 Cl.
502 4171 555 4219 Sat.
567 4170 591 4228 4,
604 4167 629 4228 i,
643 4170 682 4218 itt.
720 4170 801 4232 pente
819 4166 895 4216 lieret
912 4179 960 4216 rex
976 4165 1199 4218 clementissimus
1213 4179 1245 4217 ec

73 4295 77 4302 ,
160 4243 187 4301 6,
208 4243 264 4294 434.
285 4271 311 4280 -
330 4244 436 4308 [omae]
455 4245 511 4294 Hoc
526 4257 552 4293 v.
569 4242 684 4308 comple
721 4243 889 4294 iustissimus.
920 4243 1044 4298 «Arcton
1066 4241 1162 4305 inquit,
1182 4255 1246 4292 «co-

160 4317 240 4367 ctitur
257 4320 283 4368 et
300 4331 374 4379 eum,
401 4331 482 4382 quarn
506 4331 555 4369 nos
571 4317 685 4368 dicimus
722 4313 804 4382 polari
822 4329 867 4366 res
879 4314 1047 4367 insociabiles
1058 4318 1085 4366 et
1096 4317 1244 4368 contrariae

219 4409 373 4456 domnion
396 4409 422 4455 ii.
452 4421 484 4456 an
509 4408 612 4457 nuntii.
1049 4407 1076 4454 44
