3174 4974
601 457 660 507 ΗΒ.
678 457 709 506 11.
744 457 841 508 Epist.
859 459 879 508 1.

238 611 306 677 llcc
332 629 430 698 paces
452 608 596 678 habuere
618 611 724 680 bonae
745 613 898 701 ventique
921 614 1064 681 secundi.

235 733 356 798 Romae
378 730 473 798 dulce
495 730 551 797 diu
573 732 632 798 luit
651 743 684 800 et
704 733 861 802 sollemne
883 734 1010 803 reclusa

236 853 328 919 blane
350 851 447 918 domo
469 853 616 940 vigilare,
640 854 747 922 clienti
769 875 919 942 promere
942 857 1026 935 iura,

238 974 356 1042 Cautes
377 973 559 1041 nominibus
584 975 680 1042 rectis
702 975 887 1063 expendere
909 999 1072 1056 nummos,
1218 981 1280 1047 tot

235 1095 373 1162 Maiores
395 1093 523 1173 audue,
545 1095 661 1162 minori
683 1095 809 1174 dicere,
833 1119 893 1185 per
914 1119 999 1187 quae

226 1267 305 1318 Ceam
322 1264 440 1316 malebat
456 1265 594 1316 Schiitzius
606 1266 718 1329 Opusce.
732 1279 758 1330 p.
772 1267 829 1318 iit.
845 1295 872 1306 --
886 1271 959 1319 certis
975 1272 1100 1332 quattuor
1121 1273 1245 1332 Pettierii,

225 1341 265 1390 tt.
285 1364 313 1378 -
331 1353 455 1402 sepem
472 1341 574 1402 Fragru.
595 1341 792 1390 Dommerichii.
813 1342 915 1404 (Totum
932 1356 1057 1404 versum,
1076 1348 1106 1395 ut
1122 1359 1184 1405 nos,
1203 1359 1248 1397 ex·

225 1414 318 1465 hibent
333 1415 440 1480 bSEcp3
458 1417 532 1466 rectis
548 1413 630 1464 habet
646 1415 727 1465 etiam
744 1416 847 1478 Fragm.
866 1417 1074 1480 Dommericbii.)

192 1567 223 1604 re
240 1553 326 1604 navali
343 1552 498 1618 frequenter
512 1553 624 1619 repetita
636 1556 718 1606 etiam
756 1556 813 1604 nori
830 1553 902 1619 dare)
921 1559 1001 1621 atque
1018 1559 1156 1622 expendere
1174 1561 1281 1625 (expen-

192 1627 263 1692 apud
288 1640 385 1693 prosae
413 1629 539 1680 orationis
562 1629 715 1693 scriptores.
755 1641 813 1680 sena
831 1630 936 1694 terralo
963 1634 1071 1693 Quoties
1085 1635 1155 1685 enim
1167 1635 1280 1698 pecunia

193 1703 247 1754 Cic.
260 1703 295 1752 ad
306 1703 358 1753 Ati.
372 1703 403 1764 ι,
417 1703 445 1764 ι,
459 1703 487 1752 6;
507 1704 585 1766 Quiri,
604 1705 625 1753 si
642 1704 718 1753 etiam
756 1707 848 1754 mutua
873 1705 999 1766 dabutur,
1033 1707 1149 1758 creditor
1173 1709 1228 1759 suis
1252 1711 1281 1760 in

192 1777 337 1839 mmmm,
369 1779 440 1828 caasa
463 1793 530 1829 nane
553 1780 621 1830 venti
645 1779 719 1829 acide
755 1776 851 1829 tabulis
876 1781 987 1844 expensi
1012 1783 1039 1830 et
1060 1783 1163 1846 accepti
1181 1795 1279 1834 numen

190 1858 248 1903 m
264 1853 374 1914 semei,
400 1853 477 1903 reddo
492 1854 634 1916 meliorem,
657 1867 718 1903 nam
755 1853 826 1913 eius,
846 1853 888 1902 cui
900 1855 1041 1916 pecuniam
1054 1855 1147 1918 dabat,
1165 1859 1281 1921 perscri-

191 1926 580 1989 tcndemobsamrcipcblicac?
597 1927 635 1979 Cf.
650 1929 715 1992 lipp.
754 1924 845 1976 bebai.
875 1927 939 1978 inde
956 1941 1045 1978 mmen
1061 1931 1145 1993 signifi
1220 1933 1281 1983 ide·

190 2001 319 2063 bistili
335 2013 377 2065 sq.
754 1999 1010 2052 bitaenetdcbitcrem.
1024 2004 1172 2066 lungoaute
1207 2019 1280 2056 amn·

225 2075 346 2125 tot-tte.
374 2075 466 2125 ιιοιηαο
482 2074 545 2140 cet]
565 2077 718 2127 «Romano-
753 2087 806 2124 neos
829 2081 916 2125 cautos
936 2077 1077 2127 omninibus
1096 2081 1170 2128 rectis
1186 2078 1277 2142 ablat..

191 2164 252 2201 rum
273 2152 365 2201 contra
390 2149 425 2200 ab
442 2149 544 2201 artibus
561 2149 716 2201 liberalibus
754 2161 807 2198 non
819 2151 1193 2212 arpendcreccminibacdativ.
1212 2154 1281 2203 Scri-

190 2225 307 2288 primum
332 2237 489 2276 aversorum
514 2224 582 2275 hacc
610 2225 717 2275 tiramni
749 2229 806 2287 ptos
823 2227 864 2275 est
880 2224 923 2274 vel
940 2225 1018 2288 gloss.
1037 2227 1089 2277 icti
1107 2226 1218 2278 alicuius
1235 2227 1278 2279 vel

189 2299 332 2362 praecipua
351 2299 457 2349 studia»
476 2300 529 2349 cet.
553 2299 627 2349 coni.
641 2301 671 2362 A.
686 2301 713 2348 P.
753 2311 845 2348 errore
863 2301 950 2350 ortum
967 2313 1000 2349 en
1015 2298 1094 2363 gloss.
1107 2302 1199 2364 scripto
1212 2303 1279 2365 (cbi-

191 2373 240 2423 323
251 2385 310 2436 sqq.
328 2401 354 2409 —
367 2373 490 2438 sollerias]
507 2372 715 2424 «consuetudine
753 2373 909 2437 rograph0);
936 2375 1010 2423 certis
1034 2377 1125 2426 autem
1148 2375 1278 2428 substitu-

189 2447 342 2498 astutum.»
367 2448 451 2499 Gonu.
471 2449 567 2506 Graue„¹
589 2449 715 2499 Ceterum
753 2449 809 2498 tum
827 2447 861 2497 ab
879 2449 923 2511 iis,
942 2450 987 2512 qui
1004 2463 1030 2499 v.
1043 2452 1117 2500 rectis
1130 2451 1201 2502 haud
1213 2452 1277 2502 satis

190 2521 257 2572 haec
273 2523 404 2587 scriptura
417 2523 549 2587 reperitur
560 2524 586 2573 in
598 2521 714 2587 reliquiis
753 2520 940 2587 intelligerent;
967 2537 1062 2575 verum
1080 2527 1153 2575 certis
1168 2527 1278 2576 ιιοιιιιιιι-

189 2596 369 2660 luscriptionis
379 2596 529 2657 vaticanae,
545 2597 580 2648 ad
593 2602 714 2664 tempora
752 2595 797 2645 bas
813 2599 902 2647 esset:
930 2599 1059 2662 «propter
1076 2601 1164 2650 certas
1181 2612 1277 2651 causas

188 2671 288 2721 veteris
299 2672 338 2720 rei
349 2669 472 2734 publicae
484 2672 651 2734 referendae,
667 2674 714 2724 ubi
752 2683 773 2721 e.
793 2672 935 2722 rationes.»
956 2671 1007 2722 Cir.
1022 2674 1076 2722 Cic.
1093 2686 1143 2738 pro
1156 2675 1277 2733 Quinctio

189 2745 712 2810 est:airissoiiuunssqemttat,
753 2745 797 2805 tt,
816 2745 861 2793 38:
897 2746 940 2806 qut
965 2743 1023 2805 tibi,
1048 2751 1077 2795 at
1101 2748 1151 2807 cis,
1178 2748 1278 2797 certis

188 2818 222 2880 7.)
236 2819 358 2884 -licneJ
377 2821 429 2869 Sat.
445 2821 468 2881 l,
486 2822 510 2882 t,
526 2821 573 2870 tu:
593 2821 714 2885 Satbpclli
751 2819 935 2867 nominibus
951 2820 1073 2881 praesim
1087 2821 1221 2882 pecaniam
1237 2821 1278 2871 de·

188 2897 290 2943 camma
303 2895 429 2944 eomeltcr
439 2894 482 2943 ubi
498 2895 563 2944 ostie
576 2895 670 2956 pulsat.
685 2923 712 2931 -
751 2891 811 2941 buit.
832 2892 911 2955 (lect.
926 2893 1028 2955 Fragm.
1043 2893 1108 2943 Cod.
1122 2895 1275 2944 Dominari-

188 2967 271 3018 cltenti
294 2981 413 3032 promere
439 2966 512 3032 iare]
540 2969 625 3019 Sensu
649 2983 715 3032 pro·
751 2966 817 3027 chii,
835 2978 917 3029 quem
934 2965 978 3014 bic
994 2965 1089 3016 seculo
1108 2967 1162 3017 xli.
1182 2980 1277 3017 exara-

186 3041 245 3106 priu
257 3040 442 3106 accipiendum
459 3055 534 3092 reor:
554 3041 656 3093 «clienti
668 3057 713 3108 pa-
751 3042 808 3090 tum
826 3053 886 3090 esse
904 3041 1019 3104 putavit,
1041 3042 1066 3090 in
1084 3041 1276 3105 scriptiuncula

187 3117 294 3165 bunum
311 3114 459 3167 consulenti
476 3116 510 3166 de
528 3118 585 3167 iure
599 3129 714 3182 respon·
751 3112 905 3164 llelurstadii
924 3115 997 3164 ties.
1017 3114 1087 3166 edita
1105 3116 1132 3165 et
1149 3119 1276 3182 excerpta

187 3188 252 3239 dere
270 3187 395 3254 utiliaque
412 3189 520 3240 consilia
538 3191 612 3253 dare,
629 3192 714 3242 inter·
750 3190 776 3238 in
794 3188 917 3239 Seebode
934 3189 999 3239 livit.
1012 3189 1075 3240 llibl.
1090 3190 1162 3240 tasi.
1176 3204 1201 3254 p.
1217 3191 1273 3242 tes.

187 3263 252 3314 dum
270 3265 350 3314 etiam
367 3262 426 3314 lites
441 3265 510 3314 inter
521 3264 589 3315 duos
602 3263 712 3316 clienter
728 3247 732 3298 Ι
750 3263 814 3313 mihi
826 3265 918 3314 contra
931 3276 1012 3327 quam
1025 3265 1043 3314 1.
1057 3265 1098 3314 Fr.
1111 3265 1275 3328 Heusingero

187 3338 259 3388 ortas
276 3336 447 3388 diiudicare.»
466 3337 514 3388 od.
528 3337 553 3398 3,
568 3341 593 3400 5,
606 3337 637 3388 53
650 3351 710 3403 sqq.
750 3350 838 3401 neque
864 3339 962 3389 Horatii
987 3352 1096 3402 manus,
1123 3353 1174 3390 nec
1197 3340 1274 3390 docta

189 3435 215 3447 -
245 3403 348 3473 Caelos]
384 3425 453 3476 «per
477 3413 710 3476 chirographum.»
749 3411 930 3476 interpolatio,
948 3413 997 3465 sed
1015 3415 1137 3466 fortuitus
1151 3429 1226 3465 error
1237 3417 1275 3466 vi-

187 3483 271 3537 Gloss.
286 3485 391 3537 Codicis
404 3487 432 3537 li.
461 3486 713 3538 Formularumser-
749 3489 844 3550 detur3
872 3489 922 3540 etsi
949 3489 999 3539 hoc
1021 3503 1145 3552 seponere
1164 3489 1273 3540 firmare

186 3573 266 3612 mone
283 3573 415 3624 perquam
433 3561 500 3612 scite
517 3561 561 3611 bic
578 3575 642 3613 usus
660 3565 710 3624 est,
749 3564 860 3613 conatus
878 3565 919 3614 est
936 3565 1116 3628 Heusingerus
1139 3561 1198 3614 loco
1216 3565 1271 3614 Clc.

187 3637 709 3705 utapparetpxPlin.Epp.t0,ti²,2:
749 3636 1273 3701 adittt.t‚l,3:De0ppicbeoccu·

186 3711 382 3762 ιιιιινιιπιοιιιιαιιι
398 3714 464 3763 inter
480 3714 624 3764 brunones
636 3727 712 3777 pecn-
747 3713 823 3774 resti,
846 3714 912 3775 quod
929 3713 952 3763 ei
968 3712 1058 3763 DCCC.
1077 3712 1225 3775 amamini,
1245 3712 1271 3762 id

185 3787 711 3851 niomito‚ctrcctereipublicceec-
748 3789 802 3849 est,
837 3787 927 3836 einen
955 3786 1058 3837 Credit
1082 3786 1272 3850 cngcwieren

184 3866 284 3912 ceant.
303 3862 370 3912 Cod.
383 3863 413 3923 2,
433 3862 461 3924 l,
474 3863 503 3912 2:
521 3867 603 3912 recte
619 3869 711 3913 cauta
747 3861 835 3924 best.)

182 3935 304 3997 pemseia,
323 3937 350 3986 et
366 3937 405 3986 sie
422 3933 560 3998 aliquoties
575 3935 646 4000 apud
658 3937 710 3986 Ga-

185 4010 240 4059 ium
264 4015 344 4072 recte,
370 4009 470 4070 idest,
499 4009 707 4072 «optimorum,
780 4009 900 4061 taetus.
928 4011 1038 4060 Maiores
1053 4010 1115 4076 cet]
1139 4012 1196 4060 Non
1213 4010 1269 4060 sine

184 4081 330 4146 legitime.»
360 4083 406 4134 Est
427 4083 520 4146 igitur:
548 4084 708 4147 «pecuniam
746 4083 863 4146 quadam
880 4082 977 4135 malitia
994 4087 1021 4134 in
1037 4085 1089 4134 hcc
1100 4085 1270 4148 potissimum

183 4163 263 4218 recte,
289 4159 388 4221 idest,
415 4171 430 4206 a
448 4157 569 4208 debitore
586 4156 708 4222 legitimis
746 4159 880 4209 versatam
890 4171 949 4210 esse
959 4158 1022 4210 dicit
1030 4171 1164 4210 summam
1172 4159 1269 4210 doetri-

184 4231 421 4296 chirographorum
439 4233 472 4293 [v.
487 4231 579 4282 Gaium
593 4232 621 4292 3,
640 4233 707 4296 ι3ι.)
746 4246 809 4292 nae,
834 4245 914 4296 quam
933 4232 1130 4296 adolescentes,
1158 4247 1219 4286 cum
1238 4249 1267 4285 se

184 4305 304 4359 termulis
327 4313 430 4358 comam
446 4307 508 4358 huic
525 4306 636 4358 credere
655 4307 708 4372 tte·
745 4311 882 4370 umquam
908 4307 1112 4361 contubernales
1137 4313 1182 4360 aut
1205 4310 1268 4361 iuris
