3116 4968
261 381 324 450 216
643 383 772 436 uonsru
790 383 972 436 strumen

304 543 363 609 Cui
386 540 481 609 Canis
504 561 544 608 ex
565 559 644 606 vero
667 540 787 607 dictum
810 559 989 628 cognomen
1012 539 1180 616 adhaeret,

305 663 539 750 Quinquenucs
562 661 652 728 oleas
674 670 724 728 est
745 671 778 728 et
798 661 958 728 silvestria
980 681 1093 738 corna,

303 787 348 851 dc
369 784 430 850 nisi
456 793 611 850 mutatum
633 783 737 872 parcit
757 783 936 851 detundere
957 784 1066 850 vinum
1087 792 1134 860 et,

305 907 406 974 Cuius
427 906 563 972 odorem
584 905 647 972 olei
670 925 816 993 nequeas
838 905 996 992 perferre,
1026 903 1136 972 licebit

303 1025 359 1093 lllc
381 1028 521 1115 repotia,
549 1025 672 1094 natales
694 1025 816 1092 aliosve
839 1027 966 1093 dierum

300 1150 414 1216 Festos
435 1147 560 1215 albatus
581 1147 737 1226 celebret,
760 1168 861 1215 comu
883 1149 953 1236 ipse
974 1146 1080 1214 bilibri

324 1329 365 1379 56.
385 1329 478 1378 dictum
493 1329 575 1378 nostrl
589 1329 616 1378 el
625 1327 770 1380 Bentleiani
782 1342 890 1389 omnes,
903 1327 962 1378 LlJ:
976 1330 1077 1379 ductum
1089 1340 1104 1377 a
1115 1327 1180 1378 Cod.
1193 1325 1313 1380 Blandis.

292 1405 430 1468 antiquiss.
450 1405 483 1464 C,
511 1403 645 1455 Bentleius
664 1403 731 1466 (coll.
757 1405 832 1456 ovid.
852 1405 919 1454 Fast.
942 1404 965 1463 1,
985 1402 1062 1465 tan),
1082 1403 1134 1454 FM.
1154 1430 1182 1438 -
1204 1403 1316 1454 σάὴσσεϋ

291 1491 360 1529 unus
378 1478 528 1540 Pulmanui,
553 1477 606 1529 duo
630 1480 708 1529 Fene.
729 1507 757 1518 —
775 1481 817 1530 117.
837 1479 1006 1542 Quinquennis
1022 1491 1046 1528 c.
1067 1504 1095 1514 -
1117 1477 1158 1528 118,
1177 1478 1316 1540 diffindere

290 1553 388 1618 bSp,C.
401 1553 480 1604 -119,
492 1555 574 1605 alnon
585 1556 639 1605 tres
650 1555 779 1606 Torreulli
791 1554 904 1606 Codices
917 1567 978 1604 cum
989 1550 1100 1604 Bentleii
1113 1551 1266 1604 Colbertino
1275 1553 1311 1618 (ι).

255 1711 352 1764 talibus
373 1712 519 1763 haeserunt
537 1713 640 1771 Crilici;
669 1713 703 1762 ila
721 1725 783 1762 eum
822 1713 893 1763 niam
919 1725 1057 1776 nunquam
1082 1709 1153 1762 aliud
1178 1712 1270 1763 tinum
1297 1713 1348 1764 nisi

255 1787 395 1850 Euripides
404 1787 500 1837 Troad.
508 1787 566 1836 iil.
576 1799 709 1850 perquam
720 1791 784 1851 poa-
820 1786 977 1837 vilissimum
994 1785 1088 1836 bibit.»
1109 1814 1137 1822 -
1156 1784 1297 1850 defundere]
1314 1800 1348 1837 en

256 1855 785 1930 ϋοοάἱιίεεσ1;’οξανι1ὰνχσ1τανπυρ-
821 1861 889 1911 cado
906 1861 932 1910 in
950 1862 1081 1911 crateram
1098 1863 1179 1924 atque
1197 1873 1230 1911 ex
1251 1861 1302 1912 bac
1320 1863 1347 1912 ln

256 1936 366 1985 σαίνων
377 1932 502 2006 Κρᾶθις,
521 1936 549 1985 id
560 1939 614 1996 asi,
628 1929 705 1986 οὕτω
717 1951 785 2008 nup-
820 1931 925 1999 pocula.
960 1937 999 1986 De
1024 1933 1195 1986 libationibus
1217 1935 1245 1984 b.
1262 1933 1291 1996 1.,
1318 1937 1349 1986 ul

256 2012 364 2061 σαίνων
373 2003 449 2060 ὥστε
460 2005 571 2074 ξανθὰν
582 2011 726 2076 γενέσθαι,
739 2025 786 2076 pc-
822 2012 863 2060 est
879 2009 926 2058 Od.
945 2008 974 2071 1,
993 2011 1022 2070 o,
1041 2009 1093 2070 db,
1115 2006 1197 2060 nolim
1214 2009 1345 2072 cogitare:

256 2085 340 2136 destrl
357 2085 438 2135 modo
455 2084 597 2136 voluerunt
608 2088 781 2156 nopcmnou.
821 2085 958 2146 dimensione
982 2085 1026 2134 hic
1051 2083 1141 2135 locum
1166 2098 1219 2135 non
1248 2083 1345 2146 babet,

255 2159 359 2210 Eodem
370 2160 397 2208 b.
408 2158 424 2209 l.
434 2160 570 2212 schcmate
580 2173 644 2212 usus
653 2164 696 2211 est
703 2164 783 2226 atque
820 2162 858 2211 uti
876 2161 967 2210 contra
984 2163 1090 2211 rectum
1107 2163 1148 2210 cst
1164 2158 1236 2223 apud
1252 2161 1346 2210 quen.

257 2228 785 2304 110111.11.β,116;’11κτόρεονδέχιτῶ-
821 2236 851 2294 5,
874 2233 919 2284 30:
946 2234 1000 2296 Ipse
1015 2235 1135 2297 capilluto
1151 2235 1269 2296 diploma
1285 2247 1349 2285 σσσ-

257 2321 295 2356 na
314 2307 378 2376 napi
401 2302 543 2372 στήθεσσι
562 2305 657 2372 διάξω
675 2305 783 2375 Χαλκῴ
819 2309 871 2359 sule
884 2314 970 2371 potat,
997 2310 1087 2360 vinum
1105 2322 1138 2359 ex
1155 2307 1214 2359 lacu
1232 2309 1258 2358 ln
1275 2306 1347 2358 dolia

256 2375 424 2452 ῥωγαλέον.)
437 2409 465 2419 -
478 2382 619 2447 Auidientsu]
632 2397 728 2435 avarus
739 2383 785 2434 ali·
820 2382 863 2433 vel
881 2397 913 2433 ex
924 2382 965 2434 bis
978 2384 1004 2434 iu
1017 2384 1160 2448 amphoras
1173 2383 1345 2434 transfusum.

257 2457 317 2520 quis
342 2457 460 2520 ignotum
488 2471 586 2508 nomen
612 2459 704 2510 fletum
731 2473 782 2510 non
820 2457 1000 2522 (sostenen.)
1021 2485 1048 2495 -
1072 2458 1148 2508 Guitts
1168 2458 1270 2508 σσσνση
1289 2456 1347 2519 olet]

257 2533 316 2593 est,
345 2535 375 2582 ut
398 2532 490 2582 volunt
515 2533 650 2598 nonnulli,
680 2533 782 2585 ridiculi
821 2531 939 2593 «oleum,
962 2533 1038 2582 cuius
1058 2530 1171 2583 morem
1188 2535 1271 2591 cet.n;
1299 2545 1349 2583 ca·

257 2618 339 2656 causa
364 2606 474 2658 ductum
501 2621 561 2657 av.
581 2609 683 2670 uvidus,
710 2609 782 2673 quod
820 2607 884 2658 dem
912 2607 1083 2667 attractione,
1113 2619 1167 2670 qua
1191 2607 1346 2656 Terentius:

256 2680 358 2744 primae
374 2679 493 2743 syllabae
505 2684 639 2744 quantitas
651 2697 704 2735 uon
717 2697 784 2735 con·
819 2681 912 2744 Populo
928 2685 957 2730 ut
968 2681 1099 2743 ptmnntt
1115 2693 1179 2742 quus
1193 2681 1288 2744 fecum
1301 2681 1346 2743 fo-

256 2753 336 2804 cedit.
355 2756 485 2818 -Cunis1
508 2759 618 2820 propter
637 2758 783 2808 immundi·
820 2757 900 2806 bunt.
928 2753 1064 2818 Virgilius:
1094 2754 1182 2804 Urbem
1198 2768 1277 2817 quum
1291 2761 1347 2805 stn-

255 2829 321 2879 tiam
338 2842 370 2879 ac
386 2830 490 2881 sordes.
507 2857 534 2867 -
547 2845 580 2881 em
595 2833 663 2897 cero]
682 2847 714 2882 en
726 2835 783 2897 ipsa
821 2833 1008 2881 tuooestrusst.
1032 2828 1194 2892 Conilipod.
1212 2829 1242 2890 i,
1260 2829 1302 2879 at.
1315 2855 1344 2868 -

256 2904 315 2954 eius
332 2905 397 2966 vita,
416 2904 500 2969 qualis
518 2920 547 2956 re
564 2920 628 2958 vera
646 2910 712 2958 orat.
730 2907 781 2958 Sal.
820 2907 924 2956 inabit-
935 2931 950 2942 -
961 2903 1072 2969 celebret]
1090 2903 1165 2952 Ouid.
1180 2905 1285 2954 blatam.
1299 2903 1346 2964 tt,

257 2979 312 3042 lug.
323 2980 367 3030 78:
385 2981 573 3041 quibusnomen
584 2995 617 3032 ac
628 2996 656 3032 re
667 2983 782 3032 inditum.
821 2981 881 3031 355:
904 2981 961 3029 Non
978 2983 1061 3028 tettan
1077 2978 1190 3041 amiotus,
1207 2983 1281 3028 cnuto
1299 2991 1348 3028 ru-

257 3051 341 3104 Plaut.
359 3055 440 3105 Stieb.
459 3057 489 3118 l,
508 3056 537 3117 3,
556 3055 603 3107 88:
629 3058 702 3107 Nunc
717 3058 785 3107 Mic-
817 3053 996 3118 pinreiieebit,
1010 3053 1038 3102 Si
1048 3052 1249 3102 medontenoui.
1268 3053 1347 3104 nrtst.

255 3132 373 3192 cotropus
381 3131 688 3182 nominearuerooocor.
708 3131 781 3182 Ovid.
821 3132 850 3190 5,
870 3129 915 3190 tt,
934 3129 963 3178 2:
989 3127 1114 3178 Detrubut
1127 3127 1227 3177 nwtori
1242 3127 1350 3178 neuun

257 3202 326 3252 Fast.
340 3204 369 3262 Ξ,
388 3203 454 3255 859:
472 3205 585 3256 Exuero
599 3207 708 3270 positum
722 3220 784 3268 per-
820 3207 934 3255 Fortuna
958 3202 1051 3263 iicebit,
1080 3202 1115 3251 Tu
1140 3205 1224 3252 tumen
1248 3202 1349 3266 inponis

255 3279 350 3327 mansit
372 3279 482 3340 Equitio
506 3293 603 3330 nmine.
646 3280 685 3331 Cl.
707 3279 783 3331 lland
821 3279 1066 3342 clarummontem
1097 3275 1171 3326 Coul.
1194 3275 1277 3340 Epod.
1301 3276 1347 3338 to,

257 3352 334 3401 Turs.
351 3353 382 3401 11.
397 3365 424 3416 p.
439 3353 496 3402 6511.
518 3381 544 3390 -
564 3354 665 3418 dictum]
684 3356 714 3404 ut
730 3370 784 3404 κα-
822 3354 861 3404 19.
884 3381 910 3389 -
931 3351 1043 3415 repotio]
1067 3350 1216 3402 «Postridie
1242 3351 1349 3415 nuptias

257 3422 331 3485 lain,
349 3421 552 3490 ἐπονομάζειν,
575 3425 667 3494 λέγειν
687 3421 784 3494 ὄνομά
821 3427 892 3492 apud
918 3439 1016 3478 novum
1046 3426 1171 3476 maritum
1199 3427 1347 3488 coenatur,

256 3513 320 3550 unu
355 3499 500 3560 111.1,1;
531 3501 613 3563 stirps
628 3501 722 3564 uirilis,
743 3505 785 3553 etti
821 3501 970 3564 quinqueni
981 3500 1099 3551 reficitur
1110 3501 1235 3565 potatio·
1254 3499 1348 3549 Fusius

256 3573 391 3625 Aeantem
397 3578 517 3636 parentes
527 3575 615 3625 dicere
624 3589 723 3628 nonen.
739 3579 785 3628 se-
821 3577 849 3626 et
864 3577 958 3626 Poma.
989 3576 1087 3626 Contra
1104 3577 1208 3626 Acron:
1229 3575 1349 3636 ullepuiu

258 3649 337 3698 cutus
353 3661 413 3698 sum
427 3648 511 3698 Codd.
525 3661 615 3710 meos,
643 3653 785 3716 etquodn-
820 3650 945 3701 dicuntur
962 3651 1093 3714 septimus
1110 3649 1182 3710 dies,
1210 3661 1264 3712 quo
1280 3646 1350 3699 solet

256 3727 325 3773 enen
351 3724 440 3787 potius
468 3725 589 3786 speciem
618 3723 785 3788 glossematis
821 3723 1348 3789 novanupuredtreadpnrentessoos.·

257 3797 341 3848 babet
359 3811 441 3862 quarn
461 3797 533 3849 illud.
562 3799 636 3850 Conl.
652 3813 707 3850 var.
722 3799 783 3851 lect.
821 3799 1017 3864 (Nncbtrinlten,
1036 3798 1192 3862 Nucbseier.)
1203 3796 1349 3861 -uibnttul

257 3871 323 3936 Epp.
338 3873 364 3932 1,
383 3873 412 3933 t,
431 3873 472 3923 93.
820 3877 851 3925 ut
873 3872 996 3924 solebant
1017 3871 1114 3924 diebus
1137 3872 1210 3923 lestis
1235 3870 1349 3922 induere

289 3946 395 3996 tin-ea.
430 3948 605 4012 Quinquennes
638 3947 705 3998 oleos
734 3951 785 4012 est]
821 3950 910 4012 togam
928 3947 1173 3998 recenseretaiam.
1193 3946 1247 3996 Cic.
1260 3946 1347 3996 vatin.

258 4018 350 4070 «oleas
371 4021 494 4072 rancidus
512 4024 540 4073 et
564 4021 686 4086 putridas
704 4023 783 4074 editi
822 4023 867 4084 13,
887 4023 932 4073 31;
961 4023 1087 4084 cumipse
1102 4021 1168 4083 epuli
1185 4021 1300 4072 minus
1317 4021 1347 4083 (1.

260 4090 329 4146 llltra
347 4105 447 4146 annum
468 4097 569 4148 servari
594 4097 636 4145 vir
662 4101 782 4160 possunt.
821 4097 911 4148 Anius
926 4096 1026 4148 unctu
1043 4100 1113 4146 meet.
1130 4121 1157 4134 -
1175 4107 1280 4146 eosnu-
1291 4093 1350 4144 bili-

260 4193 288 4204 -
300 4171 439 4230 mutatum]
457 4183 586 4236 vappam,
597 4165 678 4220 oivov
687 4169 785 4244 ἐκτρο-
821 4171 869 4235 ori]
888 4171 1007 4231 ucomu,
1026 4169 1099 4235 quod
1110 4170 1255 4222 sextarium
1268 4169 1347 4233 eupit.

259 4243 336 4292 niun.
352 4268 380 4281 -
396 4245 491 4308 parsit]
508 4249 635 4312 apropter
650 4246 785 4310 parcimo·
821 4244 928 4298 liabent
960 4245 1031 4298 enlm
1067 4243 1194 4312 propolae
1228 4255 1348 4306 cornua,
