3192 4974
269 446 332 511 iit
441 430 443 434 ⁴
631 449 759 500 uoanru
776 447 996 526 urrsromruur

314 607 361 684 Si,
385 607 470 674 bene
493 606 548 694 qui
571 616 703 684 coenat,
727 606 811 673 bene
833 606 925 684 vivit,
948 606 1049 685 lucet,
1074 627 1186 674 eamus

312 732 385 811 Quo
407 728 495 796 ducit
516 728 607 816 gula;
630 729 810 817 piscamur,
833 748 1007 806 venemur,
1030 737 1066 794 ut
1087 727 1163 794 olim

316 850 490 940 Gargilius,
513 851 569 938 qui
592 871 685 917 mane
708 850 836 939 plagae,
860 849 1032 926 venabula,
1056 869 1169 917 servos

312 973 480 1040 Differtum
501 972 637 1040 transire
659 972 764 1039 lorum
787 972 1009 1061 populumque
1033 971 1178 1049 iubebat,

310 1097 399 1164 Unus
422 1105 455 1162 ut
478 1115 497 1162 e
522 1093 629 1161 multis
651 1094 772 1183 populo
796 1103 962 1183 spectante
985 1094 1120 1162 referret
1315 1097 1358 1162 60

311 1219 460 1306 Emptum
481 1215 589 1284 mulus
611 1237 735 1304 aprum.
780 1215 877 1283 Cmdi
902 1215 1082 1304 tumidique
1104 1216 1263 1294 lavemur,

335 1437 376 1487 ti.
395 1438 462 1487 ducit
473 1435 567 1500 bSEdp
580 1447 741 1499 omnesque,
755 1437 785 1486 ut
795 1433 912 1497 videtur,
926 1434 1054 1495 Pettierii,
1074 1434 1126 1485 cto
1139 1437 1166 1484 ei
1176 1433 1323 1487 Bentleius:

301 1513 373 1561 ducet
389 1511 494 1572 abibi.
516 1537 542 1546 -
562 1509 602 1560 59.
619 1507 795 1574 populumque]
814 1521 979 1571 campumque
995 1507 1129 1560 Bentlcius
1146 1510 1309 1560 coniectura.

269 1707 358 1758 cillere
377 1708 469 1759 iestive
487 1710 565 1758 vocat
581 1708 712 1770 adoptare.
743 1708 795 1758 Pe·
832 1710 856 1756 et
870 1711 965 1758 monna
980 1707 1083 1768 insuper
1099 1705 1164 1756 altor
1179 1707 1305 1768 inposuit.
1325 1707 1355 1765 3,

269 1785 336 1832 troo.
352 1783 414 1832 lii:
435 1782 516 1833 Habea
532 1787 559 1832 iu
576 1783 676 1845 quidem
691 1787 714 1832 et
735 1783 795 1845 (ia-
832 1781 896 1831 222:
921 1795 1042 1832 voearnus
1057 1781 1084 1830 in
1103 1786 1204 1844 partem
1217 1783 1358 1843 pradum-

268 1863 356 1907 trem-
370 1858 438 1908 -red
460 1858 521 1920 quid
542 1857 655 1920 prohibet
678 1861 701 1907 et
722 1869 795 1907 sore-
832 1870 879 1918 que
902 1854 993 1906 leuen.
1018 1883 1046 1891 -
1069 1857 1174 1907 iuvenis
1196 1857 1357 1908 vanissimus

268 1945 322 1982 rem
338 1931 481 1995 adoptare?
831 1928 945 1982 sollertis
968 1943 1000 1982 ao
1022 1930 1109 1981 divitia
1134 1932 1269 1982 venatoris
1293 1944 1358 1995 spe-

300 2007 389 2057 iib-bo.
416 2008 494 2068 lueet,
517 2006 794 2070 commanipulares
832 2006 901 2058 ciem
923 2005 995 2070 apud
1017 2003 1146 2070 populum
1167 2007 1277 2070 captans
1294 2018 1357 2056 cum

267 2081 362 2142 illuxii;
391 2095 455 2146 ergo
478 2084 585 2147 tempus
607 2083 660 2132 iam
683 2083 738 2144 est,
764 2084 794 2131 ut
832 2093 929 2145 magno
952 2094 1064 2132 numero
1088 2091 1243 2141 servorum,
1269 2079 1358 2131 mulo-

268 2156 302 2207 de
322 2157 405 2207 lerina
423 2169 504 2208 carne
516 2158 543 2207 et
559 2156 678 2220 piscibus
690 2169 721 2206 ex
733 2169 795 2206 me·
831 2170 905 2218 rum,
928 2157 1039 2216 retium,
1062 2153 1257 2206 venabulorum
1273 2167 1358 2205 vena-

268 2229 336 2280 callo
355 2231 477 2282 emendis
489 2233 650 2295 cogitemus,
663 2233 692 2281 ut
703 2231 793 2282 tacere
831 2233 889 2281 tum
906 2230 970 2282 ibai.
1000 2230 1111 2282 Aliunde
1130 2231 1243 2281 nonest
1263 2231 1355 2289 notus;

268 2303 373 2356 solebat
389 2305 517 2370 Gargilius
541 2305 597 2367 ille,
617 2307 662 2368 qui
673 2305 792 2369 quidem,
831 2306 881 2357 sed
899 2319 997 2358 nomen
1015 2305 1120 2366 fictum,
1139 2307 1168 2356 ut
1184 2305 1271 2356 visum
1289 2318 1358 2356 non·

267 2381 297 2430 ut
313 2378 418 2443 popello
436 2381 599 2444 imponeret,
624 2381 693 2430 miro
710 2381 793 2431 ertifl-
832 2379 922 2443 nullis,
935 2395 984 2446 pro
996 2384 1070 2431 certo
1081 2393 1134 2431 nou
1147 2381 1197 2430 est.
1228 2379 1280 2430 Cir.
1294 2382 1357 2430 Gan

268 2455 309 2505 cio
326 2453 404 2504 simul
422 2455 460 2504 uti
472 2454 592 2506 solebat»
605 2456 657 2506 cet.
675 2454 724 2506 Alii
737 2458 795 2520 qul·
831 2455 935 2520 gilium,
954 2456 1063 2519 Augusti
1075 2454 1215 2514 libertum,
1234 2455 1354 2506 inlusor.

267 2528 331 2579 dem
356 2541 399 2578 vv.
419 2530 560 2592 pucenur,
585 2543 704 2580 venemur
729 2544 793 2596 pro-
831 2529 1355 2596 (ztmmermannzutaeur.wanpose.)

220 2647 231 2672 Ι
268 2603 325 2666 pria
343 2604 491 2666 accipiunt,
511 2604 680 2656 conferentes
697 2606 794 2656 Neme—
831 2609 858 2657 ct
875 2604 1017 2670 Gargilium
1035 2603 1195 2664 Martialem,
1215 2605 1262 2667 qui
1278 2603 1313 2653 de
1326 2617 1355 2654 re

267 2677 332 2727 alani
355 2679 455 2741 Cyneg.
478 2677 540 2729 bil:
573 2681 706 2742 Venernur,
724 2681 793 2731 dnm
830 2683 928 2732 rustica
946 2681 1060 2744 scripsit.
1092 2679 1210 2743 (Romani
1222 2679 1356 2728 venatoris

266 2765 354 2802 mane
378 2767 501 2814 novum,
528 2755 587 2805 dnm
608 2755 695 2806 modia
714 2761 793 2818 prela
831 2757 932 2819 divitis,
951 2759 981 2807 ui
997 2757 1041 2806 hic
1052 2755 1113 2816 luit,
1130 2753 1252 2804 habitum
1263 2753 1355 2804 videre

266 2829 402 2878 Nocturnis
422 2829 521 2878 caicato
539 2830 600 2893 serie
616 2831 722 2895 uestipia
738 2844 792 2880 aer-
830 2831 892 2882 lieet
908 2833 934 2881 in
951 2833 1038 2883 statua
1059 2829 1143 2881 Musei
1165 2829 1298 2880 Chiaram.
1323 2828 1353 2878 ll.

265 2907 335 2952 eant.
366 2903 467 2953 Verum
489 2904 577 2954 minus
601 2906 730 2955 concinna
753 2907 792 2956 sic
829 2905 980 2968 ranam.)
1005 2902 1355 2964 Tramireautempopuirun

267 2977 373 3026 videtur
394 2976 532 3028 simulatae
549 2981 698 3031 venationis
716 2993 793 3031 corn-
830 2984 903 3032 recte
921 2981 972 3030 dici
991 2980 1121 3030 monstrat
1134 2976 1226 3028 Catuli.
1240 2978 1287 3036 68,
1306 2976 1352 3026 bii:

266 3051 377 3114 paratio.
410 3050 542 3104 Obbarius
555 3054 794 3118 comparetPetro-
830 3057 876 3106 Per
890 3056 1000 3105 nudimn
1017 3055 1084 3104 densi
1099 3053 1249 3104 transilitor
1257 3052 1352 3114 popuii.

267 3125 302 3174 nii
326 3124 370 3176 ii:
397 3126 466 3175 Nibii
490 3132 524 3176 ert
548 3128 637 3178 nulius
661 3141 737 3190 quam
763 3130 792 3180 de
829 3132 884 3181 Liv.
903 3131 949 3190 at,
975 3130 1021 3179 57:
1046 3141 1094 3191 per
1112 3127 1356 3191 afflues--equiter

266 3198 379 3249 rubium
400 3205 470 3251 recta
492 3202 518 3251 in
541 3203 678 3252 triclinium
694 3205 740 3254 ire.
762 3231 789 3240 -
829 3209 1058 3268 --tramprernaa
1086 3231 1113 3240 -
1141 3200 1215 3265 Unam]
1240 3201 1308 3250 Sane
1332 3201 1354 3251 si

262 3272 370 3336 piapen,
387 3275 521 3338 uenabula]
549 3277 725 3328 iustrumenta
742 3291 792 3330 ve·
829 3279 935 3329 venatio
952 3291 982 3328 re
993 3291 1057 3328 vera
1072 3288 1203 3342 prospere
1216 3275 1352 3332 cessisset,

268 3347 363 3398 nandis
380 3350 460 3412 apris.
489 3350 530 3400 Ad
543 3350 648 3414 piaque,
663 3364 732 3416 quoe
745 3353 792 3403 flr-
827 3352 918 3418 plures
941 3352 1005 3403 muli
1027 3352 1128 3417 praeda
1151 3351 1239 3402 onusti
1261 3362 1355 3400 rever-

267 3421 402 3472 missimaa
430 3423 520 3487 itaque
548 3427 697 3488 gravissimi
721 3441 791 3492 pon·
828 3428 932 3487 tiasent3
952 3428 1006 3478 iam
1022 3440 1087 3478 vero
1105 3437 1204 3492 paucas
1220 3427 1282 3490 posi
1302 3425 1353 3474 ho-

266 3496 445 3558 deriserunt,
469 3500 667 3561 promovendas
685 3503 791 3552 iumen·
827 3515 887 3565 ras,
905 3501 984 3567 pleno
997 3502 1141 3552 etiamtunc
1159 3501 1298 3550 bominum
1317 3499 1354 3549 lo-

266 3573 643 3641 tisopuseratlvid.Epp.l,
662 3578 707 3638 48,
726 3577 788 3642 lo),
826 3591 870 3634 ro,
897 3576 968 3627 redit
991 3589 1045 3626 uno
1069 3587 1131 3625 cum
1154 3587 1238 3640 apro,
1265 3585 1352 3637 eoque

265 3647 291 3696 h.
309 3644 327 3696 l.
346 3647 433 3698 mulis.
466 3649 629 3713 Venabuium,
658 3665 696 3715 gr.
718 3667 789 3724 apo-
827 3653 919 3714 empto
942 3649 977 3700 ab
1000 3650 1123 3710 homine,
1151 3659 1269 3713 quocum
1290 3649 1351 3697 ante

264 3717 381 3785 βόλιον,
400 3722 477 3774 nobis
490 3726 686 3790 estFonpeiaen.
711 3728 786 3779 cont.
827 3725 1012 3785 constituerat,
1034 3727 1064 3774 ui
1083 3723 1133 3774 sibi
1154 3725 1227 3773 extra
1247 3723 1351 3786 portam

266 3798 335 3861 Virg.
350 3801 414 3849 Aen.
429 3797 456 3860 i,
476 3800 536 3850 ibi:
557 3802 662 3866 piaque,
682 3802 788 3852 mteoe-
824 3799 1048 3864 praestolantium
1071 3799 1099 3848 id
1123 3797 1196 3862 quod
1218 3797 1354 3861 spectato-

264 3873 359 3923 nabuia
382 3875 459 3937 suro.
481 3902 508 3911 -
529 3877 664 3939 Differam
678 3901 689 3912 -
702 3876 788 3939 [eruin
825 3887 869 3926 ras
887 3873 1009 3925 malitiosi
1027 3871 1190 3926 divinabant.
1212 3896 1240 3907 -
1258 3871 1289 3920 V.
1304 3883 1353 3933 po-

261 3946 444 4013 popuiumque]
464 3949 571 4000 «iorum
587 3951 720 4001 differtum
737 3965 787 4016 po-
821 3949 898 4017 puiur
915 3951 1006 4003 auiam
1030 3953 1122 4005 lestiva
1140 3954 1245 4007 duobus
1266 3955 1353 4006 conti·

204 4089 207 4095 .
266 4019 358 4085 pulo;»
382 4021 465 4086 figura
489 4036 570 4087 qoam
592 4017 623 4073 ἓν
641 4019 690 4074 διὰ
705 4022 788 4078 δυοῖν
825 4029 885 4080 nuis
902 4027 1041 4080 versiculis
1059 4031 1197 4095 repetitur.

263 4098 369 4157 vocant,
383 4098 704 4162 utEnrip.Troad.403i:
718 4094 788 4162 eipe-
858 4103 958 4154 tii-bi.
990 4104 1067 4154 Gradi
1092 4105 1242 4174 tumidique]
1266 4107 1352 4172 Saepe

264 4167 316 4220 λοῦ
335 4166 406 4241 πρὸς
420 4166 555 4238 Ἑλλάδος
574 4169 671 4242 uapor
688 4170 723 4225 τὸ
736 4172 788 4242 θῆ-
826 4177 887 4229 cibo
913 4177 1033 4230 nondum
1062 4183 1189 4230 concocta
1216 4179 1300 4245 gulosi
1327 4183 1352 4232 in

264 4241 298 4296 lb
316 4260 359 4306 τε,
386 4247 404 4297 i.
427 4261 450 4298 e.
472 4245 571 4316 ψόγον
592 4245 644 4315 τῆς
661 4245 788 4318 eptem
824 4250 951 4304 balneum
963 4254 1177 4316 descendebant,
1192 4267 1246 4319 quo
1258 4267 1352 4306 rursus

264 4336 322 4384 τος.
352 4323 421 4386 virg.
443 4327 509 4376 Aen.
532 4326 559 4388 ⁴,
579 4325 623 4375 bi:
650 4327 788 4389 molemque
825 4327 924 4380 lamam
942 4329 992 4381 sibi
1010 4331 1170 4391 excitareni;
1189 4331 1264 4382 cuiue
1282 4328 1351 4382 siul-
