3090 4974
326 425 388 491 730
729 474 732 480 ,
808 425 937 478 uonini

369 584 472 663 Quam
495 599 579 668 qnae
602 591 677 648 eunt
697 580 800 648 oculis
821 581 967 650 subiecta
988 579 1139 649 fidelibus
1164 591 1303 671 atquae

366 706 441 791 lpse
464 702 526 769 sibi
548 702 644 770 tradit
665 711 842 791 spectator:
867 723 932 770 non
953 713 1060 770 tamen
1081 703 1166 771 intus

366 823 471 912 Digna
491 825 559 912 geri
581 844 711 912 promes
734 823 766 889 iu
790 843 921 892 menam
942 823 1108 912 multaque
1129 823 1222 892 tolles

367 945 414 1012 Ex
435 945 554 1022 oculis,
578 965 664 1032 quae
684 965 760 1012 mox
782 956 891 1012 narret
912 945 1061 1013 facundia
1082 965 1247 1035 praeseus.

367 1041 556 1154 Nepueros
579 1085 689 1134 coram
712 1066 832 1154 populo
855 1067 970 1135 Medea
990 1066 1145 1144 trucidet,
1349 1064 1407 1131 tae

366 1191 427 1253 Aut
448 1186 589 1254 humana
610 1186 717 1275 palum
738 1198 857 1276 coquat
878 1197 952 1256 exta
972 1187 1115 1256 nefarius
1136 1190 1267 1264 Atreus,

391 1424 448 1476 tat.
464 1422 605 1486 speculator
621 1420 648 1472 d.
669 1447 694 1460 -
716 1421 771 1472 tat.
789 1422 841 1472 Nec
858 1421 884 1484 d,
903 1423 963 1472 Lct.
984 1421 1250 1486 (HabentNeBbSi'c
1261 1425 1290 1474 et
1301 1425 1380 1475 Bent-

358 1497 400 1550 leii
419 1499 540 1564 epraeter
559 1496 627 1547 duos
647 1509 680 1546 ex
699 1497 889 1548 recentissimis
909 1497 1039 1558 omnes»)

324 1683 387 1735 tas:
408 1683 459 1734 Cor
474 1695 532 1734 meo
548 1683 615 1733 dioto
630 1687 706 1747 nepot
720 1683 800 1732 duros
810 1682 851 1732 de·
886 1680 965 1732 datur
975 1681 1040 1733 itam
1048 1681 1104 1732 Vici
1116 1683 1312 1748 interpretatio:
1328 1685 1411 1736 «Nuu-

323 1759 421 1808 mtttere
437 1757 464 1807 to
480 1769 563 1808 ινιιι.
583 1779 610 1792 -
628 1755 749 1822 mitres]
769 1757 850 1820 «qui—
887 1755 927 1816 tii,
957 1757 1004 1820 qui
1032 1757 1148 1808 evidenti
1175 1759 1329 1809 narratione
1355 1771 1410 1810 ram

324 1831 376 1883 bue
393 1833 506 1896 quisque
526 1832 678 1882 uoofflsario
698 1829 780 1882 iidem
800 1830 850 1879 ha-
887 1828 970 1881 oculis
986 1832 1168 1895 spectatorum
1185 1830 1367 1894 subiiciunt..)

323 1906 396 1956 bet.»
421 1907 522 1956 Seneca
541 1907 622 1970 Epist.
640 1906 669 1966 6,
686 1905 716 1957 i:
734 1905 850 1956 nonna

324 1980 726 2044 mrrpttoeocottrpocmuortbrc
735 1980 849 2029 cedunt.
919 1977 1057 2029 tet-⁴88.
1083 1978 1133 2040 Νι]
1160 1979 1233 2030 Hanc
1252 1979 1412 2043 partientem

325 2080 354 2092 -
372 2057 440 2106 totos
454 2056 541 2120 Dtpoo
557 2054 625 2119 pert]
652 2055 748 2118 partim
771 2052 849 2104 foeda
885 2051 1020 2104 Bentleius
1036 2055 1110 2103 recte
1127 2053 1254 2115 restituit,
1272 2055 1299 2104 iu
1318 2067 1355 2105 eo
1374 2059 1413 2106 ta·

324 2133 352 2182 et
368 2131 484 2192 atrocia,
503 2143 572 2194 quoe
590 2130 672 2180 nimio
689 2129 801 2179 horrore
817 2141 850 2178 ac
886 2139 948 2176 rnen
960 2125 1055 2188 falsus,
1074 2127 1147 2189 quod
1158 2128 1227 2178 haec
1239 2129 1332 2178 omnia
1343 2141 1360 2178 a
1371 2142 1412 2178 vu.

323 2209 426 2256 terrore
439 2205 619 2270 spectatorem
631 2201 777 2266 afficeret,
790 2215 850 2266 par-
884 2200 1111 2265 praecedentibus
1142 2201 1263 2266 pendere
1288 2205 1413 2266 opinatus

324 2280 371 2330 tim
388 2275 564 2338 incredibilia,
591 2279 621 2326 ut
638 2276 850 2328 transformatio·
887 2279 936 2328 eet.
962 2277 1094 2342 incipiunt
1104 2277 1167 2326 hinc
1178 2275 1299 2340 exempla
1313 2275 1414 2341 aliquot

323 2366 372 2403 nes
389 2350 447 2402 iliae
464 2353 581 2401 Procnes
598 2354 627 2400 et
643 2350 736 2401 Cadmi
755 2364 771 2400 a
787 2363 851 2412 my·
886 2362 990 2412 eorum,
1004 2363 1074 2414 quoe
1086 2364 1119 2402 ex
1127 2349 1210 2402 oculis
1221 2349 1342 2402 tollenda
1354 2353 1412 2408 siut,

324 2425 437 2489 thoiogie
454 2425 580 2486 traditae,
607 2437 690 2487 quae,
713 2425 736 2474 si
758 2435 849 2474 eoram
886 2427 913 2475 et
929 2436 1019 2489 perse
1031 2425 1142 2488 quidem
1153 2425 1249 2490 posita.
1265 2454 1293 2463 -
1308 2427 1413 2492 maor]

323 2498 422 2566 populo
434 2498 543 2559 fierent,
557 2499 677 2562 speciem
687 2495 850 2562 praeberent
887 2511 1025 2564 «quorum
1044 2501 1152 2550 nomina
1174 2498 1267 2550 Medus
1293 2503 1324 2550 et
1345 2502 1415 2553 iter-

324 2571 850 2639 properidiculam.Utriusquereiexem·
886 2585 1004 2624 marusa
1030 2576 1108 2624 Acro.
1138 2601 1165 2611 -
1191 2587 1280 2624 uororn
1304 2575 1414 2638 popolo]

324 2648 367 2716 pla
384 2663 446 2700 mox
463 2651 658 2714 proponuntur.
676 2675 704 2684 -
727 2647 850 2712 (modio
886 2645 1060 2711 Eschenburg
1088 2647 1126 2711 (in
1154 2660 1237 2712 opere
1262 2649 1414 2708 Hurdiano]

321 2724 448 2789 ριαιειιιι]
461 2724 593 2783 «curtina,
604 2723 648 2787 qui
660 2721 793 2773 horribilis
805 2725 851 2773 aut
886 2721 959 2772 haud
967 2721 1037 2772 maie
1049 2721 1165 2787 explicat
1182 2735 1290 2774 «coram
1301 2725 1413 2774 choro».

324 2799 467 2864 prodigiosi
487 2796 597 2848 alicuius
621 2797 682 2850 iacti
704 2799 778 2849 testis
802 2797 850 2847 tuit
889 2825 916 2834 -
929 2799 1018 2848 Medea
1034 2798 1147 2862 ιινιίᾶοι]
1169 2798 1316 2849 ctum.
1339 2799 1415 2861 Quod

323 2873 444 2926 ocuiatus
461 2885 494 2924 ac
510 2873 552 2923 vei
572 2875 716 2937 propterea
734 2872 848 2924 iucunde
886 2873 930 2923 hic
937 2872 1075 2924 dissuadet
1086 2873 1209 2924 Horatius
1215 2875 1320 2936 vitium,
1329 2889 1381 2927 sua
1390 2877 1415 2926 in

323 2946 538 3008 illudnarrahit»
547 2947 661 2998 welche
673 2947 760 2997 dotet
770 2959 847 3008 war,
886 2947 979 2998 Medea
994 2949 1128 2999 commisit
1144 2949 1247 3000 seneca
1263 2961 1289 2998 r.
1303 2949 1366 3001 975.
1387 2975 1413 2986 -

322 3024 400 3074 Voss.
426 3024 513 3086 Atque
531 3033 660 3081 revera,
679 3021 744 3073 dum
762 3022 850 3072 cessat
883 3024 990 3086 Procne]
1008 3024 1094 3083 Quam
1110 3022 1229 3074 fabulam
1245 3023 1416 3087 sapientissi-

323 3098 408 3158 actio,
435 3109 469 3147 eo
485 3095 654 3148 neundiores
671 3093 773 3146 debent
787 3107 848 3146 esse
886 3109 943 3158 me,
962 3098 992 3146 ut
1008 3097 1120 3148 credere
1137 3096 1210 3160 licet,
1230 3099 1357 3149 metavit
1368 3101 1416 3149 So-

323 3173 439 3235 suntque
462 3170 533 3234 apud
559 3172 673 3221 Graecos
695 3169 849 3221 huiusmodi
885 3168 995 3235 phocles
1012 3172 1039 3221 in
1051 3171 1150 3234 Tereo,
1175 3170 1209 3221 de
1225 3183 1280 3235 quo
1296 3173 1415 3235 tyranno

324 3245 506 3306 narrationes,
537 3246 569 3293 ut
595 3243 747 3294 auditorum
770 3257 849 3294 men·
885 3246 1039 3309 inupupam
1049 3245 1415 3310 neocesariensium

324 3321 365 3370 tes
375 3319 521 3370 detineant.
539 3317 627 3369 schol.
642 3317 708 3368 Ven.
723 3318 756 3368 ad
771 3317 847 3368 iliad.
887 3319 934 3370 400
946 3331 1005 3382 seq.
1019 3331 1080 3370 cum
1092 3319 1191 3381 schol„
1210 3317 1304 3370 collatu
1323 3319 1416 3386 impn'-

323 3394 350 3455 ζ,
371 3393 420 3443 58:
447 3389 479 3442 tv
503 3397 567 3454 ταῖς
586 3390 757 3462 τραγῳδίαις
779 3388 849 3462 apd·
885 3394 936 3443 mis
954 3391 1095 3444 Welciero
1115 3395 1161 3444 Gr.
1184 3395 1326 3459 Tropddteu
1348 3396 1369 3444 1.
1388 3408 1413 3459 p.

324 3480 428 3518 πτονσι
447 3462 517 3528 τοὺς
533 3463 659 3537 δρῶντας
676 3462 712 3516 ιὰ
728 3467 848 3518 τοιαῦτα
885 3467 953 3529 383.,
973 3469 1017 3531 qui
1034 3464 1277 3540 μεταμορφώσεις
1290 3465 1351 3520 illes
1363 3481 1415 3518 nou

323 3534 501 3607 (μισηιάκαι
509 3534 587 3606 ὠμά)
599 3540 705 3604 ἐνιατς
716 3544 848 3607 σκηναῖς,
884 3537 1053 3608 ἐξάγγελον,
1071 3542 1121 3592 sed
1139 3541 1220 3594 deum
1238 3555 1271 3594 ex
1287 3542 1414 3593 maehina

323 3610 849 3682 καὶῆφωναιςιισὶνέξακονομέναις
885 3616 1080 3681 spectatoribus
1101 3629 1226 3668 uamsse
1248 3619 1413 3681 suspicatur.

323 3684 389 3756 dds*
401 3685 528 3756 ἀγγέλων
540 3683 662 3761 ὕστερον
670 3691 849 3755 σημαίνουσι
888 3717 915 3728 -
929 3691 1037 3742 Cadmus
1046 3693 1074 3741 ιἰι
1084 3691 1202 3757 capum]
1215 3692 1255 3744 Ci.
1266 3692 1345 3743 ovid.
1358 3693 1416 3744 iia·

322 3761 359 3816 ιὰ
376 3765 555 3838 πραχθέντα,
574 3759 659 3816 οὐδὲν
675 3759 747 3815 ἄλλο
764 3758 848 3829 ἧφι)
885 3768 949 3816 tarn
963 3765 993 3827 i,
1012 3766 1061 3816 563
1073 3778 1132 3830 sqq.
1161 3765 1259 3818 Tenuis
1277 3767 1415 3831 quaedam

322 3836 466 3905 βούμενοι
482 3837 525 3904 μὴ
543 3832 627 3890 αὐτοὶ
639 3835 848 3904 σνμμισηθῶσι
885 3841 1030 3903 supersunt
1045 3841 1156 3904 vestigio
1168 3841 1262 3891 Cadmi
1277 3841 1415 3906 Eudpidei

325 3919 386 3977 τοῖς
410 3911 575 3985 δρωμένοις.
614 3911 675 3974 (Atii
701 3911 847 3977 explicant:
886 3913 971 3978 (Diod.
985 3915 1026 3964 Fr.
1045 3927 1072 3978 p.
1086 3913 1154 3977 td),
1181 3913 1316 3978 quemad
1334 3915 1416 3966 tabu·

326 3990 461 4050 «nuntius,
475 3990 521 4052 qui
532 4002 597 4040 sane
609 3988 707 4052 poterit
718 3985 777 4037 talia
789 4000 850 4038 ner·
884 3986 937 4038 lam
963 3986 1169 4040 Valckenaerius
1194 3987 1295 4041 rettulit
1316 4003 1416 4041 versus

324 4075 384 4114 rare
406 4076 535 4128 praesens
556 4063 691 4128 praesenti
707 4061 847 4128 populo;»
884 4065 1006 4114 servatos
1027 4063 1061 4117 ab
1083 4063 1251 4128 Hermogene
1273 4075 1334 4128 pag.
1357 4065 1414 4114 ⁴8⁰.

322 4149 418 4187 verum
431 4136 506 4188 aliter
517 4150 598 4203 quam
608 4149 738 4201 praeseus
749 4139 775 4188 in
787 4149 849 4188 soe-
884 4135 975 4188 Walz:
999 4134 1099 4204 Οἵμοι,
1116 4134 1231 4208 δράκων
1246 4151 1306 4202 μοι
1322 4141 1416 4206 γίγνε-

323 4223 357 4261 oa
375 4208 417 4261 ille
432 4223 540 4262 narrare
554 4213 660 4277 nequit;
679 4213 849 4278 itaqueotio-
884 4225 932 4262 ται
948 4208 982 4263 τό
1005 4214 1029 4278 γ’
1049 4206 1157 4278 ἥμισυ·
1185 4211 1305 4273 Τέκνον,
1333 4226 1416 4283 περιρ

324 4297 384 4338 sum
402 4288 475 4337 esset
486 4287 630 4350 epitheton.
655 4287 849 4340 Arbitreriavi-
885 4281 1014 4353 πλάνηθι
1038 4285 1077 4354 τῷ
1103 4283 1193 4354 λοιπῷ
1214 4287 1308 4358 πατρὶ,
1340 4287 1414 4347 Quos
