3090 4974
321 457 383 522 qgg
566 411 568 414 ⁵
765 483 768 488 ,
801 454 929 508 comni

321 613 410 667 tabula
427 611 553 680 peculiari
570 614 776 680 conscripserat.
812 615 913 666 Deinde
931 627 993 665 oum
1012 613 1103 678 paucis
1121 615 1182 665 ante
1200 615 1314 666 mortem
1332 615 1407 666 annis

322 713 402 750 ceusu
425 699 525 749 incerta
549 698 645 748 duetus
662 698 697 748 sd
714 699 838 759 Pisones,
863 697 954 748 nescio
971 711 1004 748 an
1023 699 1130 762 ingratis
1147 697 1273 762 precibus
1290 701 1407 758 coactus,

321 783 468 844 scriberet,
496 796 545 844 ea,
581 795 649 846 quae
673 781 746 832 cordi
772 781 823 832 sibi
848 780 1005 832 iamdudum
1031 783 1121 842 erant,
1148 783 1406 841 communicaturus,

322 867 412 918 omnia
424 867 547 928 omnino,
566 879 636 931 quae
648 866 682 916 de
694 867 768 930 poesi
781 867 872 916 mente
883 864 1022 915 recondita
1032 864 1163 927 babebat,
1180 865 1312 930 prompsit
1322 877 1409 930 prom-

321 953 421 1015 ptaque
437 949 577 1014 epistolam
595 947 690 999 leviter
705 947 869 998 adumbrans
886 949 1054 1013 perscripsit,
1080 949 1129 1008 ita,
1148 950 1178 997 ut
1194 961 1265 1000 nunc
1282 947 1408 1014 epistolae

322 1034 436 1084 lormam
458 1036 593 1094 seruaret,
618 1044 689 1083 nune
710 1030 758 1084 soli
781 1033 820 1082 rei
843 1032 1003 1082 scribendae
1020 1033 1136 1082 intentus
1153 1029 1312 1095 negligeret,
1340 1045 1409 1083 nuno

323 1116 357 1168 de
375 1119 499 1168 universa
517 1119 606 1182 poesi,
625 1131 697 1168 nuno
714 1117 748 1167 de
766 1116 886 1166 dramate
904 1119 1010 1179 ageret,
1033 1118 1061 1166 et
1075 1118 1171 1167 iterata
1188 1129 1252 1166 cura
1270 1115 1409 1180 epistolam

322 1205 415 1267 postea
432 1199 610 1266 perpolitnms
627 1203 769 1263 utrumque
786 1212 845 1250 rem
863 1213 915 1249 non
934 1200 998 1250 sotis
1015 1198 1115 1262 ubique
1132 1199 1306 1250 discerneret¹
1337 1200 1409 1253 Unda

324 1284 424 1336 laetum
447 1297 507 1336 essa
530 1284 650 1345 videtur,
673 1286 704 1334 ut
720 1283 912 1334 sententiarum
933 1295 985 1334 non
1002 1281 1103 1347 ubique
1121 1284 1188 1333 iusta
1206 1284 1368 1334 continuatio
1385 1287 1411 1334 et

323 1370 408 1419 series
431 1369 480 1429 sit,
504 1371 534 1418 ut
553 1367 602 1417 alia
626 1381 658 1417 ex
680 1366 730 1418 alia
752 1379 818 1417 nexu
836 1371 865 1417 et
881 1377 975 1418 omnes
992 1367 1061 1417 inter
1076 1381 1106 1418 ee
1124 1369 1202 1431 aptae
1220 1365 1409 1431 colligataeque

324 1465 386 1502 esse
405 1465 458 1502 non
474 1451 629 1510 uideantur,
656 1463 820 1514 quamquam
838 1449 872 1499 ad
888 1451 982 1514 poesin
1000 1452 1112 1500 eunome
1128 1451 1271 1514 pertinent.
1307 1453 1345 1501 Ex
1362 1453 1411 1501 beo

323 1537 402 1600 igitur
419 1534 544 1600 epistolae
562 1533 672 1596 umbra,
699 1547 747 1585 our
770 1534 804 1584 ad
821 1536 931 1585 Pisones
948 1535 1046 1598 scripta
1064 1535 1110 1594 sit,
1137 1547 1234 1599 pamm
1252 1533 1409 1598 intelligitur,

323 1631 411 1682 neque
428 1631 537 1678 eomm,
557 1629 625 1681 quos
642 1619 749 1669 historia
767 1619 853 1677 novit,
877 1618 923 1682 qui
940 1617 1046 1668 crerint.
1081 1620 1204 1670 Attamen
1222 1631 1285 1669 oum
1302 1620 1331 1669 L.
1351 1617 1411 1669 Cal-

323 1703 449 1766 purnium
467 1703 604 1763 Pisonem,
624 1703 669 1766 qul
687 1713 749 1752 oum
766 1703 800 1752 ll.
819 1701 891 1751 Livio
909 1703 995 1752 Dmso
1012 1715 1037 1751 a.
1051 1715 1078 1752 u.
1091 1715 1116 1752 o.
1129 1701 1187 1752 739.
1206 1701 1300 1753 consul
1317 1703 1410 1762 luerat,

323 1787 346 1836 si
363 1797 415 1836 non
433 1786 522 1850 ipsum
538 1789 661 1849 poetam,
680 1788 753 1836 certe
771 1788 911 1849 poetamm
928 1785 1072 1836 antistitem
1084 1783 1182 1845 luisse,
1201 1789 1325 1836 veteram
1339 1787 1412 1837 teeti-

324 1869 420 1920 moniis
438 1870 501 1919 eatis
519 1869 721 1934 comprobetur,
746 1871 854 1933 poetam
871 1867 906 1918 ad
923 1868 995 1919 buno
1013 1869 1124 1932 eiusque
1142 1867 1209 1920 lilios
1227 1868 1349 1920 seribere
1365 1883 1412 1919 vo-

323 1951 405 2003 luisse
428 1951 555 2013 arbitror,
579 1953 629 2004 nisi
652 1953 712 2017 quls
731 1952 798 2002 lorte
820 1951 981 2002 firmioribus
998 1963 1063 2002 usus
1081 1953 1244 2016 argumentis
1260 1951 1335 2003 aliud
1352 1965 1413 2004 sua-

323 2035 406 2086 debit.
441 2039 508 2087 Nam
533 2037 613 2087 iudici
639 2043 754 2102 poeseos
779 2037 865 2100 perito
890 2039 993 2086 nutum
1018 2035 1148 2086 eiusmodi
1176 2047 1220 2086 res
1246 2039 1307 2100 apte
1331 2037 1412 2088 scribi

324 2123 476 2184 potuerunt.
502 2120 640 2171 Horatium
657 2119 850 2171 consuetudine
863 2117 1002 2170 Pisonlbus
1015 2121 1185 2170 coniunctum
1197 2117 1279 2170 multa
1291 2118 1327 2170 de
1339 2123 1412 2185 poesi

324 2205 433 2267 saepius
451 2217 513 2254 cum
530 2217 563 2253 eo
579 2203 621 2254 vel
639 2202 842 2268 praesentibus,
860 2203 901 2254 vel
920 2217 1112 2267 nonnunquam
1129 2215 1285 2255 sermonum
1302 2205 1412 2269 partiei-

324 2286 402 2350 pibus
420 2285 478 2336 filiis
495 2285 653 2336 collocutum
682 2299 757 2348 esse,
779 2289 988 2337 consentaneum
1006 2289 1055 2339 est.
1090 2288 1139 2346 Qui
1156 2299 1295 2338 sermones
1311 2291 1412 2352 passim

324 2371 436 2420 tortasse
454 2370 631 2433 respiciuntur
648 2369 682 2420 ab
701 2371 822 2420 Horatio:
842 2371 905 2434 quin
923 2369 1060 2421 consiliam
1078 2369 1215 2434 quoddam
1232 2371 1369 2435 singulare
1379 2372 1412 2422 de

324 2453 451 2503 Pisonum
468 2455 570 2504 maiore
588 2453 612 2503 ei
629 2452 711 2504 luisse
728 2451 804 2503 facile
822 2452 925 2517 largiar.
961 2453 1043 2514 Quale
1060 2453 1152 2514 buerit,
1177 2457 1289 2519 propter
1304 2457 1347 2506 rei
1365 2455 1413 2506 ob-

324 2537 478 2588 scuritatem
496 2547 628 2598 quaerere
645 2535 780 2600 displicet,
800 2549 868 2599 quae
887 2539 957 2588 tanta
975 2541 1029 2598 est,
1048 2541 1078 2587 ut
1093 2539 1136 2588 vix
1153 2549 1273 2601 unquam
1290 2537 1413 2590 illustrari

325 2633 406 2685 posse
422 2619 554 2670 videanrr.
588 2621 681 2683 Neque
699 2623 902 2684 praeterquam,
921 2620 993 2684 quod
1011 2619 1133 2672 ultimum
1144 2620 1197 2672 boo
1208 2622 1412 2674 llomtisnorum

325 2715 438 2768 operum
464 2717 525 2754 esse
551 2704 619 2766 dini,
646 2707 752 2770 tempus
769 2703 880 2769 quidem
900 2706 1049 2755 accuratius
1066 2705 1178 2756 definire
1195 2717 1316 2770 possum
1353 2705 1412 2758 Tale

325 2789 404 2852 igitur
420 2786 578 2852 opusculum
595 2791 656 2852 post
679 2789 777 2838 lloratii
795 2790 909 2840 mortem
928 2791 1066 2852 repertum
1083 2801 1116 2838 ex
1133 2791 1292 2852 argumento
1308 2789 1413 2842 titulum

325 2873 447 2937 petentes
464 2873 555 2922 Artem
577 2873 710 2935 poetieam
733 2873 934 2937 inscripserunt.
970 2873 1152 2932 Grammatioi,
1180 2873 1206 2924 nl
1226 2872 1318 2936 lallor,
1347 2875 1413 2925 arri-

325 2967 421 3020 puere,
441 2957 467 3005 in
485 2957 573 3005 certes
591 2956 680 3020 parles
698 2953 828 3016 divisere,
847 2954 986 3018 diligenter
1002 2955 1154 3020 explicuere
1166 2955 1310 3021 discipulis.
1342 2958 1413 3009 Divi-

326 3039 430 3088 slonem
447 3041 536 3089 nutem
554 3051 587 3090 ex
604 3037 683 3089 libelli
702 3037 806 3100 indole,
830 3040 911 3104 atque
928 3038 990 3088 inde
1008 3037 1159 3098 Quintiliani
1177 3038 1239 3090 illud
1265 3041 1312 3090 «in
1325 3043 1412 3104 priseo

324 3126 400 3184 perte
416 3121 474 3171 iibri
490 3123 520 3172 de
535 3123 596 3172 Arte
608 3123 724 3184 poetico»
741 3123 850 3173 tinxisse
868 3122 1017 3172 existimo.»
1050 3121 1121 3174 Alius
1138 3123 1276 3187 opiniones
1293 3125 1412 3189 reperies

326 3205 399 3270 apud
415 3205 587 3255 Diintzerum.

392 3289 502 3339 Praeter
518 3287 610 3340 lilium
627 3302 699 3341 nunc
714 3288 789 3341 licuit
805 3290 957 3340 examinare
974 3287 1067 3341 similis
1084 3293 1190 3354 generis
1205 3289 1322 3342 libellos:
1346 3291 1411 3342 Gaii.

327 3371 427 3422 Theod.
445 3370 575 3421 Streuber
589 3373 621 3422 de
637 3373 666 3435 Q.
684 3373 784 3422 Horatii
800 3374 883 3423 Ftoeei
894 3373 929 3423 orl
938 3373 1036 3423 Pisones
1046 3372 1167 3435 Epistola.
1191 3373 1320 3435 Baslleae,
1337 3375 1410 3427 tues.

327 3455 367 3515 8.,
386 3453 544 3518 opusculum
561 3455 643 3506 multa
659 3455 739 3507 laude
756 3457 874 3520 dignum.
910 3455 1018 3520 Engelb.
1037 3457 1088 3507 los.
1108 3455 1211 3520 llllgers
1227 3458 1258 3508 de
1272 3458 1301 3520 Q.
1314 3458 1413 3509 limotii

328 3539 411 3588 Ftoeei
426 3539 540 3600 Epistola
557 3540 591 3589 ad
605 3541 711 3590 Ρέεοποε.
738 3541 845 3590 lionnae
864 3539 937 3591 isit.
956 3540 980 3590 8.
1015 3538 1122 3590 Addere
1140 3539 1220 3591 hodie
1242 3542 1316 3592 iuuat
1331 3544 1411 3593 ettam

328 3625 358 3672 G.
376 3621 540 3685 Bernhardyi
562 3621 596 3673 de
617 3625 679 3674 Arte
703 3624 808 3674 Potitios
827 3623 986 3674 sententium
1003 3625 1168 3688 propositam
1183 3627 1213 3675 et
1228 3625 1256 3675 in
1272 3627 1413 3689 Program·

327 3709 399 3757 mete
417 3703 523 3756 Halensi
540 3719 564 3756 a.
579 3705 651 3758 teir.
665 3711 694 3758 et
708 3708 735 3756 in
752 3705 821 3757 libro
838 3707 1066 3770 praestantissimo
1078 3707 1216 3758 &mdiu
1226 3709 1272 3759 der
1282 3709 1352 3760 non.
1365 3709 1414 3759 tit·

328 3795 435 3840 terotw.
460 3789 550 3841 Zwaite
565 3789 740 3854 Beorbeittmp.
759 3803 785 3854 p.
804 3789 853 3840 tii
868 3801 909 3853 sq.
929 3789 970 3840 bis
985 3790 1093 3842 uerbis:

395 3872 530 3938 «Epistola
553 3874 588 3924 ad
611 3875 733 3934 Pisones,
759 3874 804 3923 seit
825 3873 964 3936 Quintilian
985 3875 1165 3937 gnodletticber
1180 3876 1230 3925 Ars
1247 3876 1353 3926 Poenos
1370 3887 1413 3939 go·

328 3963 421 4017 cenot,
438 3957 561 4008 omdmltt
575 3957 616 4006 ttr
632 3957 738 4007 senate
753 3957 957 4020 prosmditselm
966 3959 1272 4022 wentpertbrenioaltren
1285 3961 1413 4024 Venitne·

329 4041 368 4092 ets
391 4041 617 4105 &mpamdtosan
639 4039 791 4102 Vorortted,
818 4041 876 4091 does
896 4041 931 4090 ste
951 4040 1414 4106 desummoderteirpedicttdn

331 4124 733 4176 imminentemque
756 4125 902 4176 Walstssu
922 4124 1033 4174 &mbo
1054 4124 1415 4190 boimonlttttqtqmtroedoe

329 4209 696 4273 adcommodatumne
717 4209 832 4259 uersuoltt
856 4207 917 4257 oder
940 4207 1414 4270 umumoeenamzwet

329 4293 396 4343 sinet
411 4291 538 4344 Gediettm
553 4291 743 4356 ἀνάσσω,
760 4291 863 4342 melotes
878 4290 1414 4350 momenmentum
