3178 4972
314 442 376 508 530
677 441 805 492 nonrrn
822 439 1041 508 nrrsronnnuu

357 599 449 666 Dicat
470 597 572 664 ethis
593 595 701 662 verbis
722 616 841 664 vacuas
863 594 1062 684 permulceat
1083 613 1197 661 aures:

358 722 444 785 Tene
466 718 568 804 magis
590 716 719 790 salvum,
739 716 879 804 populus
901 715 991 788 velit.
1016 736 1055 782 an
1078 715 1234 804 populum
1256 725 1305 790 tu,

359 841 472 907 Servet
495 839 525 904 in
548 838 715 926 ambiguo,
740 837 794 924 qui
818 835 956 904 consulit
977 848 1010 904 et
1030 835 1087 904 tibi
1110 811 1143 904 et
1163 835 1252 912 urbi,

358 960 517 1048 luppiter,
540 959 672 1046 Augusti
694 957 808 1024 laudes
829 979 1006 1046 agnoscere
1029 960 1152 1046 possis:

359 1082 440 1148 Cum
461 1081 581 1167 pateris
603 1080 734 1168 sapiens
756 1078 1013 1166 emendatusque
1035 1081 1160 1156 vocari,
1361 1081 1403 1144 30

359 1200 589 1288 Respondesne
611 1210 682 1278 tuo,
707 1199 759 1266 dic
781 1199 892 1274 sodes,
916 1200 1070 1266 nomine?
1095 1203 1217 1288 Nempe

356 1325 410 1388 Vir
431 1321 536 1388 bonus
558 1330 591 1388 et
611 1319 755 1408 prudens
778 1319 842 1388 dici
866 1319 1010 1386 delector
1032 1341 1093 1407 ego
1116 1341 1154 1389 ac
1176 1331 1219 1387 tu.

358 1443 419 1522 Qui
442 1441 532 1506 dedit
553 1440 615 1506 lroc
636 1438 746 1514 hodie,
771 1460 860 1516 cras,
885 1439 910 1506 si
933 1439 1033 1516 volet,
1058 1441 1195 1517 auferet,
1218 1451 1254 1510 ut
1275 1442 1301 1506 si

381 1611 421 1660 29.
436 1609 535 1672 possis?
552 1609 578 1659 F.
595 1637 621 1646 -
636 1609 676 1659 30.
690 1609 751 1658 Caua
762 1609 850 1670 cupias
861 1609 911 1668 bS,
932 1611 995 1660 item
1007 1623 1034 1670 c,
1053 1609 1102 1659 sed
1119 1623 1252 1673 superscr.
1264 1611 1367 1674 potoris.

349 1687 393 1748 (Ex
412 1683 481 1736 nullo
499 1697 610 1734 suorum
627 1684 696 1733 hune
717 1683 883 1734 arbitrariam
907 1684 1080 1733 variationem
1098 1683 1198 1732 notarit
1213 1684 1367 1745 Pottierius,

348 1763 387 1820 et,
406 1761 436 1808 ut
447 1773 511 1820 nos,
525 1759 563 1820 E.)
579 1786 606 1794 -
620 1757 660 1808 3l.
673 1759 787 1808 omnine:
806 1759 913 1820 «lt'empr
924 1785 938 1794 —
949 1785 964 1796 -
977 1772 1008 1806 uc
1019 1757 1079 1806 tuln
1098 1757 1233 1820 distinguit
1250 1758 1323 1808 lehn.
1339 1785 1367 1794 -

346 1835 387 1885 32.
407 1835 523 1884 delector.
541 1833 595 1897 Euo
612 1847 643 1882 oc
660 1839 695 1883 tu.
714 1835 837 1896 Doering.
859 1857 886 1868 -
906 1831 946 1883 33.
965 1833 1087 1892 αυιείΕ,
1105 1833 1310 1896 utsisuperscr.
1324 1837 1369 1882 out

346 1908 374 1959 b.
390 1937 417 1946 —
436 1908 476 1960 ul.
496 1907 603 1959 detrahit
621 1908 655 1958 bc
674 1909 734 1971 (non
753 1908 809 1970 SE).
825 1935 851 1944 -
865 1907 905 1958 36.
919 1908 985 1956 ldcm
997 1907 1075 1970 (ego),
1094 1907 1141 1954 si-
1152 1933 1166 1943 ·
1177 1907 1297 1956 llordcur
1309 1907 1369 1957 iun-

314 2062 391 2124 poiita
418 2060 498 2120 atquo
521 2056 619 2108 Horatii
642 2057 752 2106 amicus.
789 2055 837 2114 Qui
875 2057 913 2115 ut,
927 2053 1155 2118 quemadmodum
1171 2052 1258 2106 solent
1268 2053 1400 2118 plerique,

313 2133 436 2196 iungunt:
457 2132 498 2180 «Si
515 2132 574 2194 quis
589 2131 636 2180 tibi
649 2131 719 2180 dicat
731 2129 836 2192 (narret)
875 2131 903 2178 tu
921 2141 1027 2192 quoque
1045 2128 1114 2179 hunc
1131 2126 1238 2178 laudem
1257 2128 1283 2178 in
1301 2131 1327 2178 te
1345 2141 1402 2178 me-

313 2206 382 2257 bella
400 2207 434 2255 ab
452 2207 569 2267 augusto
587 2207 690 2267 gesta.»
709 2204 780 2254 haud
798 2217 839 2254 sa·
875 2203 924 2252 rito
955 2201 1069 2253 conferri
1104 2203 1271 2254 existimes.»
1314 2203 1400 2254 Minus

314 2281 346 2332 tis
364 2278 540 2344 explicarunt,
566 2292 616 2328 nec
634 2276 769 2340 quomodo
788 2277 838 2325 hoe
875 2278 948 2326 recle
960 2276 1002 2327 alii
1015 2277 1119 2340 signum
1131 2277 1343 2341 interrogationis
1355 2291 1402 2342 po-

313 2355 371 2404 lieri
397 2353 512 2417 potuerit
535 2365 588 2401 non
612 2353 684 2414 prius
702 2351 837 2400 nominato
876 2353 942 2400 nunt
959 2352 1019 2414 post
1035 2365 1061 2400 v.
1076 2351 1165 2412 possis.

313 2430 431 2491 Augusto
449 2439 530 2488 quarn
547 2439 572 2473 v.
588 2425 645 2484 29„
664 2437 752 2486 neque
770 2438 838 2487 qno·
909 2425 997 2474 30-35.
1023 2425 1271 2491 superauerat]
1293 2429 1401 2476 «Annu-

313 2502 394 2551 modo
411 2501 477 2560 lroc,
497 2501 526 2547 ut
543 2511 626 2563 prope
645 2511 757 2548 necesse
771 2501 837 2558 erat,
876 2499 931 2548 isne
950 2499 1030 2548 nimio
1042 2501 1088 2548 tuo
1101 2497 1243 2558 laudatori,
1263 2501 1340 2562 quasi
1352 2513 1401 2550 ve-

311 2575 385 2640 prius
405 2575 539 2624 nominato
561 2573 631 2622 Varii
655 2572 779 2622 versiculi
796 2571 838 2623 vel
876 2586 935 2622 rum
947 2571 994 2622 tibi
1012 2573 1184 2636 praeconium
1198 2571 1351 2634 tribuisset,
1366 2588 1400 2624 an

313 2649 347 2700 ab
382 2647 611 2712 impudentissimo
642 2646 778 2696 adulatore
804 2647 837 2696 ad
876 2646 956 2706 dicis,
983 2649 1127 2697 letantem
1146 2645 1325 2699 laudemnon
1341 2661 1402 2698 me-

312 2723 446 2783 Quintium
472 2721 610 2772 transferri
636 2721 778 2784 potuerint.
808 2747 835 2768 ι-
875 2723 1012 2772 reri‘ln-
1028 2721 1071 2770 l'ir
1087 2720 1164 2770 boatu
1181 2721 1245 2785 cet]
1262 2721 1400 2772 Manifesta

309 2795 652 2860 uacuos1utPers.l,50:
679 2797 839 2858 Nequiquam
875 2797 942 2846 haec
958 2793 1053 2858 dialogi
1066 2794 1167 2844 habent
1177 2795 1313 2858 quandam
1324 2797 1400 2846 sind-

309 2871 402 2933 populo
414 2870 509 2918 bibulus
520 2871 652 2920 dmuverts
663 2883 751 2930 aures,
770 2867 839 2917 ulau·
874 2868 1021 2919 litudinem.
1039 2869 1132 2918 «Dices
1141 2870 1169 2917 tu
1180 2869 1301 2920 tortasse:
1321 2869 1398 2929 Quid,

311 2944 352 2994 dis
371 2943 480 3008 cupidas
493 2946 520 2993 et
531 2942 673 2994 adulationi
689 2945 837 3008 patentes.»
876 2955 992 3006 quaeso,
1019 2943 1103 3006 magis
1125 2945 1335 2994 consentaneum
1359 2945 1401 2994 est

312 3018 350 3068 Cl.
366 3019 471 3080 patulos
487 3031 562 3068 auras
579 3019 644 3080 Epp.
659 3019 682 3075 l,
697 3019 737 3078 l8,
752 3017 792 3066 to.
811 3017 836 3076 2,
876 3019 984 3066 naturae
1003 3017 1135 3066 humanae
1153 3030 1233 3080 quam
1245 3019 1399 3082 utquisque

311 3091 336 3151 Ξ,
351 3092 407 3140 rou.
424 3119 450 3127 —
468 3092 629 3154 permulceat]
649 3095 738 3154 «grato
756 3091 837 3140 modo
875 3090 915 3138 vir
940 3087 1027 3139 bonus
1053 3088 1103 3138 diei
1130 3091 1236 3154 cupisti
1270 3091 1400 3150 Quocirca

311 3167 425 3227 tangat„
453 3166 507 3215 cic.
528 3167 598 3216 Orat.
619 3165 664 3224 l9,
686 3165 746 3215 l63:
765 3164 839 3213 Duae
876 3175 925 3225 ego
937 3176 1044 3226 quoque
1056 3164 1107 3214 hoc
1120 3177 1187 3213 aveo
1199 3165 1226 3214 et
1238 3168 1327 3214 certus
1339 3177 1400 3214 sum

309 3244 367 3288 sunt
390 3252 445 3298 res,
473 3253 539 3300 quoa
557 3239 731 3301 pennulccunt
753 3251 837 3299 curos,
876 3240 901 3286 te
913 3235 984 3288 idem
996 3251 1102 3290 arere.»
1119 3239 1254 3288 lloratius:
1269 3229 1400 3288 iuvenum-

310 3317 554 3363 sonusctnumuus.
571 3340 597 3348 -
614 3313 674 3362 Ture
684 3313 837 3376 marquart]
875 3315 965 3361 tamen
991 3309 1050 3361 talia
1076 3311 1144 3375 volgi
1170 3311 1266 3362 iudicia
1291 3325 1401 3376 semper

312 3387 358 3436 «lli
371 3399 465 3435 versus
478 3388 540 3436 sunt
549 3386 621 3435 Varii
635 3387 661 3435 in
673 3389 837 3449 Panegyrico
875 3382 975 3436 lallncia
990 3388 1052 3435 sunt
1064 3388 1144 3449 atque
1157 3387 1271 3447 incerta,
1291 3387 1341 3446 ita,
1360 3387 1398 3447 ul,

311 3461 447 3522 angusti.»
461 3461 567 3509 Sanora.
588 3459 641 3510 Cir.
655 3460 837 3510 Weiclrertde
875 3459 925 3508 nisi
941 3460 1025 3510 virtus
1047 3462 1093 3510 tua
1110 3461 1208 3510 nitatur
1227 3460 1400 3510 fundamento
1505 3467 1521 3486 ·

310 3535 338 3583 L.
352 3533 431 3583 Vario
441 3547 467 3596 p.
478 3535 518 3583 55.
535 3559 563 3570 -
577 3535 662 3584 Serust
673 3535 699 3582 in
711 3534 836 3598 arabiam]
875 3530 957 3582 multo
976 3531 1106 3594 firmiore,
1125 3533 1151 3584 id
1170 3536 1224 3595 est,
1242 3535 1316 3584 reela
1334 3547 1401 3584 eon-

235 3647 240 3654 .
311 3608 399 3658 «Faxit
416 3609 546 3671 luppiter,
565 3621 599 3658 ne
617 3608 695 3659 huius
713 3610 752 3657 rei
770 3609 839 3672 pori·
875 3605 994 3667 scientia,
1006 3607 1124 3669 quotidie
1135 3608 1258 3658 excidere
1268 3619 1330 3656 cum
1340 3619 1401 3671 pos·

312 3680 401 3732 culum
420 3681 464 3731 ilat
481 3679 565 3732 allero
582 3683 609 3732 in
628 3683 770 3732 discrimen
789 3695 837 3731 vu·
874 3681 910 3732 sis
928 3679 998 3730 hona
1014 3681 1055 3731 illa
1068 3682 1139 3745 apud
1152 3680 1347 3732 multitudinem
1359 3681 1400 3732 la-

311 3758 398 3805 ento.»
412 3784 440 3791 —
456 3755 545 3820 possis]
559 3757 614 3814 «Si,
633 3757 757 3818 inquom,
770 3755 837 3804 haec
874 3767 931 3814 ma,
951 3768 1004 3804 non
1022 3759 1126 3815 tamen,
1149 3759 1178 3804 ut
1194 3756 1256 3806 lacit
1272 3769 1336 3806 vera
1354 3768 1400 3806 sa·

312 3843 403 3879 eoram
422 3833 446 3878 te
464 3828 559 3892 aliquis
577 3830 662 3888 dicat,
682 3841 746 3880 sane
759 3841 838 3890 agno-
874 3829 964 3892 piene,
992 3831 1120 3882 mutatum
1137 3829 1207 3879 hanc
1227 3827 1324 3894 popelli
1341 3828 1401 3894 opi·

311 3917 371 3954 acas
390 3903 473 3966 (lacile
486 3905 594 3965 sentias)
613 3917 644 3953 ea
662 3902 708 3952 uni
720 3905 837 3965 Augusto
875 3903 981 3952 alonem
999 3904 1108 3966 propter
1125 3903 1334 3966 magnitudinem
1345 3905 1401 3954 ani-

312 3977 364 4025 diei
393 3991 487 4040 posse,
523 3980 602 4041 atque
632 3975 700 4025 illico
726 3989 837 4039 respuas
875 3977 912 4026 mi
929 3990 1024 4027 secure
1042 3976 1199 4040 despicias.»
1215 4005 1242 4014 -
1261 3975 1399 4040 epouctu]

312 4048 492 4102 adulationem
504 4053 558 4102 tam
571 4053 766 4114 exaggeratam.
782 4050 836 4101 Alia
876 4045 950 4116 «ἐγώ
976 4064 1006 4099 τε
1028 4050 1077 4100 καὶ
1094 4047 1146 4112 ori,
1173 4063 1226 4100 non
1244 4052 1332 4102 minue
1349 4063 1400 4114 ego

312 4123 424 4174 tortasse
443 4138 486 4176 res
504 4125 565 4184 erit,
585 4126 607 4174 si
624 4125 683 4189 quis
695 4128 721 4174 te
734 4127 838 4189 sapien·
875 4137 956 4188 quam
973 4125 1027 4174 tur
1046 4125 1121 4176 liand
1133 4127 1209 4176 Tura.
1223 4127 1242 4176 l.
1256 4139 1283 4190 p.
1297 4125 1354 4176 462.
1370 4153 1397 4194 ‘T

312 4195 445 4247 tissimum
462 4198 584 4262 vitiisque
602 4197 728 4250 omnibus
746 4211 839 4248 oaren-
874 4199 895 4248 st
906 4199 1037 4264 Detrrterit]
1055 4201 1112 4249 Non
1125 4202 1177 4260 est,
1197 4198 1401 4250 utvoluitDoe-

312 4272 367 4319 tem
391 4271 543 4334 praedicet;
572 4273 628 4322 lieri
647 4275 716 4324 enim
743 4273 835 4336 possit,
874 4273 945 4336 ring,
965 4275 1005 4324 «si
1023 4274 1082 4338 quis
1099 4271 1253 4336 detuleril,»
1275 4271 1337 4324 sed:
1358 4275 1400 4324 «si
