3130 4966
596 477 657 526 nio.
676 477 694 526 1.
729 477 798 528 SAT.
817 479 837 528 1.
1241 477 1261 539 5

218 631 284 698 Sub
307 629 379 720 galli
403 641 532 698 centum
555 631 719 699 consultor
741 631 796 700 ubi
820 633 903 700 ostia
925 633 1040 721 pulsat.
1225 634 1266 699 lo

219 751 272 820 llle
295 752 378 819 detis
402 751 540 820 vndibus
562 753 618 841 qui
640 774 717 821 rure
739 762 901 822 extractus
924 755 956 819 in
981 753 1096 822 urbem
1118 766 1181 834 est,

217 873 312 942 Solos
336 874 446 942 ielioes
469 873 614 942 viventes
636 874 753 942 clamat
779 877 812 941 in
833 874 925 943 urhe.

220 997 334 1064 Cetera
356 995 399 1064 de
420 1017 541 1084 genero
563 996 775 1064 hoo-adeo
793 1007 868 1065 sunt
890 997 1224 1087 multo-loquacem

218 1117 392 1186 Delessare
413 1117 521 1188 volent
542 1117 687 1186 Fabium.
731 1120 778 1186 Ne
803 1129 834 1187 te
857 1141 980 1216 morep,
1004 1120 1095 1198 audi,

240 1355 280 1404 40.
299 1359 378 1406 centu
394 1367 442 1406 sex
459 1355 584 1407 Pollierii.
605 1383 634 1394 -
653 1357 693 1408 44.
711 1361 799 1409 motat
815 1357 863 1420 Bd,
881 1359 970 1411 444444
986 1374 1013 1425 p.

206 1571 279 1621 9-44.
298 1571 363 1621 imis
378 1571 509 1635 4444444444
521 1571 628 1637 peritos]
642 1573 701 1624 Non
740 1573 858 1628 elorliter
870 1589 902 1626 oo
923 1575 1072 1640 praeireote
1090 1575 1262 1636 oonteudlt»;

173 1645 268 1709 replens
278 1645 417 1696 dumtaxat
428 1647 468 1696 444
478 1647 639 1708 continetur,
652 1646 701 1698 sed
740 1653 769 1701 ut
780 1653 832 1702 Set.
843 1654 874 1712 4,
887 1652 917 1714 3,
937 1653 998 1703 4304
1016 1653 1136 1703 lusorium
1147 1657 1171 1702 44
1181 1664 1265 1702 444444

173 1721 255 1770 etiarn
267 1723 377 1772 senatus
387 1719 526 1783 consultis,
539 1721 633 1772 edictis
645 1735 702 1772 me·
736 1728 810 1788 pnes·
830 1727 986 1788 cloroerrtque
1004 1727 1111 1789 poeitae
1148 1727 1213 1791 Epp.
1233 1727 1262 1781 4,

173 1794 343 1856 gistratuum,
356 1797 495 1860 responsis
506 1795 702 1860 prudentum.-
740 1801 768 1861 4,
795 1800 841 1850 80:
877 1801 985 1850 4444444444
1006 1801 1110 1863 periisse
1130 1802 1262 1862 44444444.

171 1869 308 1934 4444444444]
321 1871 375 1934 qui,
385 1869 458 1921 litem
467 1871 598 1922 adversus
608 1883 703 1935 quem·
738 1872 786 1925 Alii
800 1887 853 1924 non
864 1887 975 1939 prorsus
987 1875 1140 1926 necessario
1152 1875 1203 1924 hoc
1215 1887 1264 1938 pro

172 1944 245 2006 piem
262 1957 355 2008 egens,
373 1944 593 2008 iureconsultum,
613 1948 701 1998 virum
738 1943 888 2021 ἀγροικίας
897 1950 973 2012 signo
984 1948 1093 2008 hebent,
1107 1951 1136 1998 ut
1147 1951 1188 1999 est
1198 1961 1264 2000 sune

172 2016 291 2082 aliquem
303 2021 458 2083 primarium
467 2020 588 2082 civitatis,
599 2021 701 2072 inotrio
737 2019 849 2096 μεγάλῃ
883 2022 918 2096 τῇ
953 2020 1037 2096 φωνῇ
1068 2021 1164 2072 toleio
1192 2021 1265 2088 opud

172 2093 271 2144 domus
301 2106 367 2144 4444
396 2096 423 2144 in
448 2093 515 2145 solio
540 2095 699 2157 sedentem,
738 2100 871 2164 Theophr.
892 2101 970 2150 Cher.
984 2099 1012 2161 4,
1032 2099 1056 2149 4.
1083 2099 1167 2150 Plout.
1186 2099 1261 2150 llost.

172 2169 261 2231 primo
284 2181 364 2218 mane
382 2169 449 2232 odit,
472 2172 502 2220 ut
522 2169 573 2222 sibi
590 2171 625 2222 44
642 2173 700 2222 iure
739 2175 768 2236 4,
788 2175 818 2237 4,
837 2175 865 2225 6:
886 2174 1015 2238 04444444,
1032 2174 1138 2236 44444444,
1155 2173 1265 2224 4444444

171 2241 337 2307 respondeat
358 2245 547 2308 actionumque
573 2244 701 2296 roi-mulas
738 2250 965 2301 moderatore
981 2249 1036 2300 est?
1054 2250 1094 2299 Ao
1110 2249 1167 2298 4444
1183 2260 1265 2298 censes

171 2317 349 2381 praescribet.
384 2321 414 2370 ln
436 2319 559 2384 gallicinii
578 2323 700 2385 ternpore
737 2331 761 2376 44
776 2325 844 2376 esse?
860 2351 874 2362 -
891 2349 905 2362 -
921 2324 968 2374 444
986 2337 1039 2374 rou.
1074 2320 1263 2386 (Memorabilis

171 2391 284 2442 ridicule
301 2393 451 2458 hyperbole
469 2395 548 2456 inest,
566 2397 597 2445 ut
612 2393 700 2446 inillis
738 2403 781 2450 est
791 2400 869 2452 lectio
884 2399 950 2451 Cod.
964 2398 1101 2462 antiquiss.
1114 2397 1148 2446 B:
1166 2400 1263 2457 444444,

172 2467 225 2517 Cic·
245 2479 297 2531 pro
316 2469 418 2519 Muren-
438 2470 467 2531 9.
486 2471 534 2520 221
562 2471 655 2534 4444444
673 2475 702 2520 lii
738 2477 839 2528 dictum
857 2477 1002 2536 hoeeeset‚
1022 2475 1050 2524 ut
1064 2472 1135 2536 opud
1148 2473 1263 2522 Graecos

171 2541 288 2607 (Sulpici)
304 2543 334 2593 44
349 2549 429 2606 noete,
446 2549 475 2594 44
491 2545 701 2596 444444444444-
737 2565 819 2616 saepe
850 2553 995 2615 usurpetur
1025 2541 1139 2614 4444444,
1167 2557 1263 2597 verum

171 2617 216 2668 ⁶⁸¹
236 2619 401 2680 4444404444Μί
426 2619 467 2669 4444
484 2619 525 2681 (¹⁴-
547 2617 699 2682 Lucullus),
738 2629 825 2678 ortum
843 2627 907 2690 puto
925 2638 958 2675 44
975 2637 1000 2674 v.
1019 2619 1142 2686 44444444.)

171 2697 199 2742 44
209 2707 248 2754 44,
263 2706 313 2754 quo
324 2693 437 2754 4444444444,
449 2699 550 2745 molere
560 2707 618 2744 4444
629 2708 702 2746 svers
771 2701 855 2752 43-49.
868 2701 956 2751 cetero
965 2699 1093 2763 deperiere
1104 2696 1156 2760 troo]
1169 2697 1264 2746 'irens-

171 2770 223 2820 4444
239 2771 383 2832 perueniat.
421 2771 452 2822 Te
466 2771 607 2836 pullorum,
630 2773 701 2823 444444
737 2779 789 2828 iius
805 2777 847 2827 444
862 2771 1076 2833 Lucretianum,
1093 2771 1157 2822 lilio:
1177 2769 1265 2820 Cetera

171 2842 609 2896 444444444444444444444444444.
645 2846 698 2898 Cir.
737 2845 1265 2916 deponereiocmonetreeeportentoto

172 2919 238 2983 lipp.
259 2919 289 2980 2,
313 2920 343 2980 4,
365 2920 426 2971 44434
456 2922 549 2972 44444444
569 2921 640 2972 44444
657 2922 702 2972 oio
738 2929 859 2988 querelor.
870 2925 895 2986 5,
906 2923 947 2974 38.
958 2924 987 2973 ln
997 2935 1077 2987 prose
1086 2934 1126 2970 or.
1135 2923 1266 2982 quaesterit

170 2993 218 3056 4444
235 2999 260 3044 el
276 2995 392 3046 4444444444
412 2995 512 3046 recturo
531 2997 609 3048 44444
628 2998 701 3046 dorm
738 3001 811 3051 44444
826 2998 933 3064 perois.
963 2999 1018 3048 Cio.
1032 2994 1152 3055 Tusol,
1171 2994 1199 3054 4,
1218 2993 1263 3044 46;

171 3069 294 3133 44444444,
312 3070 397 3120 clienti
410 3073 605 3134 proruereiura.
624 3071 699 3122 Ovid.
738 3076 799 3126 etsi
816 3085 881 3135 quoe
897 3075 954 3122 44444
971 3071 1106 3133 deponere
1122 3069 1214 3118 444444.
1236 3095 1263 3103 -

172 3147 230 3194 Am.
250 3145 283 3205 4,
302 3143 347 3206 43,
367 3145 413 3195 494
439 3146 519 3209 Atque
534 3148 621 3197 444444
639 3147 702 3210 (444-
738 3147 882 3210 Delassore]
903 3146 995 3196 Rarius
1012 3144 1064 3193 hoo
1081 3141 1197 3192 verbum
1214 3140 1266 3191 du·

173 3218 241 3280 rore)
251 3221 484 3282 sponnrmoonrrrtir'
495 3225 553 3270 44444
565 3221 636 3270 atrio
646 3221 703 3270 mil-
739 3222 842 3289 pliciter
853 3217 1041 3283 interpolatum
1054 3219 1106 3268 est:
1128 3217 1158 3266 444
1169 3217 1267 3265 torsere

172 3293 203 3342 tir
219 3296 274 3344 oet.
295 3321 323 3330 -
341 3293 455 3360 4444444]
476 3297 524 3346 Vos
541 3297 566 3346 in
585 3309 614 3347 re
633 3296 702 3346 iudi·
740 3301 834 3361 queant
850 3297 887 3346 lo.
906 3291 1005 3344 Serieb.
1019 3292 1053 3344 de
1069 3291 1151 3355 Nugis
1163 3291 1225 3340 Cur.
1239 3290 1263 3350 4,

173 3367 232 3418 oieli
249 3369 359 3433 proprie
377 3368 524 3434 appellatus
542 3372 636 3432 44444,
661 3371 704 3434 quei
742 3372 782 3423 43.
796 3371 908 3422 44444444
926 3369 1096 3428 memorien
1115 3367 1223 3417 4444444
1237 3370 1267 3414 ut

171 3457 220 3504 pro
246 3441 328 3492 altero
351 3445 525 3494 4444444444444
543 3446 705 3508 promittebat
740 3447 842 3498 4444444
859 3445 907 3496 Ed.
920 3446 1030 3495 Asoeos.
1052 3443 1192 3494 Praetereo
1205 3441 1267 3505 post

174 3518 268 3590 (verro
285 3519 313 3567 L.
334 3519 361 3568 L.
380 3519 410 3580 6,
433 3519 496 3582 ili,
522 3521 548 3570 id
576 3523 632 3583 est,
660 3524 705 3587 qui
742 3524 804 3574 4444
825 3527 884 3572 sent
899 3521 981 3571 444444
997 3519 1149 3570 necessario
1166 3518 1267 3582 requiri

176 3591 248 3656 opud
261 3595 414 3655 praetorem
426 3593 578 3658 spondebat
589 3609 666 3647 reum
679 3597 705 3648 in
741 3596 872 3662 putabant
896 3601 937 3656 44;
967 3595 1016 3646 444
1045 3593 1119 3657 quod
1144 3593 1267 3642 lloretius

174 3663 301 3717 iudicium
312 3667 378 3718 sisti.
396 3669 555 3720 liustioonus
563 3671 642 3733 igitur
656 3673 706 3723 lto-
742 3671 848 3736 scripsit
886 3670 1070 3735 quotidianum
1111 3679 1266 3719 sermonem

174 3753 283 3801 monus,
300 3742 398 3792 invitus
407 3744 526 3807 quidem,
544 3744 593 3795 sed
611 3759 645 3797 ne
660 3760 706 3798 va·
742 3747 848 3810 egregie
860 3745 950 3797 retent.
966 3773 993 3780 -
1006 3742 1119 3806 Folrlrrrn]
1133 3741 1206 3792 «Fuit
1217 3742 1266 3791 Fo-

173 3813 292 3866 dimonio
310 3816 419 3868 deserto
432 3816 505 3869 litem
519 3821 662 3884 omitteret,
677 3823 703 3872 in
741 3822 802 3873 hius
821 3821 958 3884 (Maximus
981 3819 1084 3878 Porro.)
1108 3829 1192 3880 eques
1215 3817 1268 3866 llo·

174 3889 272 3942 Urbem
294 3905 324 3942 ss
346 3891 468 3943 conterre
491 3897 618 3956 conotus,
644 3897 703 3948 eius
741 3910 837 3948 monus
854 3893 1044 3950 Narbonensis.
1063 3893 1108 3956 qui
1125 3889 1268 3955 444444444-

173 3964 274 4016 insoles
295 3965 347 4016 ulta
371 3981 438 4018 vooe
462 3967 504 4018 vel
526 3969 587 4020 ideo
611 3969 702 4022 leliees
741 3972 806 4023 bros
823 3971 987 4036 pertinentes
1004 3967 1038 4017 ed
1056 3965 1268 4030 Stoicnmpliilo-

174 4041 319 4104 praedicat,
338 4042 411 4106 quod
427 4045 536 4107 praeter
553 4043 636 4095 multe
651 4045 701 4096 olio
740 4047 862 4112 sophiam
891 4043 1075 4107 conseripsit*
1101 4043 1149 4094 llio
1176 4043 1268 4093 autem

174 4116 243 4166 vitoe
260 4117 357 4179 gaudie
374 4115 453 4181 longo
466 4119 637 4172 commodius
653 4135 701 4171 ne·
740 4121 837 4172 Fabius
856 4121 1031 4184 Pompeianos
1048 4119 1139 4182 portes
1157 4119 1267 4168 secutus

175 4191 251 4254 gotiis
278 4192 430 4244 iol-ensibus
459 4207 570 4259 operam
603 4208 700 4246 44444444
740 4199 782 4246 444
805 4197 917 4246 etcum
941 4194 1048 4244 Horatio
1070 4194 1104 4243 44
1122 4192 1268 4258 disciplinis

176 4266 290 4330 possint,
317 4269 374 4332 ipse
396 4281 459 4320 oum
481 4271 625 4335 propteroa
643 4274 702 4321 ten-
740 4283 822 4335 saepe
843 4269 1005 4321 contendit.»
1032 4269 1094 4318 4444.
1119 4269 1208 4332 Spohn
1231 4269 1269 4318 in·

177 4344 233 4394 tum
258 4343 386 4408 temporis
412 4345 517 4409 perdet.
548 4375 574 4384 —-
599 4346 701 4411 clamat]
740 4345 839 4398 telloxit
865 4346 898 4396 de
925 4358 972 4408 eo,
1000 4357 1082 4408 qoem
1105 4345 1138 4398 ll.
1158 4342 1269 4396 Fabium
