3130 4966
655 419 783 471 iroaarn
801 419 981 472 sarlatium

659 883 869 947 BHM
899 883 979 944 m.

279 1028 438 1096 Omnibus
461 1027 522 1094 hoc
547 1027 659 1094 vitium
681 1036 731 1094 est
752 1025 954 1104 cantoribus,
979 1025 1060 1093 inter
1081 1026 1204 1093 amicos

279 1151 317 1218 Ut
338 1171 503 1239 nunquam
525 1149 841 1216 inducantanimum
863 1157 992 1216 cantare
1016 1148 1135 1234 rogati,

280 1273 394 1340 iniussi
418 1292 584 1359 nunquam
606 1269 771 1338 desistant.
817 1269 940 1338 Sardus
962 1269 1102 1336 habebat

343 1416 411 1466 SAT.
431 1415 473 1464 ill.
510 1413 534 1462 l.
553 1418 589 1462 est
606 1425 659 1462 om.
679 1425 705 1476 p.

311 1537 353 1586 ill.
373 1535 535 1598 Praecipuus
556 1534 634 1584 huius
654 1533 750 1584 satirae
771 1533 803 1582 ti·
841 1532 914 1592 tid,
941 1533 1087 1584 Groteiend
1111 1547 1134 1584 a.
1160 1535 1216 1585 718.
1241 1535 1368 1598 scriptam

279 1611 319 1660 nis
331 1612 385 1671 est,
404 1611 433 1659 ut
445 1609 595 1659 communis
610 1605 653 1657 illa
665 1606 804 1656 hominum
841 1609 934 1671 putat.)

278 1685 441 1749 perversitas
459 1683 617 1745 exagitetur,
641 1695 694 1745 qua
712 1683 803 1731 nostra
875 1683 929 1732 1-8.
949 1683 1051 1734 Festive
1064 1685 1137 1735 miris
1149 1681 1247 1748 Tigeliii
1260 1683 1302 1747 (de
1314 1696 1368 1747 quo

279 1755 496 1821 malaautplane
511 1757 805 1820 ignoramusautsum-
841 1770 867 1806 v.
894 1759 971 1808 satir.
999 1759 1125 1823 praeced.
1153 1759 1217 1822 init.)
1248 1758 1368 1809 moribus

279 1845 322 1882 ma
346 1829 507 1894 indulgentia
531 1831 666 1892 levemus,
694 1831 720 1880 in
738 1829 804 1880 alio·
842 1834 922 1896 atque
934 1833 1110 1884 inconstantia
1122 1831 1180 1894 illa,
1194 1845 1247 1896 qua
1259 1845 1369 1898 semper

278 1907 457 1967 cumcontra,
473 1908 499 1955 et
511 1918 642 1970 persaepe
655 1905 803 1954 amicorum
841 1907 868 1956 in
880 1906 986 1958 diversa
999 1905 1126 1958 aberrare
1138 1905 1255 1967 solebat,
1274 1908 1311 1958 ite
1322 1907 1369 1956 de-

278 1980 421 2045 imprimis,
446 1981 507 2030 vitia
531 1978 624 2031 sedulo
646 1980 804 2043 inquirimus
841 1982 959 2046 scriptis,
989 1984 1127 2047 tamquam
1148 1981 1171 2034 si
1193 1982 1228 2032 de
1244 1981 1298 2031 hoc
1314 1994 1368 2032 uno

279 2053 548 2117 eaqueacerbissima
559 2055 701 2104 severitate
713 2066 806 2117 repre-
842 2055 904 2107 vitio
921 2056 1055 2108 disserere
1072 2055 1165 2117 vellet,
1184 2051 1261 2126 παρὰ
1277 2070 1369 2126 προσ-

278 2127 430 2179 hendimus.
445 2129 526 2179 Cuius
537 2129 675 2192 pravitatis
689 2141 750 2178 cum
761 2141 806 2176 ex·
841 2127 943 2180 boxlea
959 2130 1040 2181 alium
1062 2130 1164 2181 inducit
1179 2145 1205 2180 v.
1225 2131 1266 2181 19.
1285 2132 1369 2181 inter-

279 2203 381 2253 cusatio
389 2201 484 2254 saltem
494 2201 580 2266 aliqua
590 2201 711 2266 depromi
721 2201 805 2265 possit
842 2207 993 2267 rogantem:
1021 2205 1086 2266 Quid
1102 2203 1149 2255 tn?
1170 2205 1280 2256 Nullane
1295 2205 1369 2256 bobes

279 2292 310 2329 ex
340 2279 490 2329 Stoicorum
518 2277 661 2337 sententia,
693 2275 804 2326 «omnia
840 2279 924 2330 eilia?
950 2303 978 2315 -
1005 2280 1115 2344 Sardus]
1142 2280 1213 2330 inest
1238 2280 1369 2352 εἰρωνεία

278 2355 389 2417 peccata
400 2351 520 2416 aequalia
530 2365 617 2414 esse»,
630 2353 662 2416 [v.
673 2351 724 2414 16.)
735 2351 804 2400 hanc
842 2352 975 2417 quaedam
992 2354 1019 2404 in
1036 2353 1087 2404 hac
1104 2353 1206 2418 patriae
1224 2354 1282 2405 eius
1294 2367 1370 2405 men·

279 2429 428 2491 impugnat,
455 2428 585 2478 contraria
611 2427 805 2490 Epicureorum
842 2429 922 2479 Mona.
954 2427 1131 2479 Proverbium
1146 2431 1216 2480 erat:
1235 2431 1312 2480 Sardi
1327 2443 1368 2481 oe·

279 2501 400 2552 doctrina
417 2503 547 2566 opposita.
565 2503 615 2566 [vv.
629 2499 744 2562 tia-tte.)
763 2499 803 2550 ab
841 2503 922 2563 nalem
940 2503 1005 2554 aiter
1021 2503 1102 2554 aimo
1117 2504 1239 2567 mettim,
1258 2506 1286 2554 et
1302 2506 1369 2554 Por-

278 2575 322 2627 illo
339 2573 491 2648 παραδόξῳ
504 2575 537 2628 ad
549 2575 621 2629 aliud
633 2575 755 2627 eiusdem
766 2574 805 2624 di-
841 2577 937 2642 phyrio
946 2578 1063 2628 servarit
1074 2579 1164 2629 Licinii
1173 2577 1245 2629 Calvi
1258 2579 1285 2629 ia
1296 2578 1369 2630 buno

279 2649 405 2715 sciplinae
423 2651 457 2702 de
478 2651 599 2716 perlecto
616 2651 736 2715 sapiente
755 2649 805 2700 de·
841 2651 1037 2703 modulatorem
1045 2655 1183 2704 scazonta:
1197 2653 1274 2703 Sardi
1285 2651 1368 2716 Tigelli

278 2725 422 2776 ridendum
439 2727 547 2788 transit,
572 2727 599 2776 et
620 2724 729 2788 quidem
746 2725 803 2776 sine
838 2727 955 2790 putidam
977 2733 1053 2790 caput
1076 2728 1157 2788 ceam
1185 2726 1258 2791 quod
1279 2727 1368 2790 ipsum

279 2799 331 2851 nlla
357 2801 384 2850 in
407 2803 495 2851 cerias
518 2799 650 2864 quasdam
674 2811 804 2864 personas
840 2801 1364 2864 Hipponacteampraeconiamvocatcic.

278 2873 430 2936 virulentia,
455 2888 537 2940 quam
558 2887 637 2938 supra
656 2873 804 2924 damnare·
842 2875 876 2926 ad
893 2879 964 2927 Fam.
984 2878 1013 2936 7,
1032 2875 1078 2936 11,
1098 2878 1122 2926 i.
1143 2903 1171 2912 -
1189 2875 1240 2939 lile]
1263 2877 1294 2926 ut
1310 2877 1364 2926 Sat.

278 2953 333 3011 rat,
352 2950 388 3000 ita
406 2950 436 2999 ut
447 2947 527 2999 alacri
540 2953 567 3000 et
581 2948 674 2999 iestiva
687 2947 804 2999 clausula
842 2951 869 3012 l,
888 2951 916 3012 1,
935 2953 977 3002 aa.
997 2951 1093 3011 oQuasi
1104 2949 1138 3000 de
1150 2952 1213 3001 noto
1225 2949 1290 3001 dixit
1300 2949 1366 3000 iile.»

278 3036 368 3074 sermo
386 3025 500 3074 finiatur.
522 3052 549 3060 —
569 3023 670 3074 Franke
688 3023 715 3073 F.
730 3023 761 3073 ll.
774 3035 801 3087 p.
842 3026 934 3076 Scaea.
955 3053 983 3062 -
1001 3025 1115 3090 babebat]
1132 3038 1164 3075 er
1183 3025 1268 3074 batte
1285 3024 1369 3074 diest

278 3097 323 3148 89:
351 3099 429 3150 «Post
450 3098 659 3163 praecedentem
676 3098 803 3163 scriptam
841 3113 879 3149 aa
895 3101 972 3162 sicii,
995 3103 1025 3150 ut
1046 3101 1100 3151 Cic.
1121 3097 1185 3150 Phil.
1205 3099 1235 3160 1,
1255 3098 1300 3160 32,
1319 3099 1365 3149 78:

279 3185 339 3224 essa
357 3187 420 3224 cum
436 3175 498 3225 inde
517 3174 641 3234 efficitur,
667 3173 738 3237 quod
760 3173 804 3224 Ti·
840 3175 952 3226 Habebat
967 3175 1013 3224 boc
1029 3176 1130 3226 omnino
1148 3175 1249 3224 Caesar.
1265 3199 1293 3212 ν
1307 3173 1368 3223 Coe·

278 3247 337 3312 gelli
347 3250 445 3310 pridem
456 3249 564 3312 defuncti
576 3249 676 3298 mentio
688 3248 726 3307 fit,
745 3250 802 3297 tum
840 3249 892 3314 aar]
910 3251 940 3299 ln
957 3250 998 3299 his
1015 3247 1086 3298 nulla
1098 3247 1233 3298 Octaviani
1246 3248 1316 3298 inest
1326 3261 1368 3298 re·

278 3323 352 3386 quod
368 3326 447 3386 poeta
459 3323 604 3374 Maecenati
618 3323 671 3372 iam
683 3322 803 3384 cognitus
841 3323 998 3388 prehensio,
1023 3324 1052 3371 ut
1072 3324 1146 3372 ratus
1163 3322 1205 3372 est
1222 3335 1364 3373 nonnemo.

277 3397 338 3456 luit,
357 3399 386 3446 ut
402 3398 476 3458 patet
493 3409 508 3444 e
526 3409 551 3444 v.
566 3395 597 3444 63
614 3408 655 3458 sq.
691 3395 746 3443 Nec
759 3392 804 3443 ial-
841 3396 910 3456 Quid
927 3397 998 3446 enim
1020 3398 1163 3459 propterea
1181 3397 1256 3463 carpi
1277 3409 1367 3446 mere·

277 3470 369 3529 limur,
388 3469 494 3534 opinor,
514 3469 536 3518 si
553 3468 672 3532 eclogam
685 3468 805 3530 proeinte
840 3468 931 3529 batur,
960 3471 982 3520 si
1003 3472 1124 3520 veterem
1144 3470 1227 3534 patrie
1251 3469 1367 3534 adoptivi

277 3545 339 3608 post
354 3545 385 3593 ll.
404 3556 455 3593 nec
473 3544 507 3593 ita
519 3541 602 3592 multo
614 3545 675 3606 post
688 3542 803 3606 primam
841 3545 958 3594 amicum
974 3544 1166 3608 patientissime
1182 3542 1314 3594 tractabat
1326 3545 1367 3594 at-

278 3631 341 3667 cum
359 3620 512 3670 Maecenate
530 3617 748 3680 congressionem
760 3627 804 3665 ex·
840 3631 893 3682 que
915 3620 1063 3670 morositati
1088 3620 1255 3682 ignoscebat,
1282 3620 1367 3670 artem

278 3695 380 3743 aratam
395 3705 455 3743 esse
468 3691 608 3742 dicimus.»
637 3690 697 3754 (Cir.
712 3693 802 3742 maten
840 3691 918 3744 simul
931 3693 989 3744 eius
1000 3694 1165 3745 admiratus?
1186 3723 1213 3730 -
1232 3693 1260 3744 Si
1273 3698 1368 3758 peteret

279 3781 327 3818 nos
345 3767 379 3817 ad
395 3781 420 3816 v.
435 3766 486 3828 63.)
504 3793 515 3803 -
531 3792 544 3802 -
559 3791 570 3802 -
587 3767 659 3815 «lam
677 3778 739 3817 cum
753 3767 804 3816 Ho-
840 3794 880 3806 --
888 3770 1029 3835 proliceret]
1056 3770 1098 3819 asi
1122 3769 1231 3832 quando
1252 3767 1296 3818 illo
1318 3781 1367 3817 no-

278 3842 359 3892 ratius
377 3843 423 3890 aut
440 3854 464 3890 a.
483 3841 539 3890 ite.
559 3842 674 3890 exeunte
691 3843 737 3890 aut
756 3841 804 3890 ini·
840 3841 911 3892 lente
929 3844 1052 3908 petebat,
1073 3842 1136 3893 nihil
1153 3855 1272 3906 unquam
1284 3841 1368 3906 proii-

279 3916 314 3965 tio
332 3917 468 3978 sequentis
486 3917 668 3968 Maecenatem
685 3915 803 3980 primum
841 3917 955 3969 elebata
990 3919 1170 3970 Coniunctivis
1188 3919 1310 3982 tempora
1326 3915 1367 3967 io-

279 3991 447 4051 conveaerit,
465 3988 605 4055 probabile
623 3990 666 4052 fii,
689 3992 802 4040 Satiram
841 4005 926 4056 caque
945 3993 1059 4056 infinita,
1079 3992 1176 4057 quibus
1194 3991 1257 4042 illud
1274 3991 1366 4054 tiebat,

279 4065 320 4115 lll.
350 4063 394 4116 illo
419 4065 524 4116 circiter
553 4067 687 4130 tempore,
721 4065 747 4114 h.
776 4079 800 4116 e.
840 4068 1030 4131 significantur.
1066 4068 1172 4118 Terent.
1197 4065 1310 4131 Adelph.
1334 4067 1365 4128 l,

279 4139 368 4190 hieme
390 4153 451 4190 ann.
469 4141 527 4190 rie.
547 4143 574 4190 et
591 4140 648 4191 716.
667 4139 803 4203 composi·
839 4143 871 4204 2,
889 4139 936 4192 ai:
964 4145 992 4191 ta
1006 4155 1073 4192 navic
1090 4142 1134 4192 tibi
1149 4143 1179 4191 ld
1195 4141 1265 4192 laudi
1280 4143 1365 4203 daces,

280 4217 334 4264 tam
345 4227 432 4264 esse.»
468 4215 606 4279 (Kirclraer
617 4219 731 4266 exeunte
743 4215 800 4264 716.
840 4216 906 4278 qaod
922 4219 975 4265 tam
988 4215 1069 4278 fecisti
1079 4215 1186 4280 inopia?
1203 4217 1365 4266 Iniurianut:

279 4289 324 4340 aui
336 4289 407 4340 initio
419 4291 566 4355 sequentis,
585 4289 686 4342 Weber
700 4290 764 4340 item
776 4303 799 4340 a.
839 4289 1092 4352 semitertianae
1106 4292 1191 4355 ilerd,
1206 4291 1363 4342 Faceremaa.
