3174 4974
264 427 326 492 552
627 425 993 510 uonnrnsrrsroulnun

585 729 850 792 mmm
867 727 1025 792 xm

309 847 342 912 Si
364 845 449 913 bene
472 855 503 912 te
527 846 616 924 novi,
640 853 781 920 metues,
805 843 970 912 liberrime
993 843 1085 919 Lolli,

308 967 490 1035 scurrantis
513 967 657 1055 speciem
679 966 856 1055 praebere,
879 967 1047 1054 professus
1069 965 1217 1033 amicum.

308 1089 348 1156 Ut
369 1098 515 1154 matrona
536 1088 696 1155 meretrici
719 1086 831 1175 dispar
853 1088 913 1154 erit
934 1096 1032 1176 atque

308 1209 471 1288 Discolor,
495 1208 594 1275 infido
617 1229 750 1277 scurrae
773 1208 903 1275 distabit
924 1208 1056 1276 amicus.

315 1365 379 1440 'ER
393 1390 481 1440 livill.
501 1389 525 1440 l.
544 1403 635 1439 murra
650 1390 670 1439 E
693 1389 750 1452 (sod
767 1392 903 1453 postrema
921 1387 1007 1439 littera
1024 1389 1051 1438 in
1068 1389 1180 1451 rasura).
1202 1415 1231 1426 -
1256 1391 1280 1438 5.
1298 1395 1322 1440 st

292 1466 430 1528 prepete
443 1464 527 1516 codd.
548 1463 647 1527 (Nullus
665 1477 797 1526 meorum,
816 1465 893 1526 leae,
913 1463 1047 1526 Pottlerii.)
1062 1491 1089 1500 —
1106 1464 1131 1512 t.
1145 1468 1215 1514 totas
1231 1466 1318 1512 Acron

296 1613 384 1663 XVlll.
413 1611 538 1674 Lollium,
567 1613 698 1664 iuniorem
724 1615 793 1664 ami·
827 1613 912 1662 vitare
930 1611 1061 1671 deberet,
1090 1612 1213 1673 tradidit,
1243 1613 1268 1662 in
1295 1611 1354 1662 loeo

264 1699 326 1738 cum
346 1686 388 1749 (de
401 1699 454 1750 quo
466 1687 543 1747 vide,
563 1700 632 1750 quae
649 1686 718 1738 dieta
731 1691 794 1740 sunt
829 1687 965 1736 communi
978 1686 1012 1736 de
1024 1683 1178 1736 difficultate
1187 1699 1219 1736 ac
1229 1685 1355 1750 periculis

264 1761 299 1811 ad
317 1760 461 1826 Epistolam
477 1761 649 1824 secundam),
670 1763 792 1813 Horatius
829 1759 948 1811 culturae
966 1761 1114 1825 potentium
1126 1762 1273 1812 amicorum
1286 1775 1355 1825 peu-

264 1835 298 1886 ed
316 1839 417 1887 rectam
441 1837 590 1901 potentium
608 1836 738 1888 culturam
757 1839 791 1886 ita
829 1833 910 1897 lisper
926 1835 1083 1884 immoratur
1094 1835 1145 1896 (vv.
1158 1835 1267 1896 8d·tl8.).
1286 1837 1356 1886 «Ca-

264 1911 385 1972 institult,
404 1913 434 1960 ut
445 1911 646 1962 adolescentem
659 1913 737 1962 huius
748 1925 793 1974 ge·
828 1912 876 1972 put
898 1922 989 1960 rerum
1012 1913 1133 1967 autem,-
1157 1909 1258 1972 pergit,
1284 1911 1356 1960 «lroc

264 1985 336 2036 neris
354 1986 424 2035 vitae
442 1985 555 2038 tortasse
574 1987 652 2036 nimis
665 1986 792 2050 cupidum
828 1986 884 2044 est,
910 1987 940 2033 ut
956 1983 1161 2044 accommodes,
1189 1983 1280 2047 quoad
1297 1985 1354 2036 eius

262 2060 398 2123 nimiaque
417 2061 559 2112 commoda
577 2061 628 2112 sihi
648 2060 709 2111 inde
728 2073 792 2124 pro-
828 2058 886 2108 fleri
898 2057 1000 2121 potest,
1017 2061 1076 2108 taos
1087 2069 1178 2108 mores
1187 2059 1257 2121 regis
1269 2060 1306 2110 tui
1318 2060 1356 2109 ln·

263 2135 428 2196 mittentem,
447 2134 525 2186 simul
538 2136 691 2194 admoneat,
710 2147 792 2198 quem
829 2131 881 2182 doli
892 2133 1043 2183 universae.
1056 2134 1166 2194 Verum,
1184 2146 1217 2183 ne
1229 2135 1354 2185 sectaris

265 2207 347 2258 multa
365 2209 451 2258 officia
468 2208 553 2258 libero
565 2211 593 2258 et
608 2209 722 2272 ingenuo
734 2210 791 2258 viro
829 2206 952 2266 deerres,
967 2207 1173 2271 omnitempore
1186 2206 1356 2273 philosopho·

264 2285 307 2332 rix
325 2284 389 2333 satis
404 2282 482 2346 digna
494 2284 546 2334 sint
557 2282 726 2333 observanda
739 2281 790 2332 tale
828 2294 888 2330 rum
900 2283 998 2345 scripta
1010 2280 1099 2344 legere
1111 2295 1221 2346 perges,
1238 2295 1354 2346 quorum

265 2357 315 2405 lter
332 2357 472 2419 ingressis,
499 2360 526 2406 et
543 2369 624 2420 quam
643 2357 724 2407 multa
742 2371 791 2422 pe·
828 2357 990 2406 institutione
1014 2355 1175 2420 quandoque
1200 2357 1352 2420 condiscas,

265 2429 347 2481 ricula
372 2431 505 2480 fautorem
535 2432 687 2484 offendendi
714 2434 791 2483 anxie
829 2443 898 2494 quae
910 2431 1007 2480 attrita
1019 2430 1158 2494 tranquille
1173 2433 1275 2482 etvere
1288 2431 1355 2483 bea·

266 2504 417 2556 devitanda.
440 2506 542 2556 idcirco
554 2509 684 2569 amicum,
698 2511 792 2558 natura
828 2506 868 2564 ta,
882 2517 933 2569 qua
947 2505 1074 2568 equidem
1087 2519 1136 2568 ego
1149 2507 1175 2557 in
1186 2506 1283 2556 Sabino
1292 2519 1354 2556 meo

265 2580 299 2629 ad
332 2578 484 2630 libertatem
512 2595 694 2646 propensum,
729 2583 791 2632 ante
827 2579 976 2644 porlruor.»
998 2579 1141 2644 Epistolam
1154 2581 1280 2645 scriptam
1292 2593 1353 2632 esse

265 2655 354 2703 omnia
372 2654 529 2706 dehortetur
545 2655 679 2708 eduobus
691 2656 742 2708 sibi
754 2656 791 2705 di
829 2667 853 2704 a.
867 2667 893 2704 u.
908 2668 931 2704 c.
945 2653 1002 2705 73l.
1016 2654 1096 2705 docet
1106 2669 1131 2704 v.
1146 2656 1178 2705 56
1190 2669 1231 2719 sq.

264 2728 350 2778 versis
374 2729 457 2790 vitiis,
484 2731 633 2793 asperitatis
656 2732 793 2781 inconcin-
862 2729 917 2780 l-t.
936 2731 965 2779 Si
981 2729 1151 2793 bmetencct]
1170 2729 1209 2780 Cl.
1222 2731 1275 2781 Sat.
1290 2733 1314 2790 l,
1327 2731 1352 2792 9,

266 2815 316 2853 uae
334 2801 417 2854 altero
435 2805 487 2867 (vv.
500 2807 556 2856 5-8.
572 2808 684 2870 t5·ttt.),
708 2806 792 2857 altero
828 2805 869 2854 tt.
889 2806 990 2854 Seneca
1004 2805 1084 2868 Epist.
1098 2804 1139 2866 tc,
1150 2804 1178 2853 6:
1197 2805 1355 2856 inmutilat-

266 2876 423 2928 adulationis
448 2878 565 2929 scurrilis
591 2881 645 2941 (vv.
668 2880 790 2943 ΛΜΗ.
829 2879 876 2936 tto,
890 2879 910 2928 st
922 2884 945 2928 tc
956 2878 1092 2939 tenenool,
1109 2879 1352 2940 ammoneret.

266 2952 368 3002 Deinde
386 2952 466 3003 docet
482 2954 632 3006 cavendum
655 2969 731 3017 esse,
758 2969 792 3006 ne
832 2980 859 2989 -
877 2952 1158 3018 muns-praetere]
1185 2953 1354 3004 «vitabis--

266 3028 345 3077 variis
361 3028 431 3078 rltiis
450 3027 581 3090 (libidine.
605 3029 675 3088 alea,
700 3033 793 3081 osten·
828 3027 996 3092 praebere;·
1014 3027 1161 3088 «cavebis,
1180 3042 1214 3078 ne
1226 3042 1355 3093 --prae·

266 3101 378 3162 tatione,
406 3103 522 3166 avaritia]
549 3107 688 3168 potentem
707 3104 793 3154 lauto·
829 3101 921 3151 beas.»
948 3101 1216 3164 ct.ed0d.a,2,t.
1233 3131 1259 3140 -
1278 3103 1354 3154 tider-
1448 3129 1457 3138 ·

266 3187 324 3226 rem
351 3174 392 3225 vel
418 3175 453 3226 ab
479 3191 508 3228 se
535 3176 633 3229 alienet
654 3178 696 3229 vel
714 3179 792 3229 nimis
828 3177 900 3240 dnae]
923 3177 952 3226 ln
971 3177 1029 3240 ipso
1046 3174 1209 3241 superlativo
1226 3179 1354 3228 inest-ta-

266 3248 396 3302 oltuoxius
414 3253 439 3302 ei
457 3253 503 3302 liet
519 3252 561 3303 vel
583 3255 616 3303 ita
634 3253 668 3304 ab
686 3267 720 3304 eo
737 3257 792 3302 tra·
828 3253 880 3300 cita
898 3250 1057 3311 admonitio,
1084 3263 1118 3300 ne
1137 3245 1299 3322 παρῥησιᾳ,
1319 3252 1353 3304 de

266 3327 366 3386 cietur,
392 3328 422 3375 ut
442 3326 547 3378 solebat
563 3341 647 3378 vanos
669 3328 792 3378 homines
829 3338 881 3389 qua
906 3324 1081 3389 gloriabatur,
1109 3329 1231 3393 tempore
1252 3331 1280 3378 et
1295 3327 1354 3379 loco

266 3399 367 3449 sensim
385 3399 499 3465 perdere
512 3401 669 3466 Eutrapelus
684 3400 726 3452 ille
739 3403 790 3464 (vv.
829 3401 917 3450 miuus
942 3403 1092 3464 opportuno
1114 3402 1192 3453 nimis
1210 3403 1351 3468 indulgeat.

265 3473 374 3535 at-aon
410 3474 477 3524 Dein
495 3473 606 3526 Lollium
625 3475 791 3535 dehortatur,
828 3473 910 3525 Aliter
920 3473 1016 3526 lacobs
1027 3475 1095 3526 L.V.
1106 3490 1133 3541 p.
1141 3477 1182 3526 77:
1194 3479 1233 3528 Es
1243 3478 1354 3530 litante

265 3559 299 3596 ne
328 3547 450 3597 curiosus
479 3550 514 3598 sit
542 3553 710 3601 secretorum
738 3563 792 3600 neu
828 3549 904 3600 dccl
931 3549 1003 3599 eben
1030 3564 1063 3600 so
1086 3555 1144 3614 put
1168 3552 1261 3602 dorin
1286 3555 1355 3604 sins

266 3623 410 3678 commissa
427 3622 541 3686 divolget
554 3625 604 3687 (vv.
618 3625 658 3675 37.
673 3625 737 3687 38.);
757 3639 791 3674 ne
828 3624 906 3673 teies
921 3625 1131 3690 Erinnercnp
1150 3640 1190 3676 cn
1212 3629 1268 3677 dcs
1284 3634 1354 3678 ent-

266 3709 313 3746 sua
332 3696 418 3748 studia
433 3698 528 3748 studr'is
539 3701 642 3763 patroni
654 3701 790 3750 remittere
828 3699 935 3748 tattea
951 3699 1033 3760 sein,
1059 3713 1126 3750 was
1149 3701 1268 3752 Lollius
1290 3703 1354 3754 stet

266 3773 418 3832 cunctetur,
439 3787 506 3822 neve
525 3773 686 3824 inofficiosus
703 3773 792 3823 videa·
828 3772 921 3822 seltst
937 3774 1081 3838 eotatdtp
1097 3788 1175 3838 war,
1196 3778 1256 3826 ond
1271 3778 1354 3828 cial-

266 3848 309 3896 tur
327 3847 520 3910 ivv.39-66.);
548 3862 581 3898 ue
608 3849 739 3900 incautius
756 3848 791 3900 de
828 3846 1355 3915 tetcttttswsilesosrpcss.-Scnr-

265 3919 322 3970 aliis
338 3919 462 3985 loquatur
479 3922 530 3991 (va.
550 3921 666 3985 dd-ll.);
685 3936 718 3972 ne
742 3937 792 3974 au·
827 3924 917 3985 ruatis]
938 3923 1043 3987 npabuli
1061 3938 1142 3976 causa
1156 3929 1317 3977 assentantis
1328 3931 1355 3978 et

266 3991 339 4042 cillas
356 3995 602 4058 puerosvedomini
619 3995 789 4059 adametlvv.
828 3998 912 4048 risum
931 4000 1089 4050 moventis.»
1108 4001 1186 4050 Laus.
1207 4027 1234 4036 -
1254 4001 1356 4064 moses-

265 4067 442 4130 72·7tt.);,ne
469 4068 664 4133 imprudentius
687 4074 748 4134 agat
765 4072 790 4120 in
827 4071 877 4136 au]
896 4073 1036 4124 nomnibus
1052 4074 1104 4125 tuis
1121 4075 1281 4125 necessariis
1293 4087 1354 4124 cum

264 4139 321 4191 aliis
347 4144 568 4195 commendandis
589 4143 631 4194 vel
656 4145 784 4211 intempe·
828 4145 925 4197 dixeris
943 4147 1098 4213 potentioris
1116 4151 1141 4198 te
1156 4149 1273 4198 amioum
1285 4161 1356 4198 sern-

265 4216 331 4266 stlve
344 4215 520 4269 detondendis
533 4219 584 4282 (vv.
598 4219 706 4284 tta-son
734 4221 790 4271 lam
827 4233 877 4285 per
895 4222 966 4284 lore,
986 4236 1122 4286 nunquam
1139 4223 1313 4287 parasitum.»
1325 4249 1352 4258 -

264 4291 408 4354 postquam
419 4295 456 4343 tot
468 4297 613 4360 praecepta
622 4294 656 4346 de
667 4295 706 4356 iis,
720 4308 789 4358 quac
827 4297 923 4361 dispar]
934 4295 1054 4348 moribus
1066 4299 1093 4347 et
1104 4297 1217 4361 ingenio.
1232 4325 1257 4334 -
1270 4297 1356 4348 Disco·
