3156 4972
299 417 361 484 320
678 417 806 479 itonam
823 418 1003 470 samnitum

341 577 502 640 lurantem
524 592 575 639 me
598 572 681 640 scire
702 571 781 638 nibil
801 573 958 640 mirantur
980 581 1016 639 ut
1035 593 1135 639 unum

342 695 470 764 Scilicet
492 693 613 782 egregii
635 693 804 760 mortalem
827 693 947 782 altique
969 693 1083 760 silenti.

341 815 491 884 Perditur
512 815 593 882 baec
615 815 697 880 inter
717 815 837 882 misero
858 815 914 882 lux
935 836 1000 882 non
1022 816 1092 882 sine
1113 817 1212 882 votis:

342 939 372 1006 Ο
395 959 463 1014 rus,
486 936 617 1024 quando
639 956 701 1024 ego
724 946 756 1003 te
771 935 972 1024 adspiciam?
993 936 1190 1025 quandoque
1205 936 1314 1005 licebit
1341 939 1383 1003 60

340 1061 431 1125 Nunc
451 1068 596 1125 veterum
620 1056 722 1131 libris,
751 1077 836 1124 nuno
858 1076 971 1124 somno
995 1067 1028 1124 et
1049 1057 1205 1124 inertibus
1228 1057 1315 1124 boris

364 1314 405 1364 st.
431 1313 560 1362 mirantur
576 1311 660 1375 bScp‚
687 1309 808 1376 plerique
834 1311 961 1372 petitorii,
987 1311 1202 1362 acuminaretur
1226 1314 1351 1375 quattuor

332 1388 461 1448 Pottierii‚
480 1399 512 1436 ex
531 1385 596 1438 Cod.
615 1385 708 1436 Battel.
726 1385 860 1436 Bentleius
878 1389 905 1436 et
921 1386 955 1436 44.
972 1391 1035 1436 -et
1050 1399 1129 1436 uuum
1146 1399 1170 1436 c.
1192 1413 1219 1422 —
1238 1386 1279 1436 59,
1291 1388 1351 1436 Poe*-

315 1593 410 1646 57-64.
426 1593 512 1657 mum]
533 1592 724 1656 «praecipuum
739 1591 824 1641 omni·
858 1589 938 1641 tuiti
955 1593 1037 1642 Duces
1051 1591 1205 1641 mambra.
1233 1592 1302 1655 virg.
1314 1595 1382 1642 Aen.

298 1683 355 1730 um,
380 1669 511 1732 quotquot
534 1668 620 1718 sunt.»
656 1668 687 1718 lit
709 1666 820 1716 Cicero:
859 1665 889 1725 6,
908 1665 971 1716 ite:
1000 1666 1266 1716 Auiome--Letiaei
1282 1668 1316 1716 aa
1331 1670 1385 1732 tiu-

297 1757 363 1794 unus
378 1743 507 1807 awaiator
522 1743 557 1792 44.
570 1741 707 1800 Antonias,
732 1737 823 1790 Catul-
845 1739 933 1801 ,minis
943 1741 1039 1790 umam
1049 1741 1156 1790 Securos
1171 1741 1257 1790 latices
1267 1745 1291 1791 et
1306 1741 1385 1805 ionpa

298 1817 352 1868 lus:
370 1830 436 1867 uum
451 1815 631 1880 coprimuiptu.
653 1843 681 1851 -
698 1813 822 1878 perditur]
859 1813 951 1863 obliuia
964 1819 1062 1876 potant.
1093 1813 1149 1864 val.
1168 1813 1252 1866 Flaoc.
1271 1815 1300 1876 4,
1319 1815 1383 1866 tte:

298 1893 355 1942 lioc
378 1904 449 1940 nuno
471 1889 582 1955 quidem
604 1890 713 1940 unicum
730 1901 823 1938 exem·
859 1888 948 1952 bopae
970 1890 1099 1938 amoram
1115 1888 1208 1939 oblivia
1227 1903 1332 1951 poenae.
1353 1917 1382 1928 —-

298 1964 372 2030 plum
385 1967 427 2015 est
443 1964 591 2028 praesentis
608 1964 707 2026 passivi
724 1962 751 2012 ln
764 1975 824 2012 ver·
859 1961 951 2012 obliuia
965 1964 1041 2025 uitae]
1059 1964 1123 2013 Stat.
1142 1963 1203 2013 silv.
1225 1966 1254 2026 4,
1278 1965 1308 2024 4,
1333 1965 1382 2014 st:

298 2039 335 2091 bo
348 2041 468 2102 perdere,
487 2036 558 2088 unde
576 2037 761 2087 Lachmannus
773 2049 822 2085 suo
856 2038 947 2100 piarae
964 2036 1122 2100 (Maribam
1139 2040 1226 2102 pipra)
1244 2039 1386 2090 obliciaci-

298 2115 356 2163 lure
379 2112 413 2163 de
434 2109 583 2174 corruptela
605 2109 737 2173 cogitavit.
770 2109 822 2159 Sed
859 2116 907 2162 tae.
923 2136 950 2148 -
963 2112 1025 2175 (aba
1042 2113 1326 2180 Putiaporoccopoata]
1338 2117 1387 2167 Se-

298 2203 361 2240 cum
379 2190 459 2239 etiam
476 2186 608 2250 aliaapud
628 2186 765 2245 Horatium
782 2183 823 2234 le·
859 2199 940 2236 renus
965 2187 1071 2238 Samon.
1092 2201 1118 2236 v.
1140 2186 1201 2238 tit:
1228 2185 1387 2253 marmoree

298 2263 394 2326 gantur
403 2253 481 2325 ἅπαξ
493 2257 649 2326 λεγόμενα,
664 2259 822 2324 prudentius
858 2265 967 2323 coaucta
990 2259 1066 2322 (isbal
1091 2261 1139 2310 leui
1163 2263 1264 2312 condita
1285 2265 1386 2315 eumue

298 2337 404 2388 videtur
431 2337 457 2385 in
485 2335 608 2387 codicum
637 2332 750 2383 lectione
776 2346 823 2382 aa·
858 2335 979 2384 hodera
1009 2334 1169 2385 «Dubitabat
1190 2337 1262 2387 enim
1285 2339 1386 2400 Pytha-

299 2411 449 2474 quiescere.
469 2437 494 2447 -
515 2411 569 2471 lua]
588 2407 688 2458 odies.»
715 2407 821 2456 cisat.
859 2421 951 2472 goras.
982 2422 1015 2459 aa
1041 2409 1068 2459 in
1094 2423 1127 2459 eo
1152 2422 1264 2475 corpore
1290 2411 1385 2463 lateret

300 2487 329 2546 4,
348 2487 378 2546 5,
396 2485 436 2535 39.
466 2485 519 2534 Sat.
538 2485 569 2544 2,
593 2484 622 2542 Ξ,
648 2482 704 2532 446.
725 2506 752 2516 -
772 2494 823 2530 oon
859 2484 948 2533 aalma
970 2483 1053 2547 patris
1070 2485 1110 2533 sul
1134 2497 1168 2534 an
1185 2483 1294 2536 alterius
1319 2499 1386 2550 pno-

298 2557 429 2621 eiueootio]
440 2559 574 2609 «nonsiae
586 2555 737 2607 huiusmodi
750 2557 824 2619 opta·
859 2558 965 2621 pinqui,
989 2571 1041 2620 qua
1059 2557 1093 2608 de
1111 2571 1140 2608 re
1158 2557 1228 2609 ridet
1244 2573 1307 2610 eum
1331 2562 1386 2612 llo-

300 2634 358 2694 tisp
377 2631 464 2697 qualia
481 2633 638 2694 sequuntur.
659 2658 684 2669 -
702 2631 822 2694 cotenon]
859 2632 941 2682 ratius
966 2633 994 2681 et
1019 2633 1075 2682 elus
1100 2645 1264 2696 sequaces.»
1296 2635 1382 2686 Cous.

299 2707 462 2771 scriptorum
489 2709 550 2757 ante
579 2704 758 2756 Alexandrum
786 2706 820 2756 44.
860 2707 938 2764 Cano.
947 2707 1119 2770 Pythagoreis
1130 2707 1302 2759 interdictum
1311 2721 1384 2772 esse,

299 2781 437 2840 Similiter.
456 2781 506 2831 sed
523 2779 583 2830 κατ’
601 2780 760 2851 εἰρωνείαν,
774 2781 824 2830 Lu·
860 2795 893 2832 ue
918 2777 1045 2846 κυάμοις
1077 2785 1268 2842 vescerentur,
1303 2785 1387 2834 refert

300 2858 367 2908 olan.
378 2857 453 2908 libet.
464 2858 554 2906 Praec.
566 2856 612 2906 ti:
625 2849 823 2921 ἀναγίγνωσκε
860 2857 954 2907 Cicero
972 2854 1006 2904 de
1024 2855 1109 2905 Divin.
1128 2856 1157 2915 4,
1176 2856 1220 2916 30,
1240 2857 1293 2917 62..
1319 2859 1386 2920 quoa

298 2927 334 2983 soi
357 2925 488 2981 παλαιὰ
509 2925 623 2995 atvar>
641 2927 740 2996 σύγε,
765 2931 823 2980 lso-
859 2930 931 2980 tabu
952 2931 1107 2994 iactationem
1126 2943 1248 2994 marn
1263 2933 1286 2981 is
1301 2932 1384 2994 uico,

299 3009 414 3066 cratem,
439 3005 661 3066 Demosthenem,
686 3002 823 3054 Platonem
860 3004 1039 3065 tranquillitati
1060 3005 1149 3053 meniu
1165 3007 1308 3064 queamus
1321 3021 1387 3058 uero

299 3080 471 3143 subiungens.
508 3079 583 3130 Conl.
601 3081 654 3129 Sat.
672 3079 700 3140 2,
719 3079 748 3140 3,
777 3079 820 3128 ll:
859 3079 1030 3138 contrastarm
1055 3075 1098 3126 alii
1119 3076 1183 3128 alias
1205 3091 1301 3130 causas
1318 3081 1386 3132 alle·-

300 3157 425 3218 Quoreum
451 3154 574 3216 pertinuit
597 3155 693 3216 stipare
717 3153 824 3202 nunu
860 3155 930 3203 runt.
950 3151 1012 3216 (Cir.
1029 3152 1135 3202 lusici.
1153 3163 1195 3215 ap.
1210 3153 1283 3216 Diog.
1297 3155 1383 3206 laert

298 3231 453 3288 Menandro,
481 3228 605 3290 Eupoiin,
633 3227 821 3288 Aroiiiocltum,
860 3227 889 3288 8,
907 3225 958 3290 il.)
988 3229 1099 3278 Prorsus
1116 3227 1249 3276 connatis
1267 3231 1308 3279 est
1325 3231 1386 3280 Arl-

298 3305 399 3354 comitec
415 3300 701 3365 (maleduceretoutorl
717 3302 783 3364 Epp.
798 3302 821 3360 4,
861 3301 963 3352 stoneni
992 3299 1204 3360 narratiuncula,
1239 3307 1284 3365 qul
1312 3303 1385 3368 apud

299 3379 330 3439 2,
359 3378 389 3426 l:
421 3377 522 3425 troiani
546 3376 601 3425 belli
625 3377 823 3438 scriptam--
861 3373 1386 3441 Gell.i‚ii:nuiiosaepiuslepumeuto

298 3453 429 3502 aueum
451 3451 537 3513 reieci.
566 3477 594 3486 -
620 3450 714 3513 somno]
740 3452 824 3500 meri-
859 3449 1031 3512 Putioqoram
1048 3447 1112 3498 dicit
1127 3458 1201 3498 auen
1218 3463 1295 3511 quam
1309 3451 1383 3514 fabis,

299 3525 392 3585 diano,
410 3523 498 3584 uesta,
517 3521 590 3585 quod
606 3524 690 3572 Varro
708 3524 736 3574 ll.
750 3525 779 3574 ll.
793 3525 821 3584 4,
860 3523 981 3585 quoniam
995 3523 1019 3572 ie
1034 3523 1102 3572 cibus
1118 3528 1141 3572 et
1162 3523 1308 3576 subduceret
1327 3539 1386 3578 eos-

299 3601 330 3666 tl,
348 3599 373 3648 li.
392 3595 469 3647 dicit:
498 3597 620 3646 mauman
641 3597 706 3646 dion
727 3597 749 3646 ci
772 3611 823 3646 nou
859 3599 906 3647 nm
927 3597 1013 3647 aluum
1033 3602 1056 3646 et
1078 3597 1206 3660 icviparet.
1242 3598 1385 3663 Volgarem

299 3673 453 3738 &modum
474 3671 577 3722 irisititio
596 3685 682 3721 econio
703 3672 821 3733 meida,
860 3671 1040 3722 narrationem
1057 3671 1100 3724 hic
1117 3671 1257 3723 manllesto
1275 3677 1385 3728 secutus

297 3748 560 3808 alomoonposeem.
590 3746 699 3810 Eppl,
718 3745 758 3808 44,
777 3745 820 3796 35:
860 3749 902 3796 est
926 3747 1058 3796 Horatius.
1097 3746 1184 3796 Locus
1209 3749 1251 3798 est
1274 3760 1385 3811 prorsus

299 3822 382 3872 Coctia
403 3822 483 3871 beau
502 3822 577 3871 iuvat
597 3825 621 3870 et
639 3833 719 3883 prope
739 3821 824 3870 mutan
859 3819 952 3872 similis
975 3821 1042 3884 Epp.
1062 3821 1092 3878 2,
1116 3821 1144 3880 4,
1168 3821 1212 3870 52:
1243 3825 1387 3874 ciconiola

298 3909 399 3946 surmus
414 3897 441 3946 in
457 3895 541 3946 beria.
562 3921 591 3932 -
612 3894 732 3945 inertibus
746 3895 822 3960 nom]
859 3896 1023 3959 Puttaporeo.
1060 3895 1115 3944 lloc
1127 3895 1206 3958 igitur
1217 3895 1294 3946 dicit:
1315 3899 1387 3948 «No-

299 3971 368 4033 quei
391 3971 473 4020 dolce
496 3970 549 4033 sor
572 3970 687 4019 aiente.
727 3967 821 4019 Tibull.
859 3968 912 4020 bile
938 3968 1001 4020 illud
1026 3967 1164 4032 legumen,
1194 3970 1267 4033 quod
1293 3969 1386 4034 volgus

300 4045 328 4106 4,
347 4045 375 4104 4,
394 4045 427 4094 o:
455 4044 497 4094 lle
520 4057 578 4094 mea
598 4048 739 4105 paupertas
756 4043 824 4094 vitae
860 4043 969 4108 quidem
995 4055 1123 4107 spernere
1149 4041 1230 4106 solet,
1259 4045 1309 4096 sed
1335 4059 1385 4110 pro

299 4119 515 4168 cacumineris.
537 4146 564 4154 -
582 4117 692 4182 Ducere]
715 4108 820 4179 ἕλκειν,
860 4121 974 4181 cognato
986 4117 1037 4168 sibl
1055 4116 1149 4167 habuit
1160 4117 1202 4168 rel
1220 4119 1277 4182 lpse
1290 4121 1387 4183 Pytha-

299 4192 376 4256 quosi
390 4191 669 4252 vinamsobsorbore,
689 4192 822 4242 haurire·
859 4204 964 4255 goras.»
1002 4193 1095 4256 Utique
1118 4193 1200 4243 utitm
1223 4192 1311 4257 lepida
1334 4195 1387 4244 iro·

299 4265 346 4316 0d.
362 4267 385 4328 4,
401 4267 440 4328 ti,
458 4267 503 4316 nt:
522 4267 715 4318 lliciuuoceutis
728 4267 823 4329 pocula
860 4267 916 4328 nia,
942 4266 991 4318 sad
1015 4265 1085 4317 nulla
1108 4267 1177 4318 inest
1199 4266 1385 4319 virulentiam
