3116 4968
227 423 289 488 250
606 393 734 490 rionarn
752 421 932 472 sarranium

271 584 399 668 Pauper
422 579 573 668 Opimius
596 577 719 666 argenti
741 577 836 665 positi
859 577 944 642 intus
966 586 998 644 et
1018 575 1102 651 auri,

273 702 336 782 Oui
359 702 569 769 Veientanum
591 699 680 768 lestis
703 708 816 787 potare
837 698 954 766 diebus

273 825 436 912 Campana
457 821 570 890 solitus
593 820 688 888 trulla
709 841 914 909 vappamque
936 821 1100 909 profestis,

273 945 444 1024 Quondam
467 942 610 1031 lethargo
634 942 746 1030 grandi
769 953 819 1010 est
840 963 1033 1031 oppressus,
1056 951 1092 1008 ut
1112 941 1209 1010 heres
1257 942 1318 1009 445

273 1070 341 1134 lam
363 1067 485 1136 circum
507 1065 632 1134 loculos
656 1075 689 1133 et
709 1064 816 1132 claves
838 1063 942 1132 laetus
964 1085 1131 1153 ovansque

274 1191 435 1257 Curreret.
479 1189 572 1257 Hune
594 1188 740 1255 medicus
762 1185 897 1254 multum
919 1185 1006 1254 celer
1028 1195 1125 1275 atque
1147 1185 1252 1253 fidelis

277 1313 400 1379 Excitat
420 1310 482 1378 hoc
504 1319 614 1398 paeto:
638 1330 785 1377 mensam
807 1309 883 1398 poni
908 1307 996 1375 iubet
1017 1318 1114 1396 atque

275 1432 401 1500 Effundi
424 1453 537 1500 saccos
559 1453 780 1510 nummorum,
804 1429 962 1498 accedere
984 1429 1094 1518 plures

277 1555 325 1622 Ad
340 1553 592 1638 numerandum;
616 1554 779 1620 huminem
794 1554 842 1620 sio
857 1553 967 1640 erigit;
990 1551 1080 1619 addit
1094 1561 1126 1619 et
1141 1523 1233 1618 illud:
1261 1551 1323 1616 450

276 1678 314 1745 Ni
337 1687 392 1744 tua
414 1675 572 1755 custodis,
597 1675 712 1743 avidus
734 1676 798 1741 iam
819 1675 901 1743 haee
921 1674 1045 1742 auferet
1064 1674 1172 1742 heras.

301 1875 358 1927 446.
376 1875 447 1925 eirea
463 1876 489 1925 S.
510 1901 538 1911 —
558 1875 614 1925 tat.
632 1875 687 1926 iam
702 1835 871 1948 tum-ouferot
886 1874 941 1924 Nic.
956 1873 1077 1924 Heinsius
1094 1872 1167 1923 haud
1183 1873 1286 1938 impro-

269 1948 496 2001 bante‘Bentleio.

234 2131 334 2190 Pauper
343 2128 455 2190 Opimius
464 2127 525 2192 cet]
537 2129 638 2179 «Homo
647 2128 760 2192 ignotus¹
798 2128 864 2178 uelut
888 2127 943 2188 ille,
969 2127 1053 2191 propit
1077 2127 1119 2176 out
1142 2127 1214 2176 oeaatt
1236 2127 1323 2190 repta,

237 2205 282 2268 qui
295 2205 418 2268 quamvis
429 2203 580 2253 abundaret
597 2216 662 2254 auro
674 2205 702 2253 et
718 2215 763 2252 ar·
799 2208 889 2252 taurus
905 2203 997 2252 Fertur
1012 2214 1099 2252 ovum.
1120 2227 1147 2238 ·-
1165 2201 1272 2252 multum
1288 2215 1327 2253 ce·

236 2279 316 2342 genio
328 2277 402 2327 domi
417 2278 445 2328 in
461 2291 523 2327 arou
535 2277 654 2338 condito,
672 2279 763 2327 tamen
800 2278 844 2343 ter]
865 2275 962 2328 «multa
980 2277 1060 2326 animi
1077 2277 1229 2340 praesentia
1245 2288 1327 2340 prae-

237 2365 332 2402 revera
355 2365 455 2415 pauper
471 2353 571 2416 arpenti
595 2356 618 2402 et
637 2352 696 2400 auri
714 2351 761 2414 (Cf.
801 2351 900 2402 ditus.»
936 2353 973 2402 Da
995 2350 1122 2402 adverbio
1143 2351 1251 2401 multum
1271 2351 1325 2402 vid.

238 2429 290 2478 Sal.
309 2428 337 2489 4,
357 2429 385 2489 4,
404 2428 455 2490 ts.)
474 2430 544 2487 erat,
572 2428 697 2491 quoniam
722 2427 764 2476 di·
801 2428 950 2486 44184444,
973 2426 1001 2487 3,
1020 2428 1061 2477 ot.
1083 2453 1110 2462 -
1134 2427 1328 2478 avium-40-

238 2501 307 2552 vitiis
324 2501 379 2552 suis
397 2503 431 2552 ite
449 2500 578 2566 parcebat
595 2500 698 2563 (0443,
718 2501 763 2563 ts,
799 2501 954 2566 rea]0d.l‚
977 2501 1004 2561 7,
1026 2501 1072 2551 ta:
1106 2501 1329 2551 monusuoidua-

238 2576 287 2626 28:
313 2576 424 2639 Mopsus
442 2577 508 2626 inter
530 2589 588 2638 opes
610 2575 713 2639 inops),
735 2577 766 2625 nt
801 2579 904 2628 heredia
925 2603 952 2612 -
970 2575 1016 2626 boc
1033 2577 1089 2640 ope]
1109 2577 1138 2627 ln
1156 2575 1281 2640 auspiciis
1301 2579 1330 2627 et

241 2651 401 2700 Veientanum
416 2650 539 2702 neudum
557 2651 637 2713 (Pers.
655 2652 683 2711 a,
707 2649 763 2700 tta.
802 2651 938 2704 sacrificiis
970 2650 1128 2714 incipiendis
1159 2651 1205 2700 loe
1239 2662 1287 2714 ope
1313 2662 1329 2699 a

239 2717 348 2778 Martini.
364 2727 392 2787 4,
406 2725 469 2786 tta,
483 2725 528 2788 9.),
544 2726 635 2775 vinum
647 2723 764 2786 acidum,
802 2739 936 2792 praecone
949 2723 1156 2786 inclamabatur‚
1170 2738 1223 2789 quo
1234 2736 1330 2775 omnes

240 2798 318 2863 qualo
353 2799 497 2863 provenire
534 2797 638 2850 solebat
673 2799 765 2849 veiis»
803 2801 894 2854 essent
920 2801 1014 2851 intenti
1040 2801 1079 2850 rei
1107 2799 1211 2850 divinae
1241 2811 1330 2863 neque

241 2876 402 2936 (etiamnunc
420 2875 481 2924 vina
498 2875 615 2924 Romana
630 2871 766 2924 vilioribus
803 2875 949 2941 quidquam
961 2873 1031 2924 aliud
1046 2873 1181 2925 mentibus
1192 2874 1330 2938 agitarent.

241 2949 469 3011 adnumerantur),
482 2947 571 2999 «iestis
583 2948 690 3010 diebus.
703 2961 768 3013 pro-
804 2951 936 3004 Pluturcb.
950 2952 1035 3001 Numa
1048 2963 1071 3001 e.
1083 2949 1122 3001 tt.
1137 2947 1235 3000 Coriol·
1249 2961 1273 3000 c.
1286 2950 1329 3000 25.

241 3024 454 3088 lestisvappam‚
473 3025 565 3074 vinum
583 3037 693 3088 prorsus
705 3038 768 3074 cor·
805 3025 873 3078 Sulla
897 3025 969 3090 apud
991 3027 1121 3076 Senecam
1144 3024 1179 3074 de
1197 3022 1281 3074 Clam.
1301 3025 1331 3084 4,

241 3103 350 3164 ruptum
368 3097 410 3150 vel
427 3097 715 3162 multasquadilutum
729 3100 769 3151 bi·
806 3103 855 3153 ts:
884 3103 936 3152 Hoo
961 3113 1082 3166 spumae,
1107 3101 1134 3150 P.
1153 3100 1180 3150 C.
1211 3127 1238 3136 -
1266 3100 1334 3162 Quid

241 3175 320 3226 beret
340 3187 372 3224 ac
394 3171 470 3224 trulla
493 3175 579 3236 (vase,
606 3188 660 3238 quo
676 3175 768 3225 vinum
804 3177 870 3240 visi]
887 3177 981 3241 Opimii
998 3174 1163 3228 suntverba.
1180 3199 1207 3210 -
1223 3174 1332 3240 ᾶιιοριιιι]

243 3263 258 3300 e
280 3252 383 3299 cratere
407 3249 433 3298 in
455 3248 550 3312 pocula
571 3249 767 3312 infundebatur)
807 3254 1007 3314 «extenuatum,
1025 3249 1126 3302 viribus
1143 3251 1264 3314 corporis
1280 3251 1336 3315 pri-

243 3326 376 3384 uteretur‚
402 3335 455 3372 non
477 3326 603 3385 argentea
625 3337 676 3374 neo
693 3337 769 3374 mur·
806 3331 923 3379 vatum.»
953 3351 980 3362 -
1009 3325 1094 3387 veum]
1122 3337 1207 3389 «quae
1235 3337 1334 3390 corpus

243 3399 318 3448 rhina
330 3397 368 3460 (ut
378 3395 502 3447 solebant
512 3397 640 3461 ditiores),
653 3399 703 3449 sed
714 3402 770 3451 tan-
806 3403 933 3467 sanguine
957 3401 1031 3452 alum
1052 3402 1178 3464 viresque
1200 3400 1333 3462 reficiunt,

243 3475 301 3523 tum
329 3469 413 3530 fictili,
443 3470 535 3535 quales
560 3472 771 3525 conficiebantur
808 3479 863 3529 iam
880 3476 1007 3539 sanguine
1025 3476 1240 3526 exhaurientur.»
1254 3502 1282 3511 -
1295 3476 1337 3525 la-

244 3547 270 3597 in
296 3545 467 3609 Campania.»
505 3545 566 3608 (Sat.
589 3547 617 3608 4,
644 3548 674 3609 6,
702 3550 770 3614 448.)
807 3552 876 3619 pens]
899 3553 994 3614 ingens
1016 3549 1111 3601 luitura
1129 3551 1273 3614 propterea
1290 3563 1337 3602 re-

245 3622 298 3672 Cic.
311 3619 404 3672 Parad.
424 3620 453 3682 6,
472 3620 505 3670 3;
531 3621 641 3682 Improbl
657 3628 681 3673 et
697 3625 772 3674 avari
810 3624 979 3692 quirebatur,
1006 3625 1079 3689 quod
1096 3623 1138 3676 ille
1155 3637 1267 3690 prorsus
1287 3639 1337 3676 ex-

244 3711 345 3747 --aon
360 3695 434 3746 uredo
450 3709 501 3745 uon
517 3697 610 3758 copiosi
627 3711 659 3746 oo
675 3699 771 3762 dioltea,
810 3702 921 3753 haustus
938 3702 1004 3750 erat.
1040 3699 1115 3762 (Nihil
1133 3699 1338 3764 improbabilius

244 3775 286 3823 sed
307 3775 384 3824 etium
409 3774 494 3836 inopes
516 3787 548 3823 oo
568 3787 695 3836 pauperes
715 3779 773 3826 aet-
811 3791 892 3842 quam
908 3775 1018 3826 Bentleii
1036 3777 1188 3826 coniectura
1202 3789 1336 3839 praesens,

244 3848 362 3900 strumum·
379 3853 444 3899 sunt.
461 3877 488 3885 -
503 3849 580 3911 poetri
597 3849 671 3913 intua]
691 3849 731 3900 Cl.
745 3865 772 3901 v.
811 3851 1075 3915 Marklandiiapestu,
1095 3853 1227 3903 Sanadoni
1242 3853 1340 3902 lartum

247 3923 302 3972 445.
812 3924 983 3978 aWielando
1008 3928 1136 3991 recepte.)
1179 3925 1339 3978 Stomachus

280 3995 401 4048 tta-⁴56.
425 3999 537 4062 tetburpo
553 3999 655 4064 mundi]
674 4003 772 4064 «gravi,
812 4005 903 4053 autem
925 4015 988 4052 oum
1008 4002 1130 4052 aedificio
1150 4004 1338 4070 comparatur,

247 4069 380 4134 profundo
406 4075 546 4125 veterno.»
578 4101 605 4110 -
633 4075 718 4139 wana]
746 4079 776 4128 ut
813 4077 937 4142 quodne
955 4079 1073 4138 corruat,
1097 4076 1187 4128 fulcris
1203 4091 1236 4128 ac
1253 4075 1340 4127 solido

248 4146 404 4208 tritanpbare
413 4146 510 4199 dieitur
519 4149 553 4199 de
566 4150 607 4210 iis,
621 4150 667 4213 qui
678 4150 775 4214 gaudio
814 4152 987 4203 fundamento
1007 4152 1080 4204 inniti
1106 4152 1200 4203 debet:
1232 4153 1271 4202 sic
1296 4148 1340 4200 ille

249 4220 391 4282 exsultant,
416 4223 455 4274 sic
472 4225 554 4275 etiam
571 4239 661 4289 ovare,
680 4224 724 4276 vel
741 4225 775 4276 de
814 4227 929 4292 copiosis
945 4225 1085 4278 alimentis.
1121 4225 1203 4278 Plaut.
1217 4228 1296 4278 Cure.
1309 4223 1340 4284 2,

248 4295 415 4350 animalibus.
451 4297 651 4364 Vali‘laoatt,
670 4301 718 4352 67:
742 4301 777 4353 Ao
813 4303 842 4363 3,
861 4303 910 4354 87:
937 4315 1058 4365 peratum,
1076 4315 1176 4365 ειιιιιοιι,
1194 4302 1339 4368 aaudiat,
