3082 4968
586 459 646 510 ub.
665 459 684 509 l.
719 459 786 511 sni.
805 459 847 511 Vl.
1198 456 1255 524 Ml

206 618 248 687 Ui
268 617 295 683 si
316 615 372 704 qui
395 625 540 704 aegrotet
560 637 627 705 quo
649 616 763 684 morbo
785 617 920 694 Barrus,
943 617 1055 685 haberi
1218 618 1259 684 30

208 738 249 807 Ut
270 739 378 826 cupiat
399 739 576 818 formosus,
600 748 654 806 eci
674 759 888 828 quecunque,
912 739 1030 828 puellis

207 860 333 927 lniiciai
354 881 466 928 eurum
487 861 668 950 quaerendi
691 861 831 950 singula,
855 860 943 950 quali

207 982 257 1048 Sit
276 981 373 1060 lucie,
398 1001 490 1059 sura,
514 981 602 1070 quali
624 982 727 1072 pede,
752 983 866 1064 dente,
891 982 1024 1073 capillo:

206 1103 262 1171 Sic
283 1103 340 1192 qui
362 1103 517 1192 promittit
538 1104 643 1184 cives,
667 1104 783 1172 urbem
806 1105 868 1172 sibi
890 1125 1004 1185 curse,

205 1226 383 1314 Imperium
404 1226 474 1294 lore
496 1235 529 1294 et
549 1225 686 1306 ltaliam,
711 1225 848 1295 delubra
869 1227 1025 1306 deorum,
1215 1231 1256 1297 35

204 1349 280 1429 Quo
302 1357 395 1436 patre
417 1347 459 1415 sit
479 1357 592 1427 natus,
616 1371 694 1416 num
717 1350 825 1438 ignota
845 1359 949 1418 matre
970 1349 1176 1430 inhonestus,

204 1470 332 1538 Omnes
353 1469 506 1538 mortales
529 1491 645 1538 curare
669 1481 702 1538 et
723 1491 884 1560 quaerere
909 1473 1003 1561 cogit

203 1593 297 1660 Tune
319 1592 410 1682 Syri,
434 1593 557 1660 Damae
578 1601 634 1660 aut
659 1593 795 1685 Dionysi
816 1593 916 1674 filius,
941 1594 1043 1662 audes
1123 1671 1127 1676 ,

226 1743 274 1794 30.
294 1743 392 1794 Verres
407 1757 434 1810 p.
454 1773 483 1782 -
502 1745 543 1796 ³⁴.
561 1746 595 1796 Et
610 1746 698 1808 cupiat
718 1744 804 1809 bsod,
823 1747 939 1797 Potiierii
956 1745 1089 1812 plerique,
1109 1747 1150 1798 Gi.
1185 1747 1226 1812 liii

191 1829 261 1878 nos,
280 1831 309 1882 p,
327 1834 345 1885 y
362 1817 458 1883 aliique
477 1819 590 1872 Bentleii
607 1822 676 1883 ires,
696 1823 820 1884 quattuor
836 1821 972 1884 Poiiierii.)
987 1847 1014 1858 -
1029 1823 1069 1873 ³2.
1088 1822 1179 1872 iniciat
1195 1822 1225 1873 d.

194 1917 222 1928 -
244 1892 289 1943 35.
307 1893 423 1955 ltaliam,
448 1894 554 1946 &bibra
570 1895 655 1958 bscd‚
680 1909 775 1948 omnes
792 1896 909 1947 Poliierii
926 1898 953 1946 el
969 1897 1000 1946 F:
1023 1897 1127 1948 ltaliam
1142 1901 1167 1948 et
1182 1897 1227 1948 de-

191 1967 274 2018 lubra
289 1969 386 2032 pici,
404 1968 540 2022 Benilcius
558 1973 586 2021 et
601 1971 650 2023 le.
665 1996 692 2008 -
706 1970 747 2022 37.
766 1975 841 2036 copul
857 1983 872 2021 c
890 1972 918 2022 ei
935 1983 1004 2022 corr.
1023 1972 1054 2034 S,
1073 1972 1137 2022 ilem
1149 1969 1227 2037 pleri-

192 2056 247 2107 que
269 2043 401 2105 Pollierii,
420 2043 466 2106 qui
483 2045 594 2110 recepil.

159 2163 251 2215 additu
271 2161 361 2214 lunula
376 2163 497 2216 eburnea
509 2165 579 2216 circu
596 2164 690 2215 telum.
728 2179 791 2216 ciero
806 2165 891 2228 quali,
905 2167 981 2229 pede,
1005 2168 1098 2219 conire
1115 2167 1171 2218 vim
1192 2179 1258 2218 cue·

158 2240 268 2292 Becker
284 2239 373 2290 caum
390 2240 445 2304 (Ed.
464 2239 519 2304 cll.)
537 2241 580 2291 lll.
597 2255 624 2306 p.
644 2240 692 2292 ⁴33
729 2253 816 2292 sures.
838 2267 866 2278 -
880 2242 1015 2307 procem]
1034 2241 1115 2292 «dum
1126 2241 1258 2293 condide-

159 2328 201 2380 sq.
222 2343 253 2352 -
273 2315 334 2377 Quis
350 2315 423 2365 borno
438 2316 478 2366 liic
490 2315 544 2366 cst?
559 2321 693 2379 qoopalre
729 2317 986 2382 tusbcnorespelit,
1000 2330 1041 2380 ee,
1054 2331 1124 2382 quae
1137 2329 1258 2382 sequun-

159 2389 269 2452 τοιού]
288 2390 361 2441 llaec
378 2389 457 2441 lectio
469 2389 554 2441 codd.
567 2403 692 2441 meorum
729 2394 787 2452 tur,
806 2393 936 2456 promittit
952 2392 1055 2444 cluibus
1072 2393 1154 2444 suis.»
1174 2393 1256 2444 vides

160 2477 322 2516 sermonem
351 2465 499 2516 identidem
530 2467 580 2517 iste
609 2478 693 2529 quse-
730 2467 868 2517 llorciium
881 2467 1026 2518 etiamtunc
1035 2467 1110 2532 loqui
1127 2465 1202 2518 velut
1211 2481 1258 2518 ve-

160 2542 281 2592 rentium
303 2539 399 2590 melius
421 2541 572 2605 exprimere
587 2540 694 2590 videtur
730 2543 788 2592 iere
804 2539 963 2605 republica.
978 2569 1006 2580 -
1020 2543 1134 2605 ltaliam,
1152 2543 1258 2594 delubro

160 2627 242 2679 quem
263 2613 393 2679 reliquae.
429 2615 549 2666 Eandem
569 2615 695 2679 praetulit
730 2617 841 2681 decroni]
860 2619 889 2668 ln
906 2618 957 2669 hec
979 2618 1107 2682 lectione,
1135 2619 1169 2670 ab
1187 2621 1258 2685 opli-

162 2692 241 2741 eiium
275 2690 411 2741 lleindorl.
443 2717 472 2727 -
501 2691 626 2756 coarctet]
659 2691 693 2741 de
731 2693 781 2742 mis
799 2690 951 2756 quibusque
969 2694 1054 2745 Codd.
1073 2695 1186 2756 firmuis,
1204 2707 1256 2760 per

162 2767 242 2817 enimi
255 2764 600 2830 morbosperturbetione,
611 2769 695 2816 ulvo-
730 2767 820 2832 ipsum
840 2760 999 2819 ἀσύνδετον
1017 2783 1060 2820 res
1078 2782 1171 2820 sacrae
1195 2783 1260 2834 pro-

162 2847 232 2892 οετν.
264 2867 293 2877 -
311 2841 418 2906 Bm]
436 2841 530 2903 bomo,
550 2845 694 2908 antequem
731 2842 798 2894 lanis
814 2843 981 2895 manifestius
993 2845 1164 2910 opponuntur
1176 2857 1258 2908 quem

160 2917 232 2979 inops
253 2914 346 2977 fleret,
365 2915 468 2966 lormce
489 2916 576 2967 studio
597 2917 695 2968 immo-
731 2919 759 2967 in
779 2915 882 2980 volgato
906 2918 1008 2968 ltaliam
1030 2923 1054 2969 cl
1079 2919 1183 2968 decora
1199 2919 1260 2970 deo·

161 2990 221 3041 dice
240 2989 353 3040 deditus
368 2989 589 3044 eledulierurum
606 2995 695 3043 secle-
731 3005 798 3041 rom.
828 3015 855 3027 -
882 2993 956 3058 cum]
984 2994 1032 3044 llic
1058 3006 1166 3058 quoque
1191 2994 1259 3044 haec

161 3069 211 3116 ior.
231 3063 353 3116 Cissei.
365 3065 389 3126 l,
405 3063 430 3126 l,
446 3065 502 3115 lid.
523 3067 586 3116 «llic
597 3067 695 3118 Berms
731 3066 861 3132 particule
877 3079 955 3117 suem
971 3069 1070 3118 relinet
1089 3068 1260 3132 significatio-

161 3139 312 3191 rilissimue
325 3138 471 3190 admodum
488 3138 603 3192 libidinis
614 3143 694 3206 eique
733 3153 810 3200 nem;
830 3154 892 3192 nem
904 3143 996 3205 quiite
1008 3143 1165 3207 interroget,
1184 3144 1261 3194 limet

161 3216 231 3266 vilae
250 3213 317 3274 luit,
336 3214 404 3264 adeo
421 3217 452 3264 ul
467 3215 696 3280 Aemiliemvirgi-
733 3215 822 3280 quasi,
851 3228 885 3265 ne
912 3229 1091 3280 responsurus
1116 3219 1150 3268 sii
1174 3217 1257 3268 aller:

163 3303 225 3342 uem
242 3290 345 3340 Vestae
362 3291 509 3341 incestasse
528 3291 615 3343 dicius
635 3293 694 3343 sii.»
733 3291 832 3340 «immo
859 3291 1077 3354 honestissime»,
1108 3305 1170 3343 cum
1199 3293 1258 3358 ipse

163 3366 259 3416 Poene.
309 3365 368 3415 Vid.
395 3365 455 3415 otto
479 3365 547 3416 Jahn
577 3365 612 3416 ud
638 3367 693 3418 Cic.
732 3364 807 3416 mulii
837 3367 999 3418 contrarium
1029 3379 1199 3433 responsum.
1229 3397 1258 3410 -

163 3441 236 3491 lirul.
258 3437 305 3500 le,
325 3439 382 3489 469.
418 3439 492 3490 Coul.
511 3441 587 3492 Oros.
604 3442 632 3504 ὃ,
652 3442 692 3492 ⁴5.
731 3443 818 3506 ipnotn
829 3441 919 3506 moire]
931 3441 974 3492 Sic
985 3443 1056 3504 Alio,
1075 3445 1108 3495 M.
1122 3443 1172 3494 Alli
1183 3441 1258 3494 Belbi

164 3514 461 3573 eiPluturcb.Quaesii.
471 3517 546 3565 Rom.
557 3514 609 3576 83.,
622 3515 695 3580 apud
732 3517 829 3568 Aricini
845 3515 911 3578 iilic,
934 3521 1021 3568 meter
1038 3519 1161 3570 Caesaris
1179 3519 1259 3570 ocic-

163 3601 283 3654 quorum
300 3585 414 3638 alierum
425 3589 585 3652 stupratoris
596 3602 695 3641 nomen
731 3593 815 3658 vieni,
841 3593 904 3642 huic
926 3595 1064 3658 temquem
1088 3593 1186 3644 lemine
1209 3593 1261 3644 ob-

163 3676 234 3714 nunc
254 3661 366 3726 quidem
382 3663 411 3713 L.
427 3663 556 3724 Venerios,
575 3677 618 3728 ep.
632 3663 696 3714 elie·
733 3679 828 3717 scurae
854 3667 962 3734 originis
988 3667 1166 3719 obiiciebaiur
1185 3682 1201 3719 a
1223 3669 1258 3720 bl.

164 3751 225 3789 rum
265 3735 475 3800 Βουτέτιος
513 3735 696 3810 βάρβαρος
732 3741 855 3792 Antonio.
874 3743 929 3793 Cic.
944 3741 1148 3808 Philipp.3,6‚
1168 3743 1258 3794 46.-

165 3811 301 3864 scribitur.
337 3813 414 3878 Apud
433 3813 591 3864 Ciceronem
614 3827 696 3865 voce·
733 3829 855 3878 quaerere
878 3817 953 3882 cepit]
981 3817 1073 3868 «sliicr
1098 3817 1188 3868 iecere
1216 3819 1261 3869 vix

165 3891 209 3937 tur
226 3887 254 3938 T.
266 3888 381 3938 sermio
395 3887 494 3938 Bonis
503 3888 651 3939 monos.
666 3917 694 3926 -
732 3893 858 3954 possunt,
878 3893 942 3956 quin
959 3893 1116 3956 quaerant.»
1142 3890 1261 3944 Aliorum

168 3962 198 4012 dt
213 3961 312 4026 cupiat]
325 3963 497 4014 «inculcet»
515 3965 571 4014 Huc
583 3963 696 4015 lectione
733 3964 811 4015 lectio
833 3970 909 4030 copel
935 3970 994 4017 orte
1024 3967 1130 4018 videtur
1156 3981 1190 4020 ex
1214 3979 1261 4018 ec-

166 4037 318 4088 eccuratius
332 4037 509 4102 significetur,
529 4051 583 4104 quo
600 4038 695 4090 morbo
734 4040 949 4093 commodationc
966 4041 1001 4092 ed
1017 4055 1043 4093 v.
1062 4044 1102 4094 sit.

167 4110 294 4162 laborarii
318 4113 417 4164 Burrus
446 4121 530 4178 quem'
549 4112 633 4164 allero
654 4119 694 4165 el:
854 4175 856 4178 ¹

167 4185 242 4250 quod
258 4187 304 4251 qui
326 4187 495 4252 praeierunt,
523 4190 553 4239 ui
569 4189 694 4253 Vossius,
767 4189 852 4243 3842.
868 4191 1005 4257 lismoi]
1023 4193 1108 4257 inquit
1121 4191 1215 4256 aliquis
1227 4205 1261 4244 ex

169 4259 317 4324 explicandi
346 4261 506 4326 particulam
534 4263 633 4315 dicuni.
667 4293 693 4302 -
734 4265 843 4332 populo.
867 4267 1063 4329 mentem,
1081 4268 1182 4330 Dorica,
1199 4269 1261 4319 [iio-

168 4347 242 4398 τοτο,
266 4337 337 4399 quali
354 4336 432 4403 pede]
461 4337 511 4392 Alli
534 4339 698 4406 distinguunt
732 4341 833 4405 nudie,
867 4339 942 4395 soliis
973 4355 1114 4396 serrorum
1142 4343 1258 4395 nomine.
