3156 4972
579 423 639 474 tiu.
658 423 689 474 11.
724 423 792 474 843.
810 423 852 472 Vl.
1201 419 1264 486 3113

221 583 488 668 444444444444
509 579 633 668 gravis,
656 578 813 645 Libitinae
835 586 992 666 quaestus
1014 575 1161 644 acerbae.

223 703 375 770 Matutine
397 711 505 788 pater,
529 721 589 768 seu
611 702 687 768 lane
709 699 862 767 libentius
884 698 991 776 audis,
1221 700 1263 767 23

221 823 312 894 Unde
334 822 482 890 homines
504 841 641 910 operum
662 821 785 908 primos
806 820 957 908 vitaeque
978 819 1107 888 labores

221 946 455 1011 instituunt-
478 944 525 1010 sic
547 942 598 1009 dis
620 941 772 1029 placitum
792 979 849 1020 —‚
874 952 907 1008 tu
929 941 1080 1008 carminis
1102 951 1171 1008 esto

220 1066 426 1154 Principium.
471 1067 591 1132 Romae
613 1083 805 1151 sponsorem
826 1083 878 1130 444
900 1063 997 1150 rapis.
1044 1061 1134 1136 «Eia,

220 1190 267 1254 Ne
289 1187 379 1275 prior
401 1185 507 1254 officio
529 1186 702 1274 quisquam
724 1183 933 1274 respondeat,
958 1203 1067 1272 urge.»

241 1367 284 1418 44.
300 1368 397 1430 patrnos
409 1377 517 1428 44444444
532 1365 560 1416 F.
582 1392 610 1402 -
627 1363 669 1416 tt.
687 1377 763 1430 444444
779 1367 807 1416 t.

174 1525 254 1576 catur
278 1523 479 1585 4444448444,
502 1523 594 1584 3,18.
619 1536 703 1586 44444
739 1521 875 1574 salutatur.
905 1525 1265 1589 444444444144444·

174 1601 272 1660 Sati,
291 1600 320 1659 6,
339 1600 380 1649 st.
398 1595 641 1660 monosemi,
659 1597 700 1647 to.
739 1600 962 1664 444-444444]
982 1599 1261 1652 etnadcnmsec.

174 1677 205 1736 4,
229 1673 258 1734 6,
282 1673 339 1722 tte,
357 1673 442 1722 inanis
458 1673 524 1736 Epp.
541 1672 572 1732 4,
590 1672 619 1732 2,
642 1671 700 1728 207.
740 1673 785 1724 ti:
804 1673 916 1736 11414444,
934 1675 1036 1725 --Sios
1052 1679 1081 1724 tu
1095 1675 1263 1737 4444444444-

174 1745 702 1811 -444444444444444](64444444)ι44444
739 1747 785 1797 bos
808 1749 895 1798 cocart
922 1747 972 1798 Seu
999 1749 1128 1799 Genitalis.
1155 1777 1183 1790 -
1203 1750 1265 1800 lane

172 1835 226 1874 suo
238 1834 336 1886 corpus
348 1833 508 1884 aggravans,
526 1821 651 1883 viresque
667 1819 702 1869 444
738 1848 752 1860 -
775 1821 861 1886 audo]
890 1815 1042 1886 αᾶκούεις,
1073 1823 1182 1886 sidaec,
1215 1836 1264 1888 44-

172 1901 338 1960 extenuaus,
363 1901 393 1948 ut
409 1897 472 1949 nihil
491 1897 576 1948 moliri
601 1896 701 1961 possint
737 1895 871 1960 pellaris.»
909 1898 1021 1962 lippi,
1045 1899 1074 1960 1,
1093 1898 1139 1950 31;
1168 1911 1265 1959 rmus

171 1987 265 2038 neque
278 1973 507 2024 studiisvacere.a
534 1971 592 2021 vid.
606 1969 699 2021 adon.
735 1976 858 2033 44444444
884 1971 980 2021 Audisti
1006 1985 1095 2022 ceram
1118 1985 1163 2024 4444
1189 1973 1265 2024 verbo

171 2050 203 2111 2,
241 2047 285 2110 44,
322 2047 353 2097 46
379 2060 420 2110 sq.
452 2073 477 2086 -
502 2047 703 2108 lactantibusque
735 2045 840 2106 parcius
855 2044 995 2095 464444.-
1025 2045 1107 2111 Unde]
1129 2059 1160 2096 «a
1181 2059 1263 2111 quo.»

169 2121 271 2189 444444]
297 2119 491 2186 «pestilentiam
517 2133 611 2172 secum
636 2120 703 2171 atie-
739 2116 797 2167 vid.
823 2117 857 2168 ad
884 2119 936 2170 Set.
966 2121 998 2180 4,
1022 2119 1055 2182 6,
1078 2122 1118 2171 ta.
1144 2147 1171 2157 —
1204 2133 1264 2183 444-

170 2211 266 2249 rens·
294 2196 393 2257 Liv.3,
412 2197 439 2246 6:
466 2199 703 2260 praeemineant
738 2193 955 2266 nun-uitaeque]
978 2195 1112 2245 «omnium
1134 2207 1263 2259 4444444,

169 2273 239 2336 sorta
255 2285 338 2322 44444
350 2271 467 2334 pestilera
482 2269 606 2320 4444444114
622 2271 704 2334 44444-
739 2279 808 2331 quae
830 2268 899 2318 vitae
922 2270 1029 2320 nostrae
1047 2267 1169 2320 condicio
1187 2268 1264 2319 uobis

171 2359 231 2410 que.
269 2345 308 2396 64.
322 2345 371 2395 Od.
392 2345 420 2406 3,
446 2345 493 2406 43,
518 2345 551 2395 34
579 2344 704 2406 Pcmifero
738 2342 875 2404 imponit.»
894 2367 922 2378 ·-
946 2343 1036 2392 4144144
1055 2343 1189 2406 placitent]
1209 2343 1262 2394 Clr.

170 2433 255 2486 praue
270 2425 452 2482 4444444444.
470 2421 652 2470 Auctumuum
669 2418 704 2468 te-
739 2414 788 2465 Od.
806 2415 835 2476 4,
858 2415 971 2478 33,411;
1001 2417 1043 2467 Sic
1059 2419 1141 2468 444444
1167 2418 1263 2468 Veneri.

170 2497 278 2560 44444444
302 2495 421 2545 nominat
445 2495 536 2544 iuven.
559 2492 587 2554 l,
610 2494 651 2542 46.
672 2519 700 2529 -
739 2489 822 2555 Epod.
840 2490 869 2550 9,
888 2489 916 2540 3:
943 2491 1047 2542 4441444
1064 2497 1182 2556 4444444,
1209 2489 1265 2543 sol-

170 2567 604 2632 4111444444]44444444(1444441444
620 2566 701 2618 modo
738 2563 819 2614 lemni
845 2565 870 2614 in
894 2565 936 2616 bis
958 2565 1080 2617 lorinulis
1103 2565 1180 2617 verbi
1197 2565 1265 2618 sub-

171 2657 238 2696 curu
256 2643 431 2708 Proserpinae
448 2642 530 2693 modo
542 2655 605 2693 cunr
616 2642 703 2692 11444-
739 2639 845 2690 stantiui
856 2640 1010 2691 omissione.
1031 2643 1102 2692 «lem
1114 2641 1186 2692 enim
1198 2642 1265 2692 haec

170 2721 211 2770 ris
224 2718 334 2767 numine
346 2729 360 2766 4
373 2715 538 2768 doctioribus
550 2717 700 2776 coniuncta,
739 2714 852 2764 deorum
870 2715 912 2764 est
931 2713 1066 2776 voluntas,
1090 2716 1120 2765 ut
1141 2715 1264 2779 praeside

170 2794 198 2844 in
218 2792 295 2842 cuius
318 2790 449 2855 templum
465 2804 515 2855 444
532 2803 641 2855 quoque
659 2791 702 2840 lu·
739 2787 1264 2853 444144414444444444414414444444.»

171 2879 241 2917 nere
265 2877 391 2916 nummus
415 2864 592 2924 interebatur3
619 2867 699 2926 44444,
741 2889 768 2900 -
780 2861 880 2926 1144444]
894 2864 978 2913 «Cum
990 2864 1089 2913 1444444
1101 2877 1171 2923 sum,
1185 2877 1265 2915 mene

171 2952 354 3005 quaecunque
366 2939 401 2990 ad
412 2939 505 2990 lunera
518 2939 697 3003 pertinebant,
739 2950 783 2986 me
796 2937 869 3000 rapis
881 2948 1011 2999 sponsum
1023 2938 1050 2986 in
1062 2937 1174 2987 Forum»
1188 2936 1263 3002 (Epp.

171 3014 211 3064 ibi
232 3011 638 3073 locabanturetvendebaotur;
657 3015 703 3077 lgi-
738 3011 767 3071 4,
785 3011 814 3072 i,
833 3010 878 3060 67:
896 3011 943 3060 llic
959 3011 1189 3074 emanassent),
1208 3012 1224 3062 i.
1238 3025 1263 3061 e.

171 3093 232 3148 tur,
261 3099 314 3151 quo
338 3087 428 3151 plures
446 3087 642 3148 moriebantur,
669 3101 702 3138 44
740 3086 854 3134 «Rornae
875 3084 1064 3136 necessitatem
1087 3087 1151 3136 mihi
1177 3087 1265 3150 impo-

171 3163 262 3214 maior
280 3163 307 3211 et
323 3162 405 3226 ipsius
423 3161 530 3213 deeset
546 3162 703 3213 libitinaric-
739 3158 818 3208 sitam
835 3159 921 3210 sentio
937 3171 987 3222 444
1004 3159 1057 3210 boc
1068 3158 1111 3210 vel
1123 3159 1166 3210 illo
1178 3162 1265 3211 amico

174 3248 249 3294 rum,
260 3236 306 3298 qui
317 3235 410 3285 lunera
423 3235 562 3296 curabant,
575 3240 702 3299 quaestus
739 3233 878 3284 confestim
895 3234 1058 3298 spondendi,
1083 3235 1133 3285 nisi
1149 3235 1265 3286 insuavis

172 3311 243 3360 erat.
257 3310 328 3358 suet,
342 3311 403 3359 Ner.
415 3310 461 3359 39:
478 3311 619 3361 Ρ4444444444
628 3313 703 3361 aazias
739 3310 767 3358 44
792 3307 965 3370 negligentior
990 3309 1084 3360 baberi
1108 3308 1215 3360 velim.»
1236 3337 1263 3346 -

173 3383 308 3433 auctumni
344 3384 450 3454 tripintu
482 3386 601 3447 [4444444
630 3385 703 3434 milia
738 3381 970 3446 444-4444414144
980 3382 1071 3434 verbis
1086 3385 1164 3435 lanus
1180 3384 1266 3434 liora·

172 3459 200 3507 444
230 3457 396 3506 rationem
425 3457 548 3508 4464444444
571 3464 700 3510 44444444.
740 3457 806 3505 44444
834 3457 868 3506 ad
897 3456 982 3508 iorum
1015 3471 1111 3522 rapere
1143 3458 1263 3520 lingitur:

172 3531 252 3582 Conl.
266 3530 313 3580 Od.
328 3531 353 3591 3,
366 3531 406 3592 36,
420 3531 444 3581 i.
474 3532 700 3596 Epp.t,7,ttsq.
740 3523 862 3596 43444444,
888 3543 1018 3596 4444444,
1042 3545 1076 3582 44
1093 3534 1154 3596 quis
1170 3535 1196 3583 in
1213 3533 1265 3582 boc

740 3603 826 3654 oitloio
855 3604 1008 3668 recipiendo
1033 3609 1059 3656 te
1084 3607 1263 3670 praeveniat.»

206 3678 295 3730 aaut.
313 3679 703 3744 Matralinopcterwescriptio-
740 3677 794 3728 Cir.
821 3679 896 3728 Pers.
926 3681 959 3740 e,
990 3679 1054 3729 4344
1089 3681 1196 3743 Surae,
1223 3679 1265 3728 44-

176 3765 241 3804 nem
256 3753 489 3804 incommodorum
500 3755 570 3804 44444
583 3753 703 3805 urbanae
740 3753 794 3815 4444
825 3753 955 3816 Acontio,
989 3755 1039 3805 444
1071 3755 1177 3817 844441
1218 3751 1265 3804 niti

173 3828 243 3878 scite
266 3827 369 3877 orditur
391 3827 426 3877 ab
448 3829 615 3880 invocatione
633 3830 702 3890 4444,
741 3825 808 3889 (4441.
833 3824 934 3877 Philon.
953 3828 1015 3891 Leg.
1035 3828 1069 3878 ed
1093 3829 1186 3878 Caium
1211 3828 1264 3888 46,

175 3902 223 3965 qui
249 3902 339 3952 omnia
360 3902 431 3952 initia
457 3902 589 3962 44444444,
616 3903 702 3962 vitae,
740 3899 786 3950 ubi
804 3900 913 3952 llelicon
928 3902 961 3953 ad
979 3905 1066 3953 semet
1083 3903 1184 3966 ipsum:
1203 3895 1265 3953 Νῦν

174 3975 254 4035 anni,
276 3974 303 4024 h.
323 3973 339 4024 1.
359 3977 525 4038 negotiorum
546 3989 597 4041 444
612 3977 704 4039 singu·
740 3969 975 4046 campactum,
990 3970 1121 4028 Ἑλικών·
1139 3974 1266 4046 44444444

173 4047 216 4098 los
231 4047 290 4098 dies
302 4049 540 4111 capessendorum.
577 4048 703 4101 44444444
740 4045 886 4115 σεαυτόν.)
898 4051 966 4102 haec
976 4065 1019 4100 vv.
1029 4052 1136 4102 Moretic
1147 4051 1267 4102 tribuunt

174 4119 232 4174 soto
245 4123 330 4184 patris
345 4125 464 4173 utstatim
481 4137 631 4188 cognomen
654 4124 703 4175 ba·
740 4126 828 4176 semet
845 4126 933 4190 ipsum
945 4126 1079 4176 excitanti.
1115 4127 1202 4190 Longe
1214 4127 1266 4176 mi-

170 4195 236 4257 bet,
263 4199 293 4246 ut
318 4197 442 4250 Martialis
459 4198 488 4262 4,
507 4199 536 4258 8,
557 4199 596 4250 ti.
614 4203 703 4250 mato-
740 4213 790 4250 nus
816 4201 890 4250 44444
916 4197 971 4249 alil:
1002 4201 1147 4252 «Matutine
1174 4203 1264 4265 pater,

174 4271 450 4336 dominumtuum,
464 4274 510 4338 qui
522 4273 701 4338 primcmane
739 4287 818 4338 urge,
844 4273 952 4340 impelle
972 4287 1043 4326 me.»
1073 4303 1098 4312 -
1122 4275 1210 4340 444444]
1238 4276 1264 4324 ir.
