3082 4968
628 407 757 459 Hostili
774 406 955 462 SATIRARUM

289 562 392 632 Nihilo
415 563 559 631 deterius
583 562 732 631 dominae
755 565 806 630 ius
828 585 912 631 esse.
957 563 1100 652 Rogabat

290 686 454 774 Denique,
479 706 537 753 our
558 706 703 773 unquam
724 685 870 773 fugisset,
894 687 946 754 oui
971 687 1049 752 satis
1070 707 1136 753 una

289 807 397 874 Farris
421 805 503 873 libra
525 805 621 884 soret,
647 807 757 894 gracili
781 807 829 875 sio
850 817 981 895 tamque
1004 807 1132 896 pusillo.

292 931 429 998 Prorsus
451 927 591 996 iucunde
614 949 751 996 coenam
773 928 985 1016 produximus
1010 929 1104 996 illam.
1293 931 1334 996 70

290 1050 464 1118 Tendimus
486 1048 561 1117 hine
583 1060 672 1117 reeta
685 1051 921 1129 Beneventum,
945 1050 999 1118 ubi
1017 1050 1152 1118 sedulus
1167 1050 1287 1139 hospes

288 1175 395 1241 Paene
417 1192 545 1240 mauros
567 1170 645 1238 arsit
669 1170 747 1238 dum
769 1172 882 1240 turdos
903 1169 1011 1240 versat
1032 1173 1064 1240 in
1089 1173 1173 1261 igni3

311 1371 353 1421 ou.
371 1369 446 1420 Nullo
463 1369 571 1419 iuterim
587 1370 635 1430 Sc,
662 1369 760 1420 Nictito
786 1369 834 1434 (pr.
853 1369 911 1420 Nilo
928 1383 998 1421 eom.
1019 1369 1094 1421 Nullo
1114 1371 1208 1435 marg.)
1235 1371 1302 1422 deta-

278 1445 334 1494 ss'os
349 1443 380 1502 (4,
399 1443 514 1493 neurim
529 1443 606 1492 nitito
623 1454 650 1506 p,
670 1441 723 1493 duo
740 1444 857 1494 Pottierii
869 1444 1001 1496 etLCtFJ.
1021 1445 1062 1509 (Ut
1078 1458 1136 1504 nos.
1154 1444 1183 1508 b,
1203 1458 1302 1497 «mem-

279 1518 380 1569 branae
403 1531 512 1580 omnes,
537 1529 608 1582 quae
630 1516 709 1582 paulo
731 1519 892 1570 vetustiores
915 1521 991 1580 sunt,
1018 1523 1073 1571 tom
1090 1519 1204 1571 aliorum
1220 1533 1302 1585 mam

280 1596 414 1646 norbae.»
432 1593 534 1655 lisura)
555 1620 582 1630 -
601 1593 642 1643 70.
659 1593 821 1655 producimus
837 1592 892 1644 bed
909 1597 936 1644 et
953 1607 1023 1646 corr.
1042 1596 1071 1656 S,
1089 1611 1125 1662 γκ
1147 1607 1225 1646 «oum
1242 1593 1302 1660 plu-

279 1669 354 1720 ribus
371 1667 453 1731 aliisi,
480 1669 545 1719 item
571 1667 689 1718 Pottierii
715 1680 809 1720 omnes
834 1669 943 1734 praeter
966 1682 1050 1720 unum
1078 1671 1118 1720 ⁴2,
1153 1671 1196 1720 Sic
1221 1671 1302 1721 etiam

279 1743 412 1796 Bentleius
430 1745 458 1793 et
473 1741 496 1792 J.
516 1742 556 1806 (ut
571 1753 636 1803 nos,
653 1755 672 1807 p
690 1743 717 1792 et
732 1755 774 1806 pr.
792 1743 829 1806 S.)
849 1769 878 1780 -
896 1744 937 1793 74.
955 1747 1022 1794 roca
1038 1741 1093 1794 bed
1110 1744 1173 1806 (non
1190 1744 1246 1808 Sp).
1272 1770 1301 1782 -

279 1820 320 1870 72.
339 1819 403 1868 arsit
417 1829 518 1868 moeros
534 1818 592 1868 LtF.
614 1841 642 1854 -
662 1818 749 1868 turdos
764 1818 825 1868 duo
839 1815 974 1870 Bentleius
990 1818 1078 1869 meite.
1114 1818 1165 1882 (sie
1181 1817 1230 1869 Ed.
1246 1818 1303 1870 lle-

248 1970 274 2020 in
297 1959 430 2032 Aristopb.
455 1966 521 2017 Plut.
545 1966 590 2019 844
616 1979 677 2030 sqq.
696 1966 772 2018 dives
808 1967 942 2019 bustiones
956 1969 1101 2032 quaternas
1117 1968 1195 2019 larris
1213 1965 1294 2018 libras
1306 1968 1333 2018 ln

247 2046 299 2094 iam
328 2042 411 2093 iactus
440 2039 548 2105 pallium
581 2053 661 2092 suum
689 2040 773 2091 detri-
809 2055 878 2106 pauo
896 2045 924 2092 et
943 2041 1017 2107 pulte
1038 2042 1157 2106 quotidie
1174 2055 1335 2093 consumere

247 2121 304 2168 tum
318 2118 398 2180 atquo
416 2113 521 2166 calceos
538 2116 645 2165 veteres
663 2114 714 2165 deo
726 2114 773 2166 do-
809 2119 940 2180 poterant.
962 2145 989 2154 —
1007 2118 1120 2180 arurae]
1139 2118 1196 2168 lloo
1212 2117 1273 2168 adv.
1286 2129 1336 2182 per

247 2191 336 2253 dieat.)
371 2190 424 2242 Cir.
449 2187 560 2241 Martial.
584 2189 615 2251 3,
641 2189 690 2241 29:
719 2191 773 2240 Hos
808 2204 838 2242 se
861 2189 1061 2255 intelligendum
1083 2190 1246 2243 arbitrantur
1266 2205 1336 2242 non·

145 2313 154 2323 ,
246 2281 304 2316 eom
317 2265 543 2330 ponimeompode
553 2264 771 2326 dedmmcotmoa,
809 2263 886 2315 nulii:
923 2267 965 2316 «iu
998 2278 1118 2328 summa,
1153 2279 1206 2316 uno
1234 2265 1334 2326 verbo,

247 2343 366 2401 Solum,
384 2339 428 2389 tibi
444 2337 540 2398 Zoilus,
559 2338 648 2388 anulos
661 2339 769 2401 priores.
809 2340 952 2400 omnium»
979 2340 1029 2392 sed
1052 2339 1145 2405 quirini
1164 2342 1253 2405 potius
1277 2341 1337 2390 iuu-

248 2417 304 2468 llos
320 2417 411 2464 tamen
430 2413 474 2463 hie
491 2415 616 2476 receptus
634 2426 687 2463 uon
704 2415 770 2474 erat,
809 2426 903 2478 gamus
915 2428 957 2465 vv.
972 2427 1078 2478 proruo
1091 2417 1215 2466 ioetmdei
1233 2415 1287 2465 Cic.
1300 2413 1335 2465 ad

248 2492 297 2541 etsi
315 2487 453 2554 probabile
466 2490 507 2538 est
524 2488 702 2539 manumissos
714 2487 773 2552 ple·
808 2491 860 2540 Att.
875 2489 924 2550 46,
944 2490 989 2551 ib,
1007 2491 1039 2540 i:
1059 2503 1166 2552 prorem
1181 2489 1334 2540 summm

248 2577 361 2628 mmque
380 2564 479 2614 hostias
495 2561 650 2616 immolasse
667 2561 709 2614 vel
727 2562 773 2613 do·
808 2569 833 2614 et
856 2576 948 2614 seuere.
969 2591 996 2600 -
1015 2563 1193 2628 proaemium]
1220 2563 1336 2613 Conclu-

248 2639 321 2689 naria
339 2638 390 2688 deo
408 2636 485 2687 alicui
503 2649 686 2688 consecrasse.
717 2635 770 2687 Cir.
809 2638 869 2689 nius
893 2650 955 2688 eum
980 2638 1099 2702 perlecto
1122 2638 1288 2701 coniungitur
1308 2651 1334 2688 v.

247 2714 369 2764 Titinium
386 2711 472 2762 Bothii
488 2725 515 2776 p.
534 2713 581 2762 it:
607 2713 723 2762 Fortasse
738 2711 773 2761 aie
810 2711 882 2762 ium
903 2723 985 2776 quam
1006 2723 1068 2762 eum
1087 2712 1237 2775 praesenti,
1263 2710 1336 2774 quod

246 2793 333 2840 ootean
355 2787 451 2850 seciae,
478 2799 527 2847 quo
544 2785 583 2835 die
608 2785 670 2836 liber
693 2785 772 2848 forem
808 2787 960 2851 requireret
976 2786 1064 2850 potius
1078 2785 1152 2835 bane.
1183 2785 1236 2836 Cir,
1249 2785 1337 2849 Reisig

246 2864 320 2912 Nune
336 2861 450 2912 desueti
465 2861 668 2910 condemnaturi:
686 2861 774 2909 muno-
810 2862 866 2911 Lat.
885 2860 1019 2925 spraebw.
1039 2872 1065 2925 p.
1085 2859 1142 2910 360.

246 2938 309 2987 iuuit
332 2935 447 2986 bostiam.
487 2934 596 2996 Fugitivi
621 2936 649 2984 et
673 2933 773 2984 ostiarii
842 2935 931 2985 'li-76.
949 2934 1122 2998 Beneuentum]
1141 2932 1205 2985 Plin.
1219 2934 1250 2984 H.
1263 2935 1294 2983 N.
1308 2933 1334 2994 3,

247 3010 407 3077 plerumque
435 3011 549 3059 catenati
580 3010 663 3058 oront.
711 3009 774 3057 Sar-
810 3011 856 3060 il:
883 3010 1048 3073 Hirpinomm
1067 3011 1167 3060 colonio
1186 3023 1241 3060 uuo
1257 3009 1337 3060 Bene-

248 3085 330 3136 meuli
347 3085 439 3134 autem
458 3082 517 3146 luga
537 3083 565 3133 in
584 3079 772 3133 contumeliam
808 3089 923 3146 ossium,
942 3085 1097 3146 auspeutiers
1111 3088 1210 3134 mumto
1225 3083 1335 3144 aornim,

247 3161 307 3212 licia
319 3159 424 3210 videtur
440 3158 574 3209 Dilutzaro
587 3160 614 3207 et
624 3155 774 3208 Dillenbur-
810 3161 1010 3222 prosequendam
1020 3161 1150 3222 appellata
1157 3159 1335 3210 Maleventum.

247 3248 320 3299 gero.
351 3261 378 3270 -
405 3233 497 3297 Nihilo]
525 3231 772 3283 uPronunaiandum
809 3235 831 3284 Α
857 3233 957 3284 Caudio
982 3233 1099 3285 distabat
1123 3235 1177 3284 lili.
1200 3235 1234 3284 ll.
1256 3234 1284 3283 P.
1306 3259 1335 3270 -

248 3311 289 3360 est
306 3307 383 3372 quasi
399 3308 528 3370 seriptum
545 3305 700 3355 breritNilo.
729 3305 773 3354 Sic
809 3307 968 3371 bospsaeetl
986 3309 1131 3358 oenstrue:
1149 3307 1244 3370 Hospes
1256 3319 1339 3370 paena

247 3383 313 3447 Epp.
332 3381 360 3441 2,
380 3381 408 3441 2,
428 3379 490 3430 tio:
512 3378 773 3440 Voberrmsotliqul·
809 3381 887 3441 ursit,
914 3381 1338 3432 omnosrsoitoruoamsorosis

247 3458 294 3506 ors
313 3466 429 3516 puroque
452 3453 592 3502 simillium
618 3453 696 3502 omni.
720 3477 734 3486 -
757 3477 773 3490 -
808 3456 870 3519 iperi.
902 3454 985 3505 «Cum
1003 3459 1113 3520 propter
1129 3457 1214 3520 ipsam
1227 3456 1337 3506 nimiam

248 3531 316 3590 Quin
328 3531 356 3578 et
372 3526 436 3578 illud
447 3525 637 3587 animadverti,
656 3525 774 3589 quoties·
809 3527 979 3580 sedulitatem
1012 3531 1101 3582 miuus
1135 3534 1230 3580 cauum
1264 3530 1338 3581 esset

248 3617 354 3668 cunque
371 3601 443 3668 apud
461 3603 585 3662 Nostrum
603 3601 720 3651 occurrit
735 3601 774 3650 ai·
810 3616 896 3668 oaupo
920 3603 981 3668 (hoo
1003 3605 1076 3655 enim
1099 3605 1228 3668 signifieat
1246 3617 1272 3654 v.
1291 3603 1337 3653 bo-

247 3679 306 3737 bilo,
320 3675 501 3742 comparativo
512 3688 622 3739 semper
631 3675 771 3740 praeponi,
809 3691 875 3742 spes,
903 3681 933 3730 ut
957 3693 982 3729 v.
1001 3680 1026 3729 2.
1047 3679 1181 3742 hospitius
1205 3681 1248 3730 est
1272 3691 1338 3729 cau-

247 3756 277 3803 ut
294 3753 379 3804 serm.
399 3752 428 3813 4,
448 3752 477 3811 4,
495 3750 535 3802 48.
566 3751 595 3811 2,
615 3750 643 3810 3,
662 3752 703 3801 aa.
730 3751 771 3801 56.
809 3753 904 3818 pona),
933 3766 1021 3818 paene
1055 3753 1170 3804 flammis
1199 3754 1338 3818 correptus

247 3829 304 3878 aia.
324 3827 389 3891 Epp.
403 3827 432 3888 i,
445 3827 475 3888 2,
489 3826 562 3878 toa.»
581 3825 672 3876 Bsnrr..
687 3851 715 3864 -
729 3827 774 3877 ‹is-
810 3830 864 3890 ost,
891 3826 956 3880 dum
979 3827 1072 3878 turdos
1095 3831 1123 3877 ei
1148 3840 1195 3878 eos
1212 3826 1336 3890 quidem,

248 3901 333 3963 mous]
352 3902 494 3966 opponitur
505 3902 597 3964 optimo
608 3900 667 3950 iuri.
681 3926 709 3936 -
720 3913 773 3950 ona
811 3901 837 3951 id
855 3901 927 3965 quod
945 3901 1116 3962 uidebamus,
1143 3913 1249 3951 maeres
1265 3901 1338 3950 veri-

247 3977 337 4026 Forris
359 3975 434 4039 libro]
463 3977 531 4027 Cum
557 3987 697 4026 servorum
724 3973 773 4024 de·
810 3975 862 4026 bus
887 3977 1029 4028 transfixos
1054 3978 1151 4026 assato
1188 3973 1237 4025 Alii
1264 3972 1336 4038 (ooli.

249 4062 372 4100 mansum
389 4051 557 4102 menstruum
574 4049 696 4112 quaterni
714 4049 775 4111 (Do-
810 4051 876 4099 Aen.
895 4051 925 4111 2,
949 4051 1010 4101 ata:
1037 4053 1090 4101 mm
1108 4051 1245 4112 proniora
1266 4049 1339 4098 uruat

248 4125 326 4174 uatus
348 4124 375 4173 iu
398 4125 503 4174 Terent.
522 4123 671 4178 Phorml.
691 4124 719 4184 4,
738 4123 772 4184 9.)
812 4124 944 4187 Uoolepou.
980 4124 1071 4175 lunen.
1090 4123 1120 4185 3,
1142 4125 1205 4184 20⁴3
1235 4124 1339 4174 vuinus

247 4196 290 4248 vel
316 4199 389 4261 quini
415 4198 525 4260 (Seneca
549 4197 596 4262 Ep.
616 4196 666 4260 80.)
691 4196 773 4248 modii
811 4196 933 4260 ardeia.)
977 4196 1089 4262 hospitis
1131 4198 1243 4249 domum
1285 4210 1338 4248 non

248 4275 354 4334 essent,
368 4271 454 4323 xxiv.
467 4269 596 4324 librarum
607 4271 713 4336 singuli,
732 4285 774 4322 ro-
810 4273 898 4336 ipsum
916 4271 1049 4336 hospitem
1066 4283 1152 4337 paene
1169 4273 1270 4324 arsisse
1286 4285 1339 4337 pu-
