3174 4974
624 443 684 492 trs.
704 444 723 492 i.
747 441 846 492 arist.
864 443 952 492 xviri.

291 598 379 665 diter
401 597 520 664 rixatur
541 596 583 664 de
606 597 679 664 lana
701 619 800 686 saepe
822 598 968 686 caprina,

290 722 476 808 Propugnat
497 720 591 807 nugis
613 729 769 786 armatus:
793 717 937 796 Scilioet,
960 729 996 786 at
1018 739 1081 786 non

291 841 338 908 Sit
360 840 435 906 mihi
458 840 562 928 prima
581 840 665 914 fides
688 851 720 909 et
741 861 818 909 vere
841 840 930 930 quod
951 840 1057 929 placet
1077 851 1113 908 at
1134 861 1198 908 non

291 963 415 1030 Acriter
437 962 599 1030 elatrem?
621 963 762 1030 Pretium
784 973 873 1030 aetas
898 962 997 1032 altera
1020 963 1139 1031 sordet.

282 1124 321 1173 45.
334 1123 544 1174 maturuerat:
556 1125 584 1172 et
595 1137 611 1173 e
622 1125 719 1186 quamn
730 1121 822 1174 Blaad.
834 1125 864 1184 C,
882 1125 985 1174 rimator
996 1124 1030 1174 de
1042 1125 1136 1175 llareti
1148 1125 1216 1175 coni.
1228 1125 1254 1175 l·'.
1273 1127 1304 1179 Ut

281 1209 339 1256 nos,
353 1197 435 1246 nostri
448 1199 536 1260 (edam
547 1209 588 1260 pr.
599 1197 627 1260 Ε)
646 1199 673 1246 et
685 1197 810 1248 Pottieril.
825 1225 853 1234 -
866 1200 974 1262 caprino
984 1203 1007 1249 et
1018 1197 1152 1250 Bentleius
1164 1200 1233 1250 coni.
1244 1202 1301 1250 ets.

248 1328 291 1392 lig.
308 1329 353 1377 ta:
382 1329 487 1376 Etcum
506 1328 533 1376 tn
548 1327 672 1378 Laureolo
687 1327 773 1386 minio,
812 1327 885 1378 lebat
900 1329 984 1380 Voss:
1005 1328 1069 1378 mihi
1086 1331 1114 1379 et
1130 1329 1286 1380 inconcinna
1300 1330 1337 1379 vi·

248 1405 274 1452 tn
292 1416 340 1464 quo
357 1406 429 1450 octor
437 1401 581 1464 proripiens
592 1414 618 1450 se
628 1403 706 1451 raino
717 1415 775 1452 ιοο-
812 1402 891 1452 detur
915 1403 942 1452 ot
966 1403 1098 1465 ingratum
1116 1402 1225 1454 auribus
1242 1403 1338 1454 accidit

248 1477 350 1540 pttlnom
374 1477 465 1536 comit,
497 1475 584 1537 plures
607 1477 775 1526 secandomm
811 1479 913 1526 motus
926 1503 964 1516 --
979 1478 1115 1542 οηηοιιιι.)
1138 1502 1165 1514 -·
1190 1480 1338 1542 Propupnat

248 1551 362 1600 certatim
378 1550 576 1612 uperirnmtam
592 1551 656 1600 artis
675 1551 773 1612 dorent,
811 1552 884 1614 nupia
901 1551 1024 1612 armastis]
1044 1550 1180 1602 «sutilibus
1193 1565 1337 1616 argumen-

247 1639 338 1675 oruore
352 1639 428 1674 οοοοο
445 1625 590 1674 mundana.
610 1626 675 1675 ilinc
686 1627 774 1676 trans·
813 1627 845 1676 tis
857 1625 1002 1688 verbisque
1013 1626 1137 1678 inanibus
1150 1629 1227 1678 utens
1237 1631 1338 1692 pugnat

249 1699 313 1759 late,
332 1702 359 1749 ui
377 1700 404 1748 h.
423 1697 451 1748 l..
471 1699 551 1749 etiam
569 1700 623 1749 Cic.
641 1701 712 1750 Brut.
731 1700 772 1760 aa,
812 1713 860 1765 pro
879 1698 959 1748 rebus
971 1697 1096 1760 futilibus,
1116 1701 1337 1764 indignationem-

248 1774 309 1825 2l3:
330 1775 359 1836 Q.
377 1774 466 1824 lirim
483 1774 531 1836 sitit
547 1774 582 1842 ld.
602 1775 686 1825 Crassi
703 1776 775 1836 pansi
812 1787 864 1837 que
877 1785 954 1824 suam
966 1775 1005 1823 sic
1017 1773 1139 1824 effundit:
1158 1776 1270 1826 8οιιιοοιι
1283 1781 1335 1828 oet.

247 1849 421 1898 midam.
449 1849 550 1898 Seneca
568 1848 602 1898 de
614 1850 654 1900 lra
667 1847 691 1908 3,
705 1849 729 1908 8,
742 1847 772 1899 l:
812 1847 947 1898 ablativus
965 1849 1038 1912 napis
1053 1861 1115 1898 cum
1127 1851 1240 1913 utroque
1252 1850 1337 1900 verbo

248 1923 374 1984 optarim
398 1922 519 1972 iudicavit
547 1921 640 1984 (Caelii
666 1922 772 1986 cliens),
812 1921 976 1986 iungemus,
993 1929 1092 1987 pupnot
1105 1925 1337 1988 pneumatio-

248 1997 370 2058 patdputd
385 1997 500 2056 αἰοιιοοι,
521 1998 591 2058 moui
612 2003 635 2046 ot
655 1998 775 2046 tremidus
811 2000 850 2062 pis
866 2002 990 2048 amotio.
1010 1998 1074 2059 (Cio.
1087 2011 1113 2062 p.
1127 1997 1208 2048 domo
1220 1999 1261 2058 55,
1276 1999 1335 2050 tlt:

247 2085 332 2136 opero.
352 2070 404 2120 Cir.
424 2073 546 2122 Gronovii
563 2071 639 2122 Obss.
660 2073 685 2122 in
702 2071 771 2122 Ecul.
811 2072 949 2122 incredibili
966 2077 1083 2122 amiotus
1093 2074 1225 2138 αοάοοιο.)
1251 2074 1336 2125 l'acile

248 2147 288 2196 ιιι.
301 2159 327 2210 p.
340 2145 397 2196 otti.
410 2147 450 2195 l'r.
470 2147 587 2196 Donatus
595 2146 677 2196 Praei.
689 2147 715 2196 in
725 2147 774 2196 Eu·
812 2146 923 2211 quidem
935 2153 966 2208 et,
979 2147 1052 2211 quod
1063 2147 1204 2207 Bentleius,
1218 2149 1336 2206 Schmid.

249 2221 383 2270 nucinum:
407 2221 436 2270 ln
452 2221 499 2270 loc
515 2222 643 2271 emundis
659 2223 703 2284 qui
716 2235 774 2284 per·
812 2224 917 2272 Passow
935 2222 1118 2282 inseruerunt,
1146 2224 1270 2274 excidere
1288 2238 1337 2288 pn-

247 2307 335 2344 sonem
360 2295 522 2344 Pammenis
537 2297 653 2357 ιιιοιιοοι,
676 2296 775 2358 primm
812 2297 869 2346 tuit.
890 2297 1211 2359 (Estinlineversussat.
1226 2297 1335 2358 t‚a,43.

247 2369 429 2432 anteportis,
441 2371 562 2420 secundae
573 2372 772 2430 contemtos,
812 2373 837 2430 Ξ,
851 2374 874 2432 2,
888 2373 928 2422 58.
944 2371 978 2435 [9,
990 2373 1015 2432 a,
1029 2371 1081 2437 aa]
1096 2373 1121 2430 i,
1133 2373 1159 2432 8,
1170 2372 1210 2422 92.
1231 2373 1295 2437 Epp.
1311 2375 1334 2427 l.

247 2445 336 2494 tertiae
352 2446 387 2492 od
402 2445 553 2494 lesdrtam
569 2449 689 2508 aporiant.
715 2447 774 2496 Brit
813 2447 837 2507 2,
851 2447 891 2496 3⁰.
912 2447 936 2506 t,
950 2447 974 2506 6,
986 2445 1027 2496 dt.
1047 2447 1106 2506 m,
1118 2447 1158 2496 27.
1179 2448 1203 2508 l,
1215 2446 1291 2508 ιω.
1313 2449 1336 2507 l,

249 2519 315 2582 tiger
331 2518 365 2568 kt.
379 2519 450 2568 Scir.
463 2521 483 2569 l.
496 2534 523 2584 p.
536 2518 593 2571 tuo.
813 2521 854 2582 to,
867 2521 908 2570 76.
929 2522 953 2582 t,
967 2521 1007 2582 tt,
1022 2521 1062 2570 ts.
1082 2522 1106 2582 l,
1121 2523 1161 2582 48,
1174 2523 1215 2572 aa.
1234 2523 1259 2581 ι,
1273 2524 1297 2581 t,
1311 2523 1335 2572 3.

282 2594 370 2644 trs-ts.
396 2593 466 2642 Alter
482 2594 546 2658 cet]
567 2596 675 2658 «Aeque
692 2597 773 2659 atque
812 2598 842 2645 Α.
856 2597 884 2645 Ρ.
897 2596 963 2657 270.)
976 2595 1029 2644 Sed
1040 2595 1067 2644 in
1078 2595 1211 2658 asyndeto
1222 2595 1284 2646 nihil
1297 2600 1337 2647 est

248 2667 471 2732 adulatorpecoat
480 2668 521 2719 ille
532 2681 654 2720 morosus
664 2672 775 2732 etagre-
812 2670 975 2720 offensionis.
989 2669 1027 2718 Cl.
1040 2669 1229 2720 lierbstLectt.
1238 2672 1336 2721 Venus.
1435 2675 1438 2682 '

248 2743 308 2802 stis,
327 2744 373 2806 qui
390 2743 423 2793 de
442 2743 525 2793 rebus
536 2741 631 2794 nullius
645 2745 773 2794 momenti
812 2745 832 2792 l.
845 2756 872 2805 p.
886 2743 927 2793 33,
943 2769 969 2778 —
982 2743 1089 2806 Scilicet]
1102 2743 1174 2793 Alius
1186 2745 1339 2806 igituracri-

248 2818 379 2868 acerrime
396 2817 513 2881 disputat
525 2821 552 2868 et
563 2817 732 2868 altercatur.»
745 2845 771 2854 -
813 2819 854 2866 ter
871 2814 904 2865 de
922 2815 1005 2866 rebus
1023 2815 1119 2868 nullius
1135 2819 1263 2868 momenti
1276 2831 1338 2868 cum

249 2893 286 2941 De
302 2892 364 2942 lona
374 2895 482 2954 caprina
493 2893 580 2941 riseri
592 2896 619 2944 et
630 2893 693 2962 περι
703 2885 773 2942 ὄνου
813 2889 871 2940 aliis
888 2891 1001 2952 rixatur,
1022 2891 1155 2940 interdum
1167 2891 1219 2940 hoc
1230 2904 1338 2956 quoque

248 2961 333 3028 σκιᾶς
348 2963 498 3030 μάχεσθαι
516 2967 635 3029 (Lucian.
654 2968 772 3016 llarmot.
813 2964 889 3014 dicit:
904 2966 973 3014 «Per
985 2964 1049 3014 mihi
1061 2965 1159 3014 miram
1171 2966 1267 3017 accidit
1279 2979 1339 3031 pro-

249 3040 299 3103 il.)
318 3045 380 3092 sunt
397 3041 539 3106 proverbia
561 3043 587 3092 in
605 3042 722 3092 rixantes
740 3041 774 3091 de
813 3039 895 3099 lecto,
920 3039 1005 3101 siqui
1023 3037 1120 3088 adsunt
1136 3053 1191 3090 non
1208 3041 1272 3092 milri
1289 3053 1339 3104 po-

248 3115 331 3166 rebus
353 3115 494 3168 levissimis
516 3119 563 3166 aut
579 3129 647 3180 quae
665 3116 774 3166 omnino
814 3114 945 3164 tissimum
972 3111 1054 3163 tidem
1081 3113 1212 3174 habeant,
1239 3117 1338 3180 quippe

249 3203 302 3240 noa
319 3193 388 3242 sunt.
409 3189 493 3253 (Tales
505 3205 540 3240 πε
579 3185 699 3252 οὐδενὸς
710 3183 774 3253 ἄξι’-
813 3189 859 3251 qai
877 3186 972 3238 melius
990 3200 1071 3250 quam
1089 3189 1171 3239 ceteri
1185 3202 1280 3240 verum
1293 3203 1340 3239 no-

248 3281 289 3314 ων
302 3260 424 3328 ἀναξίαν
437 3263 569 3330 anonam
580 3265 774 3330 ποιουμένους
812 3263 913 3320 verim
931 3263 1092 3326 permirum,
1111 3264 1134 3313 si
1148 3265 1209 3327 quis
1222 3264 1286 3314 milri
1297 3265 1338 3314 in-

249 3339 320 3390 ridet
351 3338 424 3391 Plato
453 3341 568 3403 Euthyd.
599 3355 625 3405 p.
647 3339 704 3391 3⁰l.
734 3340 773 3402 E.)
813 3338 944 3388 terdicere
954 3336 1026 3399 velit,
1037 3350 1080 3398 ne,
1094 3339 1166 3401 quod
1177 3339 1243 3388 mihi
1254 3338 1338 3390 semel

249 3415 417 3478 Quamquam
442 3417 493 3466 lCti
515 3419 663 3478 agnoscunt
685 3414 773 3465 lanam
812 3413 946 3477 persuasi,
960 3413 1017 3464 sine
1029 3411 1082 3462 ulla
1093 3414 1231 3464 reticentia
1244 3415 1339 3464 etsine

249 3490 395 3553 caprinam.
423 3489 521 3554 Ulpian.
543 3493 569 3541 in
590 3493 609 3540 l.
628 3491 656 3541 Si
673 3495 718 3540 out
734 3490 774 3539 lo·
812 3486 866 3538 ullo
891 3491 966 3538 metu
991 3487 1061 3538 clare
1084 3488 1246 3553 proteram.»
1266 3515 1293 3525 -
1310 3494 1340 3538 ut

248 3578 284 3612 no
308 3563 333 3626 ξ.
361 3566 430 3616 Lana
453 3565 555 3630 lepti(
589 3568 628 3617 De
646 3567 736 3630 tepolis
751 3569 775 3614 et
812 3562 871 3627 non]
886 3563 1037 3627 «quomodo
1050 3566 1187 3615 nonni·
1204 3564 1271 3624 wia,
1289 3563 1340 3613 icti

246 3639 327 3701 tidaic
349 3639 379 3687 3:
406 3641 479 3690 tono
503 3641 588 3704 lupata
613 3642 689 3692 etiam
706 3641 774 3702 lepo-
812 3638 901 3689 sollte
920 3639 1047 3688 niella.
1066 3653 1085 3688 s.
1105 3637 1160 3688 ao?
1184 3637 1231 3688 alii
1250 3638 1338 3699 (etiam

248 3713 334 3762 rinern
363 3713 450 3763 tonosn
475 3719 498 3764 οι
519 3716 665 3765 murrinam
686 3720 710 3764 οι
731 3727 774 3764 co·
812 3713 927 3774 latinius)
940 3715 1109 3764 construunt:
1131 3713 1259 3774 «proriam
1269 3715 1341 3761 netas

246 3788 352 3849 prim
376 3791 450 3838 credo
471 3789 601 3839 contineri.
639 3790 772 3851 (Fuerunt,
813 3787 896 3838 altero
911 3789 1007 3847 eorda,
1027 3801 1058 3838 ea
1071 3788 1227 3838 condicione
1241 3785 1337 3845 oblata,

249 3864 295 3925 qui
312 3861 516 3926 distinguerent:
535 3865 604 3914 Alter
613 3865 728 3924 matur,
745 3864 775 3912 de
812 3867 841 3912 at
856 3863 1096 3912 non--olatremr
1125 3861 1178 3912 Sed
1199 3862 1289 3912 nostra
1306 3873 1339 3910 ex

249 3936 311 3986 lona
327 3951 401 4000 saepo
417 3939 526 4000 ooprtm
540 3940 686 4002 Propuprtat
705 3940 773 3995 oet.;
813 3938 914 3988 ratione
938 3935 1021 3986 multo
1039 3935 1134 3986 melius
1151 3935 1240 3986 lervor
1258 3937 1338 3998 atque

248 4011 298 4061 sed
321 4015 483 4064 constructio
509 4013 616 4073 usitata,
644 4025 725 4076 quam
749 4013 774 4060 in
814 4011 930 4074 impetus
947 4010 1117 4074 exprimitur,
1136 4023 1190 4073 quo
1205 4010 1339 4060 homoin-

249 4084 300 4136 hao
317 4089 449 4139 sermonis
467 4087 611 4152 quotidiani
629 4087 774 4138 imitatione
813 4085 1074 4149 dignabaoduscam
1087 4083 1170 4136 altero
1181 4083 1337 4149 expostalat.

248 4161 292 4209 vix
310 4161 430 4214 deseruit
443 4163 577 4222 Horatius,
596 4163 776 4213 estiterit&
817 4187 843 4196 -
864 4161 984 4211 suarm
1000 4163 1042 4212 est
1064 4173 1189 4211 asumma
1206 4159 1339 4224 pulmonis

249 4235 339 4297 aliona
354 4250 397 4297 re,
412 4243 578 4300 properatiore
587 4251 637 4300 pro
649 4238 776 4301 dtquarc
814 4237 984 4286 contentione
997 4234 1129 4300 prolerre,
1149 4235 1222 4300 quod
1232 4235 1258 4284 ia
1269 4231 1338 4285 huc-

248 4308 291 4360 vel
309 4312 414 4372 diquid.
439 4312 592 4362 Lectionum
602 4313 706 4363 οιοοιιιο
717 4325 775 4363 ma·
814 4323 875 4362 cam
891 4311 990 4361 venit.»
1004 4339 1031 4347 -
1045 4311 1155 4361 Pratum
1171 4309 1234 4374 cet]
1253 4309 1339 4360 illeii-
