3178 4972
590 442 649 491 utu.
670 444 688 492 4.
725 443 823 493 erist.
842 444 895 494 vit.

243 601 340 687 Spem
363 597 627 685 mentita-seges,
651 597 711 664 bos
733 608 784 664 est
804 608 937 666 enectus
960 601 1098 677 arando,

242 719 394 788 Offensus
417 718 543 786 damnis
565 718 671 787 media
693 719 735 786 de
757 728 851 787 nocto
873 719 1032 786 caballum

243 841 362 929 Arripit
382 840 549 928 iratusque
572 839 709 929 Philippi
731 841 833 908 tendit
854 841 895 907 ad
922 842 1032 910 aedes

243 965 346 1044 Quem
364 961 459 1028 simul
475 961 623 1050 adspexit
637 961 787 1029 scabrum
806 963 1033 1052 intonsumque
1049 964 1222 1054 Philippus,
1246 969 1288 1030 90

243 1087 365 1162 Durus,
390 1085 449 1162 ait,
473 1082 592 1162 Voltei‚
617 1083 712 1151 nimis
734 1094 938 1173 attentusque
961 1086 1082 1153 videris

244 1207 323 1272 Esse
346 1204 432 1272 mihi.
476 1204 608 1272 Polme
631 1207 802 1283 miserum,
827 1217 977 1294 patrone,
1001 1227 1150 1283 vocares,
1209 1210 1214 1231 ¹

244 1329 277 1395 Si
298 1327 409 1404 velles,
436 1329 549 1415 inquit,
575 1348 688 1394 verum
712 1327 788 1393 mihi
812 1349 935 1415 ponere
962 1332 1093 1397 nomen!

243 1449 337 1531 Quod
360 1459 392 1516 40
414 1469 473 1537 per
495 1449 632 1516 Genium
655 1449 868 1538 dextramque
890 1449 1037 1540 deosque
1058 1455 1196 1521 Penates

244 1572 390 1639 Obsecro
412 1580 446 1638 04
466 1570 626 1648 obtestor,
650 1571 733 1638 vitae
756 1592 809 1638 me
831 1571 933 1639 redde
954 1573 1063 1661 priori.
1247 1580 1288 1641 95

265 1763 306 1813 93,
322 1763 429 1826 ponere]
446 1763 527 1813 040040
543 1763 563 1813 Ε
583 1762 660 1825 (cum
677 1760 711 1826 gl.
730 1739 876 1825 imponeres
886 1776 913 1828 p,
931 1761 969 1832 βγ
990 1765 1031 1814 «et
1048 1762 1121 1826 aiii.»
1139 1769 1254 1818 Pottierii

233 1836 363 1910 plerique,
382 1839 446 1890 item
464 1839 565 1890 Veneta
584 1837 657 1889 4484.
678 1837 790 1890 043004.
809 1840 834 1900 4,
852 1840 877 1898 4,
895 1840 937 1890 to.

202 2009 395 2058 «attenuatus»
410 2010 502 2058 scnoc.
522 2010 602 2058 Poeta
614 2021 657 2073 ap.
671 2009 727 2060 Cic.
765 2013 846 2058 tentus
861 2010 987 2071 0004044444.
1008 2038 1034 2046 --
1052 2011 1103 2076 Pol]
1122 2014 1189 2063 «Per
1205 2013 1291 2065 Potiu-

201 2082 279 2135 Tusc.
299 2083 323 2142 4,
342 2083 371 2142 t,
391 2082 437 2132 to:
465 2087 563 2132 000000
578 2083 620 2133 siti
639 2083 730 2134 40040-
765 2095 853 2134 cem.»
886 2085 926 2134 Da
951 2084 992 2134 his
1009 2085 1164 2138 iuramentis
1181 2087 1289 2151 (0440404,

200 2155 246 2205 ius.
266 2154 305 2206 Ci.
319 2155 354 2206 ad
371 2157 423 2206 444.
437 2157 465 2217 6,
480 2157 503 2219 4,
517 2159 542 2207 4.
559 2159 613 2208 Liv.
627 2158 669 2217 24,
681 2156 726 2208 to:
765 2163 874 2220 ecastor,
883 2158 1010 2221 4004404040)
1021 2159 1054 2209 04.
1064 2161 1210 2212 Varronem
1219 2165 1290 2227 apud

199 2233 279 2296 same,
291 2233 501 2296 imponentium,
514 2233 727 2294 40004040000044,
766 2231 829 2282 Gaii.
851 2236 894 2292 44,
913 2235 937 2284 6.
959 2259 986 2269 -
1010 2248 1099 2286 vnum
1114 2237 1175 2286 0040·
1187 2241 1290 2304 ponere]

201 2307 243 2356 Sic
253 2307 280 2356 h.
290 2305 308 2356 i.
322 2306 406 2358 boves
418 2308 481 2357 sunt
492 2309 603 2371 propter
614 2307 728 2356 maciem
765 2307 813 2358 Aiii
830 2309 911 2358 4440040
928 2323 943 2359 e
955 2308 1127 2373 glossemate.
1147 2311 1185 2363 Ci.
1199 2315 1252 2363 Sat.
1266 2317 1292 2374 4,

200 2383 281 2444 atqua
292 2381 473 2432 infirmitatem
483 2382 557 2445 operi
569 2382 669 2432 rustico
681 2381 730 2432 im·
765 2383 794 2444 3,
807 2383 847 2435 44.
867 2385 895 2446 i,
914 2385 944 2444 3,
963 2384 1003 2436 te.
1036 2386 1162 2437 Ceterum
1179 2401 1233 2440 non
1250 2393 1294 2440 est

201 2467 279 2519 pares
297 2454 367 2506 iacti.
402 2452 451 2506 Alii
468 2455 632 2506 contendunt
647 2456 729 2518 signi·
766 2458 876 2508 imitatio
901 2459 1033 2524 Euripidis
1057 2460 1140 2525 iphig.
1167 2463 1194 2513 in
1213 2464 1291 2514 Taur.

201 2531 274 2580 ficari
298 2530 409 2592 «bovas,
437 2531 482 2594 qui
505 2534 610 2580 arantes
628 2531 728 2594 inipso
765 2530 828 2582 tea:
847 2533 894 2582 ΙΦ.
908 2533 960 2583 Σοὶ
971 2532 995 2583 δ’
1010 2527 1105 2598 ὄνομα
1117 2531 1292 2588 0040044904

201 2617 282 2669 opere
299 2606 398 2655 rustico
415 2605 512 2655 mortui
529 2604 727 2663 conciderint3r
766 2599 783 2656 ὁ
806 2604 949 2672 γεννήσας
971 2607 1066 2681 πατήρ
1072 2625 1084 2670 ;
1110 2610 1162 2661 ΟΡ.
1182 2607 1222 2662 Τὸ
1238 2612 1293 2678 μὲν

200 2692 295 2729 verum
319 2679 372 2729 hoc
394 2680 505 2730 nimium
529 2679 643 2730 videtur.
674 2678 727 2729 Cir.
764 2678 877 2731 δίκαιον
902 2679 1053 2746 δυστυχεῖς
1075 2679 1228 2755 κεκλῄμεθ’
1245 2681 1291 2738 ἄν.

201 2754 327 2804 Priscian.
347 2753 377 2814 9,
397 2754 429 2814 6,
448 2753 488 2804 34.
511 2781 537 2790 -
557 2753 665 2816 orando]
684 2765 729 2802 so-
799 2756 888 2807 94-98.
912 2758 984 2820 Quod
1000 2763 1023 2807 40
1039 2760 1101 2823 cet]
1119 2761 1191 2810 44000
1209 2765 1251 2812 004
1267 2763 1293 2812 40

201 2827 256 2878 ium
272 2839 395 2878 macrum
413 2829 441 2878 04
457 2826 616 2892 lapidosum.
633 2856 661 2864 -
679 2841 731 2877 040-
766 2829 919 2892 quotidiano
945 2845 1053 2894 quoque
1075 2845 1201 2884 sermone
1218 2834 1293 2885 solita

201 2904 244 2952 4440
255 2903 285 2953 dc
295 2904 375 2966 00040]
394 2902 432 2953 Ci.
446 2903 512 2967 Epp.
527 2904 551 2964 4,
564 2904 589 2963 4,
603 2903 643 2952 34.
663 2903 730 2952 4404-
766 2905 950 2956 obtestationis
962 2906 1083 2956 formula.
1094 2909 1200 2958 Terent.
1210 2908 1292 2959 Andr.

201 2977 272 3027 thiae
289 2977 324 3026 ad
341 2979 395 3028 Cic.
408 2990 458 3042 pro
476 2979 579 3029 Muren.
598 2977 622 3041 ἓ.
636 2979 678 3027 44.
699 3003 726 3014 ·-
767 2981 798 3040 4,
817 2981 846 3040 44,
865 2979 911 3029 tt:
931 2981 1162 3045 Quodtoopoper
1178 2983 1295 3034 (40044040

200 3051 324 3116 maiman]
352 3051 517 3116 «squalidum
539 3053 619 3115 atque
641 3053 730 3115 impu·
765 3053 830 3102 44000
847 3066 900 3104 oro.
919 3054 990 3117 virg.
1008 3057 1073 3106 Aen.
1093 3057 1123 3118 2,
1142 3058 1204 3112 itt:
1224 3059 1294 3121 (4000

201 3139 287 3176 rum.»
315 3125 356 3176 Sic
373 3127 481 3176 4004004
498 3126 590 3176 Timon
608 3125 729 3176 eiusdem
766 3131 845 3189 aper
856 3141 1076 3190 4000400--040,
1095 3131 1204 3192 6,363;
1224 3134 1293 3192 0000

202 3213 234 3250 00
251 3201 326 3251 Mena
344 3203 401 3252 tum
419 3201 582 3252 condicionis
599 3202 632 3251 t:
651 3214 731 3250 nwa-
767 3206 790 3252 40
810 3217 859 3265 per
875 3203 938 3254 00044
955 3205 1092 3255 iucundum
1110 3207 1193 3258 404000
1207 3209 1231 3254 04
1246 3219 1293 3256 00·

201 3269 252 3345 ρός
276 3269 343 3338 ὅλος
362 3277 411 3326 καὶ
428 3269 550 3342 αὐχμῶν
566 3277 616 3326 καὶ
634 3267 730 3327 450004-
767 3291 824 3340 ros,
849 3278 896 3328 Per
919 3279 1056 3342 0004404040
1081 3294 1144 3342 cro,
1165 3290 1214 3338 ,004
1238 3293 1293 3342 sper

201 3349 320 3419 φθερος.
351 3379 379 3387 -
405 3352 538 3416 intonsum]
565 3353 597 3402 Ei
621 3353 730 3417 propter
765 3353 890 3416 0040044440
912 3353 969 3404 inii.
1005 3353 1048 3405 Sil.
1074 3353 1129 3406 4404.
1156 3350 1200 3414 43,
1224 3351 1289 3404 463ι

201 3425 338 3474 avaritiam
356 3427 383 3474 et
399 3429 509 3491 propter
530 3426 649 3476 taedium
667 3425 728 3476 inie-
767 3428 839 3489 Quod
855 3433 878 3478 40
892 3443 939 3492 per
955 3431 1034 3480 nostri
1048 3426 1137 3481 Martis
1147 3440 1240 3490 precor
1250 3442 1292 3479 00·

201 3497 341 3550 licissimae
354 3499 529 3563 agriculturae
542 3513 650 3552 omnem
659 3501 728 3550 vitae
765 3501 836 3552 mola
851 3504 923 3567 [0040
939 3507 991 3554 004.
1019 3505 1064 3556 Est
1078 3500 1216 3553 relativum
1234 3503 1291 3553 inii·

201 3571 302 3623 cultum
319 3573 486 3638 neglexerat,
508 3575 585 3639 longe
603 3589 674 3626 nunc
692 3575 729 3625 di·
766 3577 865 3640 mium,
886 3575 993 3640 «tion,
1010 3577 1227 3648 propterquod.»
1246 3579 1291 3629 tii-

201 3660 296 3698 varsus
314 3648 423 3712 abillo,
450 3651 495 3714 qui
522 3651 607 3702 iuerat
623 3652 730 3700 40000440
765 3665 816 3703 nus
844 3657 918 3704 40040
948 3654 990 3706 alii
1015 3650 1195 3700 inversionem
1229 3665 1289 3703 0000

200 3723 228 3772 in
243 3721 342 3773 004440.
374 3725 500 3776 Ceterum
517 3723 609 3776 similis
627 3726 729 3776 estxe·
765 3726 873 3777 dicunt:
897 3731 966 3780 04404
980 3737 1020 3774 me
1035 3726 1111 3774 40000
1125 3727 1219 3786 priori,
1245 3725 1287 3790 (id)

193 3798 344 3865 ¹nophontis
361 3799 395 3851 (40
409 3799 538 3852 4440444040
550 3801 665 3851 narratio
678 3801 729 3864 Cy·
765 3803 831 3863 0000
841 3804 991 3854 4004404040.
1001 3823 1028 3835 -
1035 3799 1287 3864 porcanthCont:

199 3885 258 3935 rop.
278 3873 305 3934 8,
325 3873 355 3934 3,
374 3874 405 3924 35
423 3887 484 3940 sqq.
508 3901 535 3910 —
559 3876 647 3926 440404
664 3875 727 3940 cet]
764 3877 874 3940 Epp.2‚
893 3879 921 3937 4,
940 3872 1224 3938 iiia-decimoque]
1236 3876 1289 3926 Per

199 3947 265 4011 Epp.
286 3949 315 4008 4,
334 3948 378 4010 46,
397 3949 445 3998 4οε
472 3951 525 4000 rinc
542 3955 634 4014 000004
650 3951 729 4000 dumos
764 3951 886 4002 dextram
911 3950 1002 3998 autem
1032 3947 1101 4012 (444404
1128 3943 1287 4013 σύμβολον)

199 4024 311 4082 oratque.
331 4025 432 4087 «Prope
450 4025 528 4075 nimis
540 4022 687 4075 laboriosus
700 4025 728 4074 04
763 4025 888 4089 frequens
899 4021 1051 4072 obtestatio.
1071 4023 1124 4072 Cic.
1140 4036 1190 4088 pro
1201 4024 1286 4074 Deiot.

199 4098 724 4162 040040004004404004.44(4.5,8,34.
763 4100 793 4160 3,
812 4101 844 4148 8.·
868 4097 916 4145 Per
940 4097 1070 4146 4400404000
1094 4102 1118 4148 40
1139 4097 1215 4148 istim
1231 4113 1285 4158 040,

200 4169 255 4219 Cic.
282 4181 332 4234 pro
358 4173 383 4221 S.
408 4174 503 4223 Roscio
524 4175 583 4224 nm.
609 4175 655 4234 45,
675 4173 723 4224 ii:
762 4183 837 4238 quam
860 4171 915 4232 4444
940 4171 1061 4220 98404440
1089 4171 1176 4234 4044444
1198 4173 1287 4238 4044ῑᾶ

198 4243 260 4293 44000
276 4247 646 4311 cenomannicam),
665 4245 725 4313 yit-
756 4245 903 4308 0044004044.
920 4270 947 4281 -
966 4245 1070 4308 deosque
1081 4247 1192 4312 Pmath
1209 4249 1284 4299 Coni.

199 4331 316 4389 cupae.»
334 4320 529 4382 sut.a,u‚ta:
547 4321 626 4384 Asper
642 4327 665 4372 04
681 4327 724 4372 04-
760 4320 813 4370 Sat.
832 4319 863 4380 4,
882 4318 909 4380 3,
930 4318 986 4368 446.
1012 4345 1040 4358 -
1064 4321 1183 4372 00000404
1205 4327 1228 4372 04
1244 4321 1285 4370 04-

286 4411 449 4458 Romanor..
466 4413 493 4460 44.
523 4424 562 4458 sn.
579 4423 630 4458 400.
648 4414 684 4460 444.
1070 4412 1098 4460 34)
