3192 4974
623 405 684 455 mn.
703 406 723 455 1.
758 406 857 458 nrtsr.
875 409 906 458 11.
1250 407 1312 476 tot

266 563 422 650 lmperat;
444 559 530 628 bunc
551 560 665 640 irenis,
688 560 774 628 bunc
796 572 830 628 tu
852 583 1024 650 compesce
1047 575 1168 632 catena.

265 683 370 772 Fingit
391 704 513 772 equum
535 693 647 750 tenera
669 683 808 752 docilem
830 685 958 753 cervice
980 687 1134 774 magister

265 807 316 872 lre
338 805 439 883 uam,
463 826 529 894 qua
550 815 708 873 monstret
728 826 847 894 equos;
870 807 1053 886 venaticus,
1077 829 1118 875 ex
1136 831 1203 897 quo
1268 811 1310 876 65

262 929 420 1015 Tempore
442 926 605 994 corvinam
627 925 747 1015 pellem
767 926 893 994 latravit
914 929 945 993 in
968 927 1057 1006 nula,

264 1047 374 1116 Militat
396 1048 429 1114 in
451 1049 540 1116 silvis
563 1048 698 1116 catulus.
744 1052 835 1116 Nunc
857 1049 975 1118 adbibe
997 1072 1080 1139 puro

252 1223 299 1282 tt,
324 1234 375 1284 qva
398 1224 522 1270 widrat
540 1219 575 1283 C,
597 1221 649 1282 ire,
670 1221 740 1270 viam
764 1233 817 1282 qua
840 1227 958 1272 monstret
980 1221 1114 1274 Benlloius
1135 1222 1197 1288 (qua
1214 1237 1277 1276 cum

253 1295 351 1347 Codice
368 1295 506 1358 Patrensi),
524 1295 547 1345 J.
567 1321 594 1332 -
613 1295 654 1346 66.
672 1295 795 1346 lacaavit
812 1295 897 1347 codd.
916 1293 1016 1362 aliquot
1038 1298 1115 1348 Feae.
1146 1299 1186 1363 (tt
1210 1311 1274 1362 nos,

255 1369 341 1420 nostri
358 1371 386 1420 et
402 1369 519 1421 Pottierii
536 1369 653 1433 omnes.)
664 1398 701 1412 .-
720 1370 763 1426 67.
780 1371 868 1422 adbibe
883 1371 911 1422 b.

218 1509 265 1574 na]
284 1511 313 1560 ut
333 1522 430 1560 canem
447 1509 506 1573 (aut
522 1521 667 1572 servum‚·
686 1523 745 1560 ma·
783 1510 880 1562 eadem
905 1513 1117 1574 mancatione,
1145 1522 1197 1576 qna
1222 1513 1306 1578 Epod.

217 1583 273 1634 volt
300 1584 433 1642 Diintzer;
463 1583 509 1648 qni
537 1585 626 1634 minus
654 1585 744 1634 tamen
782 1587 810 1648 5,
829 1587 874 1636 tt:
893 1587 1036 1638 maiorm
1052 1588 1145 1638 baad
1159 1587 1309 1639 Suburam

218 1660 349 1709 concinne
361 1669 424 1708 cum
442 1670 512 1722 equo
524 1657 698 1722 iungeretur).
713 1685 742 1697 ·-
781 1673 863 1711 caver.
891 1662 972 1712 Pauci
984 1663 1052 1713 Feae
1065 1661 1150 1713 codd.
1164 1675 1308 1726 perperam

216 1733 301 1798 Fiaqit
317 1731 418 1796 eqaran]
435 1733 552 1784 «Verum
570 1734 592 1783 si
613 1733 744 1798 cupidita·
781 1735 916 1797 laceravit,
930 1735 1031 1798 nullus,
1045 1735 1117 1801 quod
1130 1737 1229 1796 sciam,
1243 1737 1307 1786 alla

217 1811 259 1860 tes
270 1806 489 1872 voluptatemque
501 1808 678 1872 temperantia
690 1807 745 1860 ire·
781 1810 866 1859 travit.
876 1835 905 1846 -
916 1809 986 1875 aaa]
999 1811 1137 1862 honestius
1146 1809 1308 1862 vocabulum

218 1895 282 1932 nare
301 1881 347 1932 tibi
369 1883 537 1948 propositum
559 1885 612 1945 est,
636 1882 692 1944 iac,
715 1885 745 1933 ut
782 1885 914 1934 Graecum
930 1894 986 1950 pro*
998 1887 1089 1936 Latina
1106 1885 1205 1948 chorte,
1224 1891 1306 1948 corte,

217 1959 334 2018 mature,
353 1957 436 2006 immo
446 1957 549 2018 statim,
563 1956 628 2008 dum
640 1957 743 2009 iuvenis
780 1956 839 2008 loco
849 1961 955 2024 saepta,
969 1959 995 2009 in
1008 1972 1062 2023 quo
1074 1959 1190 2011 cuiusvis
1202 1961 1308 2024 generis

218 2043 260 2092 es,
280 2031 349 2081 banc
357 2026 502 2102 κάθαρσιν
513 2031 637 2096 incipias,
651 2043 744 2095 quem·
781 2033 904 2084 animalia
921 2033 1073 2096 alebantur,
1093 2047 1175 2086 canes
1192 2036 1306 2086 venatici

217 2101 742 2172 admodummaqisterffiarrodapalorqg,
781 2109 861 2159 etiam
870 2109 1072 2160 exercebantur.
1091 2109 1194 2161 Gratius
1204 2109 1305 2174 Cyneg.

217 2179 339 2244 domitor)
358 2193 459 2245 equum
475 2182 569 2246 primis
586 2181 640 2232 iam
656 2183 741 2244 annis,
781 2184 844 2236 tot:
864 2184 913 2234 Sed
925 2197 1048 2248 praecepa
1064 2185 1146 2236 virtut
1161 2185 1308 2248 pruvera-

217 2256 282 2307 dnm
299 2256 456 2319 docilitati,
473 2258 663 2322 flavitirelaad
675 2271 744 2310 eun·
779 2258 847 2308 bitur
862 2259 932 2309 aida.
954 2286 981 2294 —
1000 2259 1104 2325 tidini]
1124 2258 1210 2310 «lenas
1221 2261 1308 2310 secta·

217 2331 316 2396 duma),
343 2331 439 2382 edocet
459 2332 562 2396 ingredi
582 2335 669 2384 viamv
689 2337 740 2386 cet.
779 2335 852 2394 turp
870 2334 1003 2398 frequenti
1021 2335 1220 2398 comparatione
1237 2335 1307 2384 inter

216 2407 322 2471 Fiapere
338 2407 365 2458 b.
384 2405 402 2457 l.
417 2406 558 2470 «lormare,
577 2409 741 2460 instituere.»
779 2410 950 2460 venationem
974 2409 1002 2458 et
1026 2407 1155 2458 militiam.
1197 2407 1250 2459 Cir.
1271 2407 1306 2459 ad

214 2481 256 2532 Ad
272 2494 332 2532 rem
350 2481 383 2532 cl.
405 2481 476 2546 virg.
500 2485 594 2548 Georg.
616 2483 647 2544 3,
674 2483 738 2534 49οε
779 2483 833 2534 Sat.
846 2485 874 2545 t,
893 2485 922 2546 3,
942 2483 993 2546 ⁴0..
1012 2481 1058 2533 ubi
1076 2483 1307 2535 venationemvo-

214 2558 246 2606 At
268 2555 347 2605 tribvs
368 2557 466 2606 exacue
487 2556 529 2606 abi
553 2563 647 2618 quarta
669 2571 742 2609 acce
780 2560 823 2608 cat
839 2561 979 2608 lioamaam
997 2559 1123 2608 mainan.
1150 2558 1225 2609 Ouid.
1242 2559 1303 2610 blei.

210 2632 280 2694 perit
294 2636 388 2693 astar,
408 2632 517 2694 Carpere
528 2646 589 2683 mcc
600 2647 693 2696 pamm
704 2635 743 2684 ia·
779 2633 1222 2695 i‚tit.devenat1ice:ttiteserat
1232 2633 1307 2684 Pbce·

215 2707 292 2768 cipiat
317 2705 429 2770 (equus)
456 2707 624 2770 proditurque
651 2722 743 2758 sonan
779 2707 826 2759 bes.
848 2733 875 2744 -
899 2709 1051 2759 Admodum
1076 2707 1168 2758 similis
1193 2721 1306 2772 compa-

216 2781 361 2844 Conposita
371 2781 422 2830 cet.
439 2781 599 2845 Exquisitior
610 2781 688 2833 lectio
701 2785 742 2833 est
778 2783 846 2834 ratio
869 2795 1001 2847 equorum
1025 2785 1052 2833 et
1077 2795 1175 2833 canum
1199 2785 1305 2834 mature

214 2869 280 2918 qaa;
299 2869 362 2906 nam
379 2853 479 2906 librarii
497 2854 599 2907 lncssins
616 2870 649 2907 eo
666 2856 742 2907 indu·
778 2858 813 2908 ad
838 2871 918 2908 suum
943 2869 1010 2921 opus
1036 2855 1238 2907 lormandornm
1264 2860 1306 2908 est

215 2931 359 2992 cebantnr,
381 2933 411 2982 ut
433 2931 485 2982 boc
502 2944 528 2982 v.
549 2931 740 2982 accommoda·
779 2932 850 2998 apud
874 2932 995 2997 Xenopb.
1016 2933 1096 2982 biem.
1115 2931 1144 2993 l,
1168 2932 1197 2993 l,
1222 2931 1247 2982 3.
1274 2959 1302 2968 -

214 3009 275 3057 rent
291 3005 325 3057 ad
342 3007 524 3070 praecedens,
544 3019 625 3071 quam
637 3010 739 3058 contra.
778 3011 851 3058 Nunc
862 3035 877 3045 -
888 3034 902 3044 -
912 3007 987 3072 vanc]
1000 3007 1068 3057 Cum
1080 3007 1105 3056 vi
1117 3007 1247 3070 repetitur
1258 3007 1304 3058 ad-

215 3083 268 3133 Liv.
281 3081 328 3142 32,
342 3082 385 3131 ll:
404 3083 498 3132 Pedites
510 3081 610 3146 (iubet),
624 3085 741 3144 qaadtav
778 3082 901 3134 verbium
928 3093 1057 3146 praesens
1085 3083 1192 3145 tempus
1217 3081 1303 3132 deno-

214 3157 459 3218 moastraretviam,
478 3158 523 3207 ire.
553 3158 666 3222 Propter
677 3171 740 3209 cae·
756 3185 760 3208 t
778 3161 850 3208 tens:
870 3156 951 3217 «Noli,
970 3167 1081 3220 quaeso,
1100 3155 1152 3205 boc
1167 3156 1302 3220 inceptum

215 3245 307 3283 suram
325 3233 415 3282 nutem
433 3233 512 3295 iungo
529 3231 570 3282 Ire
585 3233 668 3295 amm,
689 3247 741 3296 qva
779 3233 899 3283 differre:
914 3232 978 3296 fugit
985 3229 1158 3294 irreparabile
1169 3233 1301 3294 tempus.»

214 3307 432 3371 monstretpotins
444 3307 591 3370 qnnmtrv,
608 3308 678 3358 vivia
689 3321 741 3371 qua
779 3335 807 3345 -
834 3307 922 3357 adhibe
946 3305 1009 3370 cet]
1034 3305 1121 3356 «dum
1146 3305 1303 3358 adolescens

213 3386 340 3432 mansori.
369 3381 440 3444 virg.
454 3381 562 3442 tenti,
582 3382 644 3433 tar:
670 3385 741 3446 Itque
778 3395 819 3445 es,
849 3382 917 3433 liber
942 3381 1031 3432 adbuc
1055 3393 1071 3431 a
1095 3380 1179 3442 vitiis,
1209 3379 1302 3430 libenti

213 3455 326 3518 reditqroe
340 3455 418 3505 viarn.
449 3456 567 3520 Propert.
590 3459 620 3518 ll,
646 3458 674 3519 l,
692 3457 737 3509 36:
778 3459 869 3509 animo
880 3457 1025 3523 sapientiae
1036 3457 1182 3521 praecepta
1194 3451 1302 3506 anscul-

214 3531 281 3593 Hac‚
299 3531 342 3580 abi
359 3531 466 3580 Fidenas
477 3531 548 3596 inape
559 3538 616 3583 erra
625 3535 664 3582 ire
673 3534 737 3584 vias.
778 3539 830 3586 ta.»
847 3537 937 3598 imago
946 3532 1081 3597 irequens,
1092 3533 1172 3582 etiam
1184 3533 1210 3582 in
1221 3543 1301 3596 prosa

245 3605 335 3657 tt-ts
361 3607 489 3656 venaticus
500 3633 514 3644 -
525 3633 539 3644 -
549 3608 657 3674 catara]
670 3623 739 3674 «quo
777 3611 911 3670 oratione,
931 3620 1012 3673 quam
1024 3605 1155 3669 nonnulli,
1173 3609 1203 3656 ut
1214 3605 1301 3656 Obba-

213 3680 356 3746 aliquando
377 3680 412 3731 ad
434 3683 562 3732 venatum
578 3685 617 3733 uti
639 3685 739 3735 consti·
776 3685 845 3746 rius,
864 3697 879 3733 a
896 3682 955 3733 iana
969 3681 1094 3746 tingenda
1106 3682 1240 3744 repetunt.
1260 3680 1298 3730 Cl.

214 3758 262 3807 tuit
284 3757 434 3807 dominus.»
467 3755 623 3810 Subiectum
646 3761 738 3809 contra
775 3762 866 3810 brnen
884 3759 938 3808 Cic.
952 3757 987 3808 de
1004 3757 1077 3807 Finn.
1091 3757 1119 3817 3,
1138 3756 1167 3814 i,
1186 3755 1216 3805 9:
1235 3758 1301 3804 cota-

214 3845 292 3883 usum
319 3831 469 3896 linguarum
493 3835 675 3884 recentiorum
703 3833 738 3884 ad
775 3835 942 3884 bibveartes.
972 3831 1301 3894 0d.2,t³‚3t:1¹apnai

212 3909 346 3972 posterius
363 3901 457 3956 κῶλον
476 3905 598 3958 relatum.
629 3907 668 3959 Cl.
687 3909 735 3960 Od.
774 3914 799 3959 et
814 3913 917 3960 enacim
933 3912 1054 3970 tyrannos
1065 3907 1176 3956 tietmar
1191 3905 1311 3956 mmai*

213 3981 242 4042 3,
259 3981 306 4044 ti,
325 3981 366 4031 34.
391 4007 420 4018 -
445 3983 574 4033 cervinam
593 3983 690 4047 pedem]
708 3985 738 4034 ln
775 3983 834 4033 bibit
851 3995 914 4032 aare
930 3977 1026 4047 vulpam
1055 3982 1119 4031 Stet.
1138 3978 1199 4030 silv.
1218 3982 1247 4042 b,
1265 3981 1296 4041 3,

212 4054 310 4120 pellem
327 4057 455 4107 stramine
472 4055 514 4108 vel
532 4069 627 4109 musco
648 4057 738 4122 reple·
775 4059 820 4108 tt:
840 4057 975 4108 bibetalia
988 4057 1077 4120 prora
1089 4055 1204 4106 avuta.
1234 4057 1296 4108 San.

146 4191 161 4202 -
212 4131 267 4180 tam
285 4133 312 4180 et
328 4129 363 4180 ad
379 4131 432 4181 vivi
449 4131 521 4182 cervi
536 4131 737 4184 similitudinem
775 4133 857 4198 Epist.
871 4133 912 4194 36,
926 4132 956 4184 i:
971 4131 1101 4195 perbibere
1117 4131 1232 4182 liberalia
1247 4137 1299 4182 stit-

211 4203 379 4269 aliquatenus
401 4205 523 4256 relictam
544 4207 598 4258 iam
620 4205 736 4257 catulla
775 4209 826 4258 dia.
856 4208 937 4258 Tacit.
957 4204 1023 4258 Dinl.
1041 4207 1088 4258 28:
1115 4207 1142 4257 id
1162 4205 1297 4269 (studium)

212 4281 344 4345 magistris
365 4281 551 4333 incitabantur.
573 4309 600 4318 -
624 4282 737 4346 latravit]
753 4249 757 4311 Ι
774 4284 917 4334 autumn
939 4283 1061 4334 mutiret.
1097 4281 1145 4333 Vix
1167 4295 1235 4346 opus
1258 4285 1299 4334 est
