3192 4974
292 384 355 450 lae
658 387 787 438 uonnrn
805 385 1025 440 nrrsromnuu

335 545 401 610 Nec
423 563 571 609 somnum
594 541 698 629 plebis
719 541 818 611 laudo
841 553 931 610 satur
953 542 1100 620 altilium,
1128 564 1188 610 nec

336 665 411 732 Otia
432 664 550 730 divitiis
572 664 713 731 Arabum
733 663 899 732 liberrima
920 675 1018 732 muto.

338 787 443 874 Saepe
466 784 688 853 verecundum
710 785 863 866 laudasti,
888 797 1190 876 reanepaterque

335 906 459 974 Audisti
483 929 609 986 coram,
634 930 694 976 nec
716 909 818 976 verbo
840 911 969 997 parcius
991 909 1124 977 absens:

334 1030 478 1117 Inspice,
503 1031 530 1096 si
552 1051 687 1119 possum
710 1030 829 1098 donata
851 1051 1012 1119 reponere
1033 1030 1146 1098 laetus.

335 1145 429 1218 Haud
452 1151 535 1218 male
559 1150 783 1229 Telemachus,
807 1150 916 1240 proles
938 1151 1088 1240 patientis
1109 1152 1227 1222 Ulixei:
1338 1155 1381 1220 lo

245 1345 248 1351 '
324 1340 365 1392 lo.
380 1341 448 1391 Haut
462 1340 526 1392 bSd.
543 1368 569 1377 -
582 1342 702 1404 sapientis
714 1340 798 1392 Codd.
809 1339 882 1405 aliq„
900 1344 932 1391 ni
945 1340 1053 1393 volebat
1065 1340 1208 1394 Markland.
1224 1369 1251 1378 -
1268 1342 1349 1394 Ulixei

289 1499 749 1562 tionootinimioiscornpollobelor.
774 1501 817 1552 Sic
854 1501 918 1552 Con
942 1500 966 1550 li
990 1502 1062 1551 snei
1088 1501 1179 1563 doni,
1207 1515 1270 1552 non
1297 1503 1339 1552 mi
1366 1502 1381 1552 ἑ

289 1575 487 1638 compellationes
507 1573 623 1626 leniores
644 1577 706 1626 sunl
725 1574 817 1625 obiur-
854 1574 966 1626 acerbo
983 1577 1018 1625 ecl
1034 1588 1109 1625 acro
1125 1577 1283 1638 Rendsrli,
1301 1591 1315 1626 e
1331 1582 1382 1626 lor

290 1651 409 1713 galiones
427 1651 549 1700 Ciceroni
567 1650 602 1700 ad
619 1651 691 1700 Fam.
706 1652 751 1712 ti,
769 1652 815 1712 25,
854 1650 885 1700 lo
909 1649 1023 1700 liberto
1043 1649 1104 1700 mio
1121 1651 1231 1712 primo.
1268 1652 1381 1704 Omnino

288 1726 314 1776 4.
344 1723 401 1775 Noli
426 1728 515 1776 antem
538 1724 650 1775 eredere
676 1724 816 1792 Groebelie
854 1724 933 1774 nimis
949 1722 1023 1774 obliti
1039 1727 1101 1775 sunt
1123 1726 1282 1790 interpretes
1299 1739 1381 1790 prae·

289 1797 400 1863 aliisque
419 1798 624 1864 interpretibus,
643 1800 782 1850 lloratinm
801 1813 816 1849 a
846 1795 895 1850 'ter
911 1797 1062 1850 lacohsium
1080 1797 1200 1863 plerique
1218 1797 1302 1850 multo
1313 1798 1379 1850 libe-

289 1875 443 1926 llaecenaie
461 1873 613 1927 huiusmodi
631 1873 818 1936 compellatione
853 1874 952 1924 riorem
981 1873 1062 1924 luisse
1091 1872 1163 1938 apud
1190 1872 1258 1924 illins
1285 1876 1380 1926 aeteus

288 1951 346 2002 aive
363 1947 547 2012 obiurgatione
565 1961 685 2012 unquam
702 1949 817 2012 castiga·
853 1950 987 1998 Romanos
1009 1949 1089 2011 atque
1112 1947 1191 1999 ltalos
1213 1950 1272 1998 Sec.
1291 1949 1378 1999 xlv-

289 2027 347 2074 lum
365 2035 438 2083 esse,
458 2023 584 2085 quocirca
596 2023 675 2074 huius
688 2021 816 2089 epistolae
853 2023 917 2072 livi.
936 2021 1063 2086 loquendi
1081 2024 1241 2074 etiamnum
1263 2024 1381 2087 potenti-

289 2096 448 2150 scribendae
475 2096 616 2147 eonsilium
644 2099 754 2162 ceperit.
786 2125 813 2133 —
853 2094 904 2146 hus
929 2097 1022 2148 amicis
1048 2097 1272 2148 consuetudinem
1298 2111 1381 2162 qnam

289 2169 536 2235 resipno1llide0d.
550 2171 579 2232 3,
593 2171 638 2232 29,
652 2172 692 2222 tlt.
708 2172 814 2221 somnia
853 2171 972 2221 nostram
993 2170 1119 2222 servilem
1141 2185 1173 2221 ac
1197 2171 1298 2223 lalsam.
1329 2173 1381 2236 (Sic

290 2244 401 2296 reddo.»
431 2245 487 2294 Hoc
504 2245 582 2308 igitur
599 2245 676 2295 dicit:
700 2245 815 2304 «Quodsi
853 2243 909 2293 iere
921 2247 1043 2295 senserat
1060 2245 1113 2295 iam
1125 2246 1293 2297 schirachius
1305 2245 1379 2308 clav,

289 2333 319 2368 re
331 2331 396 2368 vera
408 2319 434 2368 in
446 2331 490 2368 me
502 2331 610 2382 quoque
622 2319 737 2382 quadrat
747 2320 816 2370 ima-
854 2319 943 2368 llorat.
955 2331 982 2382 p.
993 2319 1061 2382 345.)
1088 2318 1142 2370 Tali
1154 2321 1244 2370 autem
1257 2318 1380 2371 libertate

290 2407 323 2456 go
347 2392 502 2457 volpeculae
526 2393 594 2445 illins
617 2394 710 2444 avidae
734 2396 815 2457 atque
854 2393 889 2456 (iu
914 2406 967 2457 qua
987 2393 1108 2458 protento
1130 2391 1192 2444 nihil
1214 2395 1286 2445 inest
1306 2395 1381 2446 inur-

290 2465 467 2530 ineonsulloe,
496 2481 584 2532 neque
610 2467 685 2519 aliter
705 2467 815 2520 liberta-
852 2465 916 2516 bani
933 2470 980 2517 ant
995 2468 1074 2518 nimis
1091 2466 1168 2518 calidi
1186 2472 1231 2519 aut
1251 2467 1380 2532 iracundi)

290 2545 345 2592 tem
363 2555 524 2606 recuperare
541 2555 652 2606 possum
669 2543 721 2595 nisi
732 2545 816 2594 omni·
854 2541 963 2591 minime
977 2541 1075 2592 ollandi
1092 2555 1174 2607 posse
1186 2545 1379 2606 Maecenatem,

289 2616 354 2679 bus,
374 2629 443 2680 qnae
455 2617 526 2667 dono
539 2620 645 2683 accepi,
664 2621 816 2669 oenuntian-
853 2619 960 2668 ceteros
977 2616 1106 2679 lectores,
1125 2619 1171 2684 qni
1189 2615 1381 2688 παραδοξοτέ-

289 2692 337 2755 do,
356 2693 408 2743 hoc
425 2691 494 2742 ultro
512 2691 619 2754 laciam;
639 2707 689 2744 nee
707 2695 758 2744 hoc
774 2694 815 2744 ni·
852 2709 909 2763 ρως
926 2693 1007 2742 etiam
1024 2691 1090 2742 tales
1104 2691 1181 2743 locos
1192 2707 1207 2742 a
1219 2695 1313 2745 Stoicis
1325 2697 1381 2746 tra-

290 2767 341 2818 mis
358 2767 463 2818 diilicile
482 2769 546 2819 mihi
569 2769 632 2828 erit;
660 2782 737 2819 nam»
762 2771 813 2820 cet.
853 2769 917 2818 clari
930 2780 1012 2832 saepe
1025 2768 1127 2830 experti
1139 2770 1228 2828 erant,
1247 2767 1325 2820 valde
1338 2770 1379 2821 his

292 2869 319 2878 -
345 2843 397 2892 Neo
420 2855 535 2892 somnttm
560 2843 622 2908 cet]
650 2846 736 2894 aliem
761 2858 814 2894 non
853 2841 1016 2894 delectatum
1033 2842 1065 2891 iri
1083 2843 1182 2906 optime
1195 2846 1273 2894 norat
1289 2847 1377 2908 polita.

290 2921 347 2966 tum
365 2916 489 2979 demum,
514 2929 576 2968 cum
593 2919 667 2968 satur
683 2933 744 2970 sum
766 2918 815 2982 gli·
855 2945 881 2954 —
900 2919 993 2968 divitiis
1008 2916 1130 2981 Arabum]
1149 2917 1196 2967 0d.
1219 2919 1247 2980 l,
1274 2919 1319 2980 29,
1348 2921 1376 2969 l:

290 2991 372 3053 rium,
392 2989 528 3055 leporum,
548 2993 704 3054 turdorum,
717 2995 815 3057 attage-
852 2991 1079 3042 nonu-Aratio»
1098 2992 1180 3054 posis.
1211 2991 1259 3042 Od.
1277 2991 1306 3054 3,
1329 2992 1376 3060 94,

289 3077 369 3126 num,
399 3067 465 3117 dicis
494 3081 575 3118 causa
603 3067 712 3120 laudare
741 3067 814 3120 soleo
853 3068 881 3115 l:
899 3067 1003 3118 Intactis
1018 3066 1158 3128 opetlentior
1170 3067 1300 3118 Thamaris
1309 3069 1378 3118 Aro—

219 3189 230 3204 ,
289 3138 438 3204 simplicem
460 3143 621 3192 rusticorum
645 3145 740 3206 vitam,
766 3143 815 3195 sed
852 3142 919 3192 bum.

289 3213 391 3265 deliciis
403 3215 579 3280 illisquotidie
590 3230 682 3268 carere
694 3231 813 3282 possum,
885 3216 974 3267 37-39.
1002 3218 1177 3283 ommino]
1196 3218 1250 3268 Cic.
1265 3217 1376 3284 Philipp.

289 3303 427 3352 nunquam
451 3303 497 3341 ens
519 3291 744 3344 desideraturus.»
773 3295 815 3344 sie
853 3292 897 3352 it,
916 3293 944 3352 5,
964 3293 1009 3342 ll:
1039 3292 1275 3344 Verecundioremns
1291 3307 1379 3344 corani

290 3365 362 3415 enim
379 3363 450 3415 malo
467 3363 600 3428 explicare
623 3370 732 3431 prepter
752 3381 815 3418 sen·
849 3369 968 3427 mmsis
984 3365 1010 3415 in
1023 3365 1175 3428 postulando
1190 3366 1266 3430 sore?
1285 3366 1332 3418 nd.
1346 3369 1376 3429 2,

289 3440 433 3490 tentiarum
444 3438 567 3490 ordinem
579 3453 661 3504 quam
672 3455 734 3492 cum
747 3441 813 3493 aliis:
853 3440 898 3500 48,
919 3441 960 3490 lt:
984 3453 1029 3491 nec
1041 3446 1168 3504 potentem
1184 3443 1294 3492 mnicom
1310 3443 1377 3493 Lor-

290 3514 353 3569 «llbi
376 3512 444 3564 cibis
465 3512 542 3565 lautis
564 3516 684 3578 turgidus
704 3520 815 3582 propter
849 3515 925 3579 piore
940 3515 1041 3578 Mallo,
1060 3517 1129 3566 Solii
1139 3516 1225 3566 heolin
1240 3517 1379 3570 wihbSo

289 3589 448 3642 cruditatem
466 3587 584 3639 dormire
605 3603 722 3653 nequeo,
748 3593 814 3656 vigi·
851 3588 922 3638 bino.
937 3615 965 3624 -
979 3589 1035 3653 rec]
1053 3592 1138 3653 Reges
1156 3603 1220 3642 suos
1237 3593 1377 3643 nominare

288 3665 330 3716 liis
347 3665 479 3714 exercitus
497 3661 587 3714 inlices
608 3665 733 3728 praedico
755 3665 814 3731 ple·
852 3660 1005 3713 humiliores
1018 3662 1141 3715 solebant
1155 3666 1258 3716 amieos
1274 3664 1377 3718 nobiles

289 3739 365 3790 belos
394 3736 535 3802 tranquille
563 3738 752 3790 dormientes.»
785 3769 811 3778 -
851 3751 884 3789 ae
906 3737 1061 3802 locupletes.
1093 3741 1160 3806 Epp.
1180 3743 1208 3805 4,
1227 3742 1332 3804 imit.
1351 3743 1379 3792 et

289 3813 404 3878 citiliano]
431 3813 537 3863 «avium
560 3813 657 3864 alendo
682 3815 814 3877 saginata·
851 3813 898 3865 lt:
925 3814 1018 3865 Coram
1039 3828 1098 3880 repe
1118 3829 1163 3866 eno
1180 3817 1209 3866 de
1227 3821 1379 3879 perpatulo

290 3901 376 3939 ruma
400 3888 499 3939 ¹Athen.
513 3889 543 3950 9,
557 3888 602 3938 34ε
622 3884 708 3952 χῆνες
719 3904 814 3941 corso·
851 3894 968 3940 monum.
997 3889 1107 3941 Μαι-4481.
1120 3891 1151 3952 2,
1165 3891 1208 3953 48,
1222 3891 1251 3940 8;
1271 3892 1320 3954 (lai
1331 3903 1380 3940 roco

288 3961 813 4030 wh-Olioniiberlimomutolbonge
850 3970 903 4025 est,
931 3977 1031 4029 repens,
1064 3966 1178 4016 Manilio
1202 3979 1253 4015 non
1277 3965 1377 4015 habeut

288 4037 413 4088 acerbius
425 4039 505 4088 eliam
514 4039 641 4090 Arcesius
652 4037 668 4088 l.
680 4037 696 4088 l.
708 4039 742 4090 de
754 4041 815 4105 llip-
852 4040 894 4090 Sic
920 4039 1012 4090 itidem
1034 4040 1069 4092 de
1092 4043 1206 4105 panom
1229 4037 1379 4107 ζηλοτὺτῳ

288 4110 393 4176 polyto,
412 4111 515 4163 lentore
538 4125 600 4164 suo:
629 4113 670 4163 Or·
691 4115 814 4165 conclu-
852 4115 957 4164 Lucian.
980 4115 1014 4165 de
1035 4127 1120 4166 merc.
1142 4114 1221 4166 cond.
1242 4113 1287 4164 29:
1318 4103 1380 4164 olen

288 4188 385 4236 dendo
402 4188 478 4248 dico,
496 4189 548 4238 ohe
564 4189 614 4238 se'l
628 4202 725 4252 sacro
743 4189 814 4239 Gor·
851 4189 900 4238 nni
918 4181 1070 4255 ὀφθαλμοὶ
1086 4187 1259 4252 βασιλέως
1276 4187 1379 4240 πολλοὶ

289 4261 398 4311 lineis
414 4267 572 4324 compralo
589 4263 705 4313 orermt
725 4264 815 4312 slimo
852 4261 910 4312 κτλ.
933 4289 958 4300 -
975 4265 1059 4329 poter]
1078 4266 1120 4317 Sic
1132 4265 1189 4317 siae
1202 4263 1305 4316 ridiculi
1317 4277 1379 4329 spe·
