3090 4974
591 437 652 488 ΑΒΕ
672 435 818 488 romei.
1193 431 1255 497 745

207 594 269 659 Aut
291 591 456 660 immunda
477 601 612 681 crepent
632 592 912 681 ignominiosaque
933 593 1034 674 diota;

209 713 426 781 Offenduntur
447 715 548 793 enim,
572 713 692 802 quibus
714 725 765 782 est
785 734 892 801 equus
913 724 947 782 et
967 725 1060 802 pater
1081 723 1113 782 et
1134 735 1204 793 res,

207 835 288 912 Nec,
312 836 339 902 si
362 836 442 924 quid
464 835 545 904 lricti
566 835 682 904 ciceris
703 835 820 923 probat
840 845 874 902 et
893 835 986 903 nucis
1008 845 1149 925 emptor,

208 956 329 1045 Aequis
351 957 513 1046 accipiunt
533 956 647 1024 animis
669 956 830 1024 donantve
853 977 983 1026 corona.
1191 957 1254 1027 250

211 1077 344 1168 Syllaba
364 1077 461 1166 longa
481 1076 573 1146 brevi
596 1077 743 1146 subiecta
762 1087 897 1146 vocatur
917 1079 1058 1156 iambus,

231 1285 288 1337 ait.
307 1285 430 1336 morando
446 1283 495 1335 id.
510 1312 538 1322 -
551 1283 626 1350 dicto]
642 1283 721 1337 oola
737 1285 853 1350 Excepta
872 1285 1046 1350 Frislngensia
1064 1287 1092 1338 et
1108 1285 1155 1338 Ed.
1168 1288 1223 1340 ble-

199 1359 261 1411 diol.
281 1359 354 1411 tito.
378 1387 406 1396 -
427 1359 485 1411 249.
506 1359 583 1422 [recti
600 1360 654 1422 BT,
682 1359 747 1412 item
764 1373 832 1410 corr.
851 1358 913 1410 bod.
939 1386 966 1396 -
990 1359 1048 1410 25⁰.
1067 1361 1161 1412 donem
1179 1375 1224 1412 co·

198 1449 265 1486 roeo
282 1436 311 1496 Β,
330 1435 472 1494 emique
487 1447 583 1484 coronio
599 1447 641 1498 cp.
656 1461 683 1471 -
697 1435 755 1486 sei.
773 1435 866 1500 bopo]
888 1436 1005 1499 canali,
1024 1449 1077 1487 non
1093 1450 1176 1498 noan,
1194 1439 1224 1488 ut

201 1506 354 1560 ilautbalius
371 1509 470 1559 narrat.
491 1534 518 1544 -
537 1507 668 1558 moisacto
683 1507 712 1559 Τ.

168 1688 218 1740 sibi
235 1689 361 1748 caveant,
380 1699 414 1737 ne
431 1686 478 1737 eut
489 1687 645 1748 iwenestor,
665 1685 691 1737 id
730 1684 839 1751 galatim
861 1701 1013 1740 memorare
1035 1688 1099 1740 nibli
1117 1687 1254 1741 attinebat.

167 1765 221 1823 est,
243 1765 320 1812 acuta
339 1764 367 1811 et
387 1761 481 1811 lestiva
498 1760 567 1812 dicta
585 1763 692 1812 secten—
731 1761 855 1827 -poterJ
868 1763 926 1814 sine
939 1765 1081 1828 patronati
1096 1763 1256 1816 dicebantur

168 1841 226 1898 tur,
242 1837 403 1902 praesertim
420 1836 447 1885 in
464 1833 603 1897 omnibus,
622 1847 692 1900 qnae
730 1837 800 1887 servi
812 1849 844 1887 ac
854 1835 956 1898 liberm
974 1837 1103 1901 significat
1114 1839 1192 1902 igitur
1203 1839 1257 1890 nin·

168 1913 260 1977 agunt,
278 1909 369 1961 verbis
385 1911 494 1960 utantur
510 1909 589 1960 nimis
605 1907 693 1960 molli·
730 1923 890 1974 gennesa·
902 1912 951 1977 res]
966 1913 1198 1976 «patrimonium»
1210 1911 1256 1964 ills

167 1987 219 2038 bas
235 1999 268 2036 ac
284 1984 418 2044 delicatts;
445 1986 491 2034 aut
507 1984 581 2035 rudis
597 1983 694 2049 plebe-
730 1984 816 2036 tribus
840 1987 931 2038 autem
951 1986 1039 2037 modis
1061 1985 1190 2051 significat
1206 1987 1257 2038 bo-

168 2060 243 2112 culse
267 2061 351 2112 instar
378 2060 552 2123 ignominiose
577 2059 603 2109 tn
628 2057 693 2110 alios
731 2059 818 2110 mines
834 2057 920 2110 cultos
937 2062 966 2110 et
981 2059 1085 2125 politos.
1101 2088 1128 2098 -
1143 2061 1258 2124 bistict-

168 2137 248 2198 atque
265 2147 363 2199 spurce
380 2132 535 2197 loquantum
554 2135 580 2184 ln
591 2133 694 2184 utrovis
730 2135 794 2185 eoo
810 2134 872 2199 oet]
894 2131 989 2200 δῆμος
1008 2131 1181 2207 κυαμοτρὼξ
1197 2135 1256 2186 Ari-

169 2209 241 2261 enlm
258 2222 345 2272 aeque
362 2206 479 2258 aberunt
494 2206 529 2258 ab
541 2209 638 2271 agresti
650 2206 694 2258 illa
731 2209 819 2274 steph.
832 2209 919 2273 Equit.
932 2208 986 2270 tl..
1003 2209 1111 2262 intimus
1124 2209 1255 2276 popellus,

168 2283 293 2348 quidem,
320 2283 370 2334 sed
395 2283 484 2332 nativa
509 2281 693 2347 simplicitate,
731 2283 777 2346 qui
803 2295 853 2346 per
876 2281 979 2348 plateas
1002 2281 1062 2334 tolia
1085 2285 1257 2348 amittisque

168 2371 238 2423 quae
262 2371 309 2408 eos
330 2357 408 2407 unice
426 2354 531 2407 decet.»
556 2356 618 2407 Aliis
634 2355 694 2421 pla·
732 2357 850 2420 quotidie
861 2359 988 2409 vescitur.
1007 2357 1046 2409 ci.
1057 2359 1109 2409 Set.
1121 2360 1144 2420 l,
1158 2359 1183 2421 6,
1197 2359 1254 2410 ite.

169 2432 240 2484 cebit
261 2430 312 2481 loci
331 2431 423 2496 utique
441 2429 593 2482 difficilioris
610 2431 694 2482 inter·
730 2432 813 2482 Nuces
829 2431 1043 2496 complectuntur
1059 2435 1140 2484 etiam
1157 2433 1258 2485 avella-

168 2507 282 2572 pretatio
299 2503 530 2556 allitscberlicbio
546 2506 692 2570 proposita,
732 2519 780 2558 nas
792 2507 820 2556 et
830 2509 980 2558 castaneas.
1002 2505 1085 2558 Plaut.
1098 2509 1179 2558 Poen.
1193 2510 1217 2569 t,
1229 2509 1255 2570 t,

168 2595 250 2646 qnam
279 2583 423 2645 propterea
452 2579 638 2632 exhibebimus
666 2580 694 2630 in
733 2581 794 2630 itit:
812 2581 881 2631 uita
896 2583 945 2631 oid
961 2581 1107 2645 mendae,
1125 2583 1258 2634 ⁸Serenitati

169 2657 286 2707 Eretum
297 2655 362 2705 Vlll.
381 2655 461 2706 Munlr
477 2653 511 2705 de
523 2653 598 2704 Atell.
614 2667 641 2718 p.
651 2654 692 2704 58.
728 2667 946 2717 pepwerenqoe,
958 2656 1070 2704 adiaco
1080 2657 1202 2720 etsrtctes
1212 2671 1259 2706 oo-
1277 2707 1278 2710 ,

168 2745 212 2781 vv.
224 2729 282 2781 sie.
296 2731 324 2780 et
338 2729 396 2780 ate.
415 2729 449 2779 ad
467 2731 577 2791 mimos,
596 2741 621 2778 v.
634 2727 692 2779 alt.
732 2726 1033 2790 cca.ltartial.l,t0l,
1053 2728 1178 2780 tdtdsse
1193 2731 1259 2780 cicer

169 2805 204 2857 ad
214 2803 348 2857 Atellanas
358 2802 450 2854 reteri.
471 2805 528 2854 Non
539 2801 649 2852 accedo.
665 2829 692 2839 -
732 2803 843 2865 teptdmn
854 2801 922 2864 (oleo
934 2801 1049 2864 lrtctum)
1064 2808 1160 2854 coam
1170 2809 1194 2854 et
1203 2816 1260 2854 asse

168 2879 323 2944 bomar]
341 2879 422 2930 Nobis
439 2891 510 2929 nunc
527 2867 607 2940 ἅπαξ
618 2871 696 2943 λιγύ·
731 2889 816 2926 omar.
852 2877 941 2926 Lectio
965 2877 1043 2940 tracti
1066 2877 1153 2927 deero
1176 2881 1258 2929 sensu

169 2968 260 3020 μενον
269 2953 413 3004 inimatum
421 2952 456 3004 ed
462 2954 626 3003 Graecorum
633 2963 697 3001 νεα·
733 2950 860 3002 desbtuta
872 2952 920 3001 est.
935 2977 964 2986 —
974 2951 1087 3013 Δοᾳιήε-
1096 2952 1197 3014 αοιῡηίε]
1208 2952 1259 3004 ili-

169 3023 600 3100 νιεύεσθαιεῑμειρακιεύεσθαι,
610 3039 696 3078 couno
733 3037 784 3076 nus
801 3026 883 3076 etiam
900 3025 1034 3090 accipiunt
1044 3027 1129 3077 merso
1139 3028 1260 3091 poodeatt

170 3105 282 3165 lascivo,
299 3115 369 3154 nunc
382 3103 460 3154 nimis
471 3105 564 3154 tenero
576 3101 657 3152 modo
669 3104 697 3152 et
733 3113 765 3151 ec
780 3099 878 3162 metti,
897 3112 980 3164 quem
991 3113 1072 3162 oeque
1084 3101 1260 3165 quodammo-

170 3191 233 3230 cum
259 3179 350 3228 nescio
377 3191 429 3241 qua
450 3176 548 3242 leporis
573 3176 696 3241 perpetui
734 3174 769 3225 do
786 3176 896 3239 opponit
912 3175 1006 3226 Cicero
1023 3175 1058 3226 ad
1074 3177 1125 3226 itti.
1139 3176 1168 3238 ἱ,
1186 3174 1214 3239 i,
1232 3178 1256 3228 2.

170 3253 337 3304 attentatione
360 3253 430 3302 inter
450 3264 480 3303 se
500 3250 646 3315 coloquio
667 3252 697 3301 ut

171 3329 305 3381 iaciebant
315 3329 452 3378 Ciceronis
465 3325 500 3378 illi
512 3325 643 3377 barbatuli
654 3327 697 3376 iu·-
765 3324 888 3376 ssi-aet.
912 3323 1016 3386 Sedabo
1032 3324 1095 3390 cet]
1112 3326 1182 3376 Loco
1200 3337 1260 3376 ma-

169 3417 267 3464 ranes,
294 3401 413 3462 Caelius,
440 3401 562 3462 Clodius,
585 3399 694 3462 similes,
733 3399 804 3450 xime
828 3401 890 3463 apto
907 3401 1051 3464 praecepte
1068 3399 1102 3450 de
1120 3400 1259 3450 versifica-

171 3491 234 3528 cum
251 3477 338 3528 iorum
356 3479 384 3528 et
400 3477 517 3541 porticus
528 3474 697 3540 perambula·
735 3473 805 3524 tione
824 3471 903 3524 tradit
919 3487 962 3524 vv.
975 3473 1097 3526 iel-aii.
1112 3473 1260 3537 etquidem

170 3551 245 3603 bant.
257 3579 285 3588 -
295 3552 435 3618 mado]
448 3551 697 3602 «obscoenaettur-
734 3547 769 3598 de
786 3547 876 3598 iambo
893 3547 1092 3610 tanmmmodo;
1111 3561 1174 3600 nam
1186 3549 1260 3600 cete-

170 3628 230 3693 pia‚
249 3627 333 3691 magb
351 3629 412 3692 apta
430 3627 519 3679 mimis
532 3639 613 3692 quarn
625 3627 698 3690 saty-
734 3635 779 3673 ros
801 3635 928 3674 numeros
949 3624 1064 3674 tractare
1086 3624 1112 3673 in
1133 3623 1185 3674 bac
1201 3623 1261 3688 epi-

171 3703 359 3754 ris.nbcro.-
370 3701 697 3766 pattoseeteqcroleequi-
734 3697 802 3748 stola
818 3697 941 3762 putidum
958 3697 1060 3748 brisset.
1086 3697 1186 3748 Verum
1198 3710 1260 3748 cum
1359 3693 1362 3700 ’

169 3777 216 3827 tes
231 3775 367 3828 Romani.»
396 3775 442 3826 llis
463 3789 504 3826 vv.
524 3775 697 3839 designantur
735 3771 769 3822 de
795 3770 898 3836 legibus
920 3771 1002 3822 iambi
1023 3785 1038 3821 a
1059 3773 1146 3836 poetis
1163 3773 1261 3824 Latinis

171 3852 281 3902 omnine
299 3850 387 3910 cives,
410 3851 456 3913 qul
473 3861 558 3900 censu
577 3850 697 3913 equestri
735 3845 909 3910 negligentius
921 3844 1049 3897 elaborati
1058 3848 1167 3897 aeturus
1177 3849 1259 3908 esset,

171 3927 249 3976 erant
264 3924 513 3976 minimumcccc.
527 3922 581 3974 mil.
595 3925 697 3974 aester·
734 3920 808 3971 vaire
834 3921 934 3985 incepit
957 3933 973 3970 a
994 3920 1087 3985 primis
1110 3919 1259 3984 elementis,

170 3997 253 4060 tidm3
266 4009 405 4061 equorum
417 3994 658 4062 igiturparentibus
669 3994 698 4046 li-
736 3997 873 4058 tnmquam
891 4007 982 4047 merus
1000 4008 1032 4045 ao
1044 3993 1157 4060 simplex
1174 4006 1261 4058 grem

171 4070 293 4123 beralem
302 4072 334 4122 iis
342 4071 535 4122 institutionem
544 4072 624 4135 etque
633 4069 698 4121 eda·
735 4069 857 4120 malicus.
877 4071 916 4120 De
928 4069 1080 4133 praeceptis
1091 4069 1156 4133 ipsis
1167 4068 1200 4120 cl.
1213 4069 1262 4120 'le-

171 4147 304 4197 oationem
321 4148 493 4210 procuratam
505 4158 566 4197 esse
577 4145 634 4196 iure
650 4157 697 4195 ex·
735 4143 886 4194 norbanum
901 4145 1022 4196 Maurum
1037 4144 1145 4194 Lacbm.
1158 4157 1185 4195 v.
1194 4145 1261 4196 2⁴82

172 4221 287 4286 spectari
299 4221 413 4285 poterat.
433 4248 460 4258 -
479 4220 555 4272 Viros
572 4221 697 4272 senatorii
735 4231 807 4283 sqq,
826 4218 938 4269 iterium
950 4217 1063 4269 Plotium
1074 4218 1152 4270 Gaisi.
1164 4233 1191 4284 p.
1200 4219 1259 4270 268.

172 4296 274 4350 ordinis
286 4307 339 4347 una
351 4293 551 4360 complectitur,
563 4307 633 4360 qnos
645 4295 698 4347 sin·
734 4291 893 4345 Diomedem
903 4291 937 4345 de
948 4291 1064 4358 pedibus
1073 4293 1151 4345 dalet.
1165 4306 1191 4359 p.
1201 4292 1258 4345 iae.
