3082 4968
286 451 343 516 iii
625 525 628 530 Ι
662 455 792 506 nonnrn
809 456 989 510 sannnnun

325 613 371 678 Ne
394 610 476 677 ieret
497 609 548 678 bis
571 609 676 690 testis,
700 621 775 699 post
797 633 912 700 magna
934 611 1034 680 latere
1057 613 1216 702 sepulcra.

326 733 462 800 Mentior
483 742 515 798 at
537 732 564 799 si
586 732 678 820 quid,
702 732 824 802 merdis
846 743 943 822 caput
965 734 1115 822 inquiner
1136 734 1218 802 albis

327 849 504 922 Corvorum
526 863 624 942 atque
646 855 678 920 in
700 875 752 922 me
775 854 883 922 veniat
904 855 1035 922 mictum
1057 865 1155 944 atque
1177 865 1323 924 cacatum

324 975 424 1042 iulius
446 987 479 1042 et
500 974 619 1063 fragilis
643 975 787 1044 Pediatia
809 975 925 1065 furque
948 977 1104 1044 Voranus.

325 1096 455 1184 Singula
471 1096 550 1184 quid
566 1098 769 1164 memorem?
790 1117 856 1185 quo
869 1108 964 1186 pacto
979 1097 1100 1166 alterna
1116 1099 1286 1188 loquentes
1330 1099 1373 1163 to

324 1217 465 1287 Umbrae
488 1239 563 1284 anm
585 1219 713 1305 Sagana
733 1231 925 1286 resonarent
947 1219 1037 1288 triste
1059 1229 1092 1288 et
1112 1231 1257 1300 acutum,

347 1445 387 1496 38.
404 1445 489 1496 caniat
504 1441 588 1508 bsdp‚
605 1459 641 1508 γκ
658 1457 737 1495 «cum
754 1443 811 1496 aliis
823 1447 973 1510 anatinam»
992 1450 1010 1507 t,
1029 1445 1124 1509 Beati,
1143 1447 1216 1498 aits:
1234 1448 1338 1498 6666666

314 1519 391 1579 a‚LC.
413 1545 441 1555 -
457 1519 578 1568 minctum
588 1523 663 1580 atque
679 1532 723 1583 ap,
740 1521 908 1581 miratumque
924 1519 950 1568 d.
973 1546 1000 1556 -
1018 1519 1060 1570 ii.
1079 1525 1226 1570 montmoret
1241 1519 1331 1588 bScdp

314 1596 343 1645 ei
359 1604 453 1644 omnes
469 1593 599 1654 Poitierii,
620 1594 719 1645 LCtFJ:
741 1595 883 1646 resonarint
900 1593 1034 1645 Bentleius
1051 1595 1119 1645 coni.
1138 1597 1165 1646 et
1182 1597 1215 1648 li.

281 1790 316 1842 ad
333 1790 431 1841 Charit.
449 1801 476 1854 p.
495 1789 554 1840 376.
584 1790 647 1840 Stat.
665 1753 756 1840 nobili.
775 1790 804 1850 i,
844 1791 871 1840 ia
891 1789 934 1840 dei
951 1788 1123 1842 simulacrum
1140 1790 1243 1842 admitti
1258 1793 1372 1856 poterat.

282 1865 339 1916 ait.
358 1863 585 1914 deichilliscum
596 1865 731 1916 Deidamia
745 1877 807 1914 con·
843 1866 940 1915 Notum
962 1863 1026 1914 iliud
1048 1865 1129 1916 Persii
1149 1867 1178 1926 i,
1204 1865 1269 1915 ⁴⁴3:
1296 1867 1372 1915 Pueri

282 1939 388 1990 cubita:
419 1945 518 1992 6666666
543 1938 682 1989 rubaeant
709 1951 807 1988 carnem
843 1951 915 1989 sacer
925 1939 1053 1989 66166661
1071 1939 1254 1998 actr·ameiite;
1274 1940 1367 1990 iuven.

281 2016 375 2064 Lanae.
405 2015 543 2064 Petronius
566 2014 596 2063 C.
616 2014 671 2063 426.
693 2026 718 2062 v.
742 2012 803 2062 tat:
845 2014 873 2072 i,
893 2013 957 2063 itt:
977 2013 1053 2064 6666
1069 2015 1104 2063 66
1119 2014 1225 2078 amabar
1240 2027 1292 2064 aon
1309 2019 1370 2064 tan-

280 2091 355 2139 Porte
370 2089 424 2138 alia
445 2088 533 2149 plenos
554 2088 677 2137 aestinait
701 2087 807 2147 Cpamia
844 2090 897 2135 tun
912 2087 1004 2136 meiere
1019 2086 1060 2150 sas
1077 2091 1119 2137 est.
1155 2086 1231 2137 idem
1248 2086 1320 2138 vaiet
1336 2089 1371 2139 de

280 2165 361 2214 nouas
376 2164 409 2213 iii
425 2162 506 2212 iucem
522 2161 608 2210 meteri
624 2161 751 2211 66666666.
771 2163 809 2211 Si·
845 2160 962 2212 tumulis.
991 2162 1050 2211 Vid.
1063 2161 1097 2212 ad
1114 2163 1169 2213 Ari.
1184 2163 1256 2212 Poei.
1269 2176 1295 2212 v.
1311 2161 1369 2213 itt.

281 2236 350 2287 milis
367 2238 456 2286 Lunae
470 2238 511 2286 est
527 2235 615 2298 pudor
633 2235 807 2286 moechantes
846 2262 874 2271 -
900 2237 979 2285 letias
1008 2237 1075 2302 cet]
1103 2237 1234 2301 «quidam
1259 2236 1371 2288 iniames

281 2309 453 2375 philosophos
470 2309 658 2373 conspicientis
671 2309 743 2372 apud
754 2311 807 2359 Lu·
844 2312 973 2374 temporis
990 2309 1066 2362 iliius.
1102 2309 1150 2362 Alii
1167 2311 1259 2362 dicunt
1278 2312 1372 2377 poetas

282 2386 349 2436 aian.
368 2387 478 2434 lcarom.
498 2385 539 2434 ii.
569 2382 809 2445 6166666666-
845 2384 926 2435 inisse
949 2387 1107 2450 pessimos.»
1135 2387 1214 2436 Acro.
1241 2413 1269 2423 -
1286 2387 1372 2451 irapi-

283 2545 347 2585 nam
365 2545 418 2582 non
428 2535 539 2596 propter
550 2531 683 2596 pudorem
695 2529 744 2580 666
757 2530 809 2581 ior·
844 2532 905 2584 bns.
921 2561 948 2570 -
961 2534 1083 2599 Pediatia]
1096 2537 1181 2587 Cous.
1195 2536 1286 2594 Caua:
1306 2537 1372 2586 nPe-

282 2607 381 2658 midine
402 2607 568 2670 serpentium
592 2608 620 2656 et
644 2604 807 2655 iniemarum
845 2609 952 2670 diadas,
972 2623 1056 2674 eques
1074 2613 1221 2671 Romanus,
1241 2613 1370 2675 patrimo-

282 2693 380 2732 canum
410 2694 439 2732 se
465 2679 640 2732 abscondisse
666 2679 808 2742 opinantur
845 2686 888 2735 nio
903 2687 1103 2749 consumpsisse
1122 2687 1267 2749 prostituit,
1286 2699 1371 2750 quare

282 2759 310 2806 ei
326 2756 378 2806 adi.
396 2755 525 2804 momina
542 2755 585 2804 hic
603 2767 711 2818 quoque
724 2753 758 2804 de
770 2752 809 2803 lu·
846 2760 968 2810 Horatius
986 2762 1088 2810 6666666
1112 2773 1210 2823 genere
1231 2761 1373 2810 Pediatiarn

282 2843 333 2882 nae
350 2827 493 2894 splendore
510 2829 627 2894 positum
644 2839 705 2878 esse
717 2826 805 2876 1606-
845 2835 991 2884 nominavit
1001 2839 1112 2898 propter
1123 2833 1287 2886 mollitiem.»
1314 2837 1372 2886 iioo

282 2907 312 2966 6,
332 2905 377 2964 it.
396 2905 445 2955 to:
472 2917 551 2966 aeque
566 2917 618 2953 tato
634 2904 707 2952 Luna
717 2901 808 2952 tabent
845 2922 910 2960 sane
937 2907 1064 2959 credibile
1091 2911 1139 2959 est.
1174 2910 1216 2960 Sic
1236 2909 1370 2974 aristoph.

281 2982 342 3031 aliti
361 2980 441 3030 V⁰li¹t
461 3005 487 3018 ··
506 2977 762 3042 maana-twa]
781 2977 806 3027 in
845 2982 933 3034 Nubb.
952 2983 1010 3033 678.
1039 2984 1184 3033 Sostratam
1207 2985 1234 3033 et
1254 2981 1372 3048 Cleony-
1480 3035 1485 3046 ,

282 3055 537 3120 quibushaeserunt
551 3057 727 3118 interpretes,
746 3055 808 3105 sunt
845 3069 918 3108 mem
946 3069 996 3120 pro
1021 3057 1093 3106 veris
1122 3055 1273 3108 nominibus
1297 3056 1370 3107 dicit.

281 3130 452 3196 polyandria,
482 3130 584 3190 iassae,
613 3131 639 3179 in
666 3142 733 3192 quas
758 3127 808 3178 aii·
846 3131 899 3182 Cir.
912 3131 1044 3182 Fritzsche
1057 3130 1370 3196 adi'hesmopir.v.iiil.

282 3205 409 3270 quamdiu
426 3204 468 3256 vei
480 3204 611 3256 cadavera
624 3205 680 3269 ipae
692 3203 734 3254 vei
747 3217 808 3254 cre-
845 3207 899 3256 Cic.
913 3206 1001 3255 deor.
1015 3206 1044 3266 2,
1062 3205 1105 3266 68,
1123 3207 1186 3256 att:
1207 3207 1237 3265 Q.
1250 3206 1372 3269 Opimius

282 3279 706 3338 matommossedeiiciebantur,
720 3279 808 3329 66666
844 3281 879 3331 66
895 3278 1018 3343 Egiiium:
1050 3281 1115 3341 Quid
1131 3285 1169 3340 tu,
1190 3281 1277 3344 Epiiia
1291 3279 1372 3330 mea?

282 3354 493 3420 complementum
512 3357 569 3404 tum
583 3352 701 3404 tumulus
713 3365 807 3417 sapen
844 3357 895 3405 cat.
915 3354 968 3404 Cir.
987 3354 1067 3403 lionis
1083 3352 1159 3404 nteit.
1177 3368 1203 3419 p.
1223 3353 1279 3404 tat.
1304 3355 1373 3404 Sani

281 3429 444 3480 struebatur.
844 3429 889 3492 qui
907 3439 1003 3491 param
1025 3427 1200 3492 probabiliter
1220 3429 1330 3490 iungant
1348 3433 1372 3477 et

314 3501 403 3553 37-39.
430 3502 538 3553 Mentior
554 3507 582 3550 at
599 3503 661 3563 cet]
683 3499 807 3551 Similiter
842 3503 943 3568 [rapitis
958 3502 1037 3552 iatius
1058 3501 1183 3564 Pedimia,
1210 3506 1240 3553 at
1262 3503 1372 3553 666666

281 3576 440 3628 Trimalchio
458 3589 500 3640 ap.
519 3577 625 3626 Petron.
645 3590 668 3626 c.
688 3575 728 3625 63.
749 3589 806 3626 rem
843 3578 925 3628 homo
938 3577 971 3626 sii
983 3579 1010 3625 et
1026 3576 1170 3640 particulae
1182 3582 1227 3626 at·
1240 3589 1309 3639 -oue
1320 3577 1371 3628 sibi

282 3650 468 3704 incredibilem
515 3653 671 3701 narraturus
715 3649 805 3700 addit:
844 3649 1038 3717 respondeant,
1062 3650 1278 3702 contradicente
1297 3651 1370 3702 ilan-

279 3729 419 3792 pianenan
434 3725 552 3776 6666ιί66.
583 3726 621 3776 ite
638 3723 809 3790 perticuiaat
844 3727 888 3777 dio
905 3727 981 3776 Turs.
1000 3726 1030 3775 11.
1043 3738 1070 3788 p.
1083 3726 1141 3775 tae.
1175 3727 1260 3776 immo
1277 3726 1370 3785 iastius,

282 3799 726 3866 secundosenientiaeloaaposita
735 3800 805 3850 coni.
845 3801 956 3853 iortasse
989 3797 1101 3850 libertus
1131 3798 1225 3864 aliquis
1255 3801 1285 3851 C.
1314 3800 1372 3851 iulii

282 3876 358 3928 iiand
375 3879 450 3927 Ture.
469 3877 489 3926 i.
508 3890 533 3941 p.
552 3875 610 3927 tia.
633 3903 660 3914 -
679 3876 807 3937 capedin-
845 3877 967 3927 Caesaris
985 3877 1031 3925 eut
1047 3873 1135 3924 liberti
1153 3873 1237 3934 iilius,
1262 3875 1373 3926 Pediaiii

281 3950 378 4014 quicar]
400 3950 472 4014 quod
492 3963 526 4000 66
544 3948 690 4009 accideret,
713 3951 808 4014 capiti·
845 3953 949 4002 ametor
977 3949 1058 4000 inisse
1086 3947 1208 4010 videtur,
1238 3951 1268 4000 ut
1292 3953 1373 4014 potita

281 4025 332 4076 bus
350 4024 553 4076 simulacrorum
570 4023 621 4076 sub
644 4024 688 4075 dio
706 4025 807 4089 posito-
844 4024 952 4077 irrideat
974 4037 1023 4089 par
1046 4026 1110 4074 tunc
1126 4021 1251 4074 omnihus
1268 4027 1372 4074 notum.

281 4113 342 4150 ram
359 4099 565 4164 imponebantur
582 4097 707 4163 opercula
725 4110 805 4150 aerea
847 4127 873 4138 —-
886 4099 978 4164 [66666
990 4099 1111 4163 Varenus]
1131 4100 1225 4149 «Aiunt
1235 4099 1373 4148 Voraaum

282 4175 414 4234 inaurata,
433 4186 466 4223 ex
479 4173 638 4237 quihusorti
656 4171 807 4224 suntaimti
845 4175 875 4233 Q.
903 4173 997 4223 Lutatii
1022 4171 1106 4222 Catuli
1134 4170 1262 4222 libertum
1289 4172 1372 4222 tuisse

282 4261 350 4314 quos
368 4247 459 4299 666666
475 4249 641 4298 Sanctorum.
658 4272 685 4284 -
703 4248 807 4298 mictum
844 4247 913 4298 6666
931 4247 1063 4306 iuracem,
1085 4249 1116 4298 ui
1131 4259 1257 4296 66666666
1273 4245 1373 4297 subre-

281 4323 343 4388 666]
357 4325 497 4374 Summum
509 4322 561 4374 irco
571 4320 659 4372 scelus
671 4325 722 4386 est,
733 4322 806 4388 quod
844 4325 903 4386 ptos
921 4333 935 4372 6
954 4320 1131 4372 nummulario
1154 4321 1179 4372 in
1200 4319 1306 4372 calceos
1322 4319 1373 4372 66-
