3090 4974
634 461 692 511 LlB.
712 461 742 512 ll.
778 459 875 511 EPlS'l'.
895 462 924 511 ll.

280 617 411 706 Singula
433 618 475 684 de
498 616 590 683 nobis
613 617 686 682 anni
709 616 905 704 praedantur
928 625 1058 696 euntes;

278 741 433 828 liripuere
457 739 562 816 iocos,
586 758 754 816 venerem,
778 738 938 815 convivia,
962 737 1090 818 ludum;

278 861 424 928 Tendunt
445 871 638 948 extorquere
659 867 824 947 poemata;
846 859 926 946 quid
948 841 1062 927 laciam
1084 859 1156 926 vis?

277 983 425 1070 Denique
449 1003 512 1048 non
536 1001 648 1048 omnes
671 979 787 1048 eadem
807 981 964 1048 mirantur
985 991 1172 1070 muautque:

277 1105 426 1172 Carmine
449 1113 481 1170 tu
505 1102 645 1191 gaudee,
668 1101 721 1170 hic
743 1102 921 1171 delectatur
938 1101 1070 1178 iambis,

276 1223 332 1292 llie
354 1226 483 1292 Bioneis
504 1224 708 1292 sermonibus
730 1234 764 1290 et
784 1225 852 1292 sale
874 1226 975 1314 nigro.
1278 1229 1319 1294 69

232 1487 495 1541 waidnihterlreioe
467 1491 569 1554 —qnid
584 1488 756 1554 4444444484]
794 1489 877 1541 destri
894 1491 922 1540 et
932 1488 1009 1554 ligata
1018 1491 1136 1542 oratioue
1148 1491 1229 1542 mixte
1241 1503 1318 1543 com

233 1564 301 1615 Sed
313 1564 465 1616 cedendum
474 1567 516 1616 est
526 1565 703 1616 necessitah
714 1565 756 1616 Sic
794 1566 890 1629 posita.
894 1566 1008 1628 »449443Ι
1022 1567 1107 1616 hadri.
1121 1565 1145 1617 4.
1158 1565 1183 1630 5.
1196 1568 1244 1616 δὶς
1261 1560 1319 1617 Ed·

232 1637 377 1690 listhene
398 1641 457 1690 υιιοι·
479 1641 516 1690 ch'
537 1642 562 1690 io
583 1639 685 1704 faccia?
710 1640 757 1691 cin
794 1633 1169 1728 φυὴςῆνκαὶπαρῳβῆσαι,
1180 1634 1317 1692 cids‘onn

231 1713 508 1776 {oreinon,utalii:
537 1713 635 1774 «Quale
658 1715 756 1764 carmi·
794 1707 1077 1776 advenientiam,
1099 1705 1136 1764 Ὤ
1152 1717 1243 1766 πέπον
1257 1709 1318 1787 'Ap-

232 1801 297 1839 num
314 1802 397 1852 genus
415 1803 459 1841 me
477 1791 591 1841 tractare
608 1790 685 1840 viai»
715 1789 754 1840 ct
793 1785 868 1849 zora
905 1787 1099 1856 ψαλληγενές,
1140 1784 1315 1852 ὀλβιότυφε,

232 1863 285 1913 sat.
298 1865 326 1926 2,
346 1865 374 1926 4,
392 1864 433 1915 24
793 1862 851 1930 Τῆς
868 1859 980 1930 ὑπάτης
1004 1857 1099 1950 ’ἔριδος
1124 1860 1239 1914 πάντων
1263 1863 1316 1930 ἐμ-

267 1901 355 1989 aii-dt
375 1939 500 2003 Camino]
519 1951 633 2002 «gauere
644 1936 755 2002 lyrico
793 1937 934 2028 naipdmz'
950 1935 1075 2008 ἀνδρῶν·
1102 1940 1153 1990 καλ
1175 1933 1250 2002 ὅλως
1266 1942 1316 1992 καλ

231 2012 310 2063 ulad
328 2011 433 2065 Florum
453 2013 575 2064 scribens
592 2015 657 2079 Epp.
677 2016 706 2074 4,
725 2015 753 2076 3,
792 2009 938 2080 μουσικὴν
954 2015 1005 2064 καὶ
1020 2015 1196 2084 γεωμετρίαν
1212 2012 1318 2066 διέπαι-

230 2085 275 2137 24;
295 2099 338 2136 seo
354 2088 440 2137 condis
455 2089 564 2138 emetita
578 2101 689 2146 cannes.
715 2088 753 2139 Ci.
792 2093 903 2153 gans
891 2090 976 2139 «sunt
1004 2091 1094 2140 aulem
1123 2088 1315 2153 disputationes

231 2173 256 2209 v.
275 2161 315 2211 94.
342 2187 369 2198 -
397 2163 498 2227 morin]
526 2163 580 2214 «ad
605 2162 753 2215 Archilochi
792 2165 879 2215 Bionis
890 2163 1052 2228 philosophi,
1069 2161 1167 2228 quibus
1178 2163 1315 2215 stultitiam

231 2235 369 2300 exemplar
392 2239 560 2302 compositis,
589 2241 619 2289 ut
644 2238 753 2303 Epodin
792 2240 879 2302 arguit
894 2237 976 2301 volgi,
996 2239 1316 2301 cuipaeueconsentiuut

231 2308 269 2360 Ci.
284 2311 350 2376 Epp.
365 2314 394 2374 4,
414 2313 459 2376 49,
472 2313 513 2364 23.
530 2341 557 2350 -
570 2315 677 2379 Bioneis]
689 2315 753 2365 Bion
793 2313 911 2366 carmina
929 2311 1089 2362 Luciliano.»
1113 2312 1194 2376 (ilaec
1205 2313 1316 2376 quidem

230 2385 447 2446 Borysthenitai,
488 2387 634 2453 discipulus
667 2391 754 2440 Theo-
792 2389 916 2438 divinatio
927 2386 1034 2437 videtur
1049 2399 1082 2436 ex
1100 2387 1198 2436 lior-atii
1214 2387 1314 2448 verbis,

229 2459 344 2522 phrasti,
363 2461 501 2528 exemplar
516 2465 635 2526 luciani,
665 2465 755 2516 floruit
791 2465 821 2513 ut
842 2463 900 2513 fleri
923 2460 1022 2512 assolet
1043 2461 1115 2525 apud
1140 2460 1314 2524 scholiastes,

230 2533 299 2582 cirea
318 2533 356 2585 Ol.
376 2536 432 2587 439.
447 2537 512 2600 (436.
527 2551 551 2588 a.
566 2539 648 2602 Cha).
668 2540 753 2602 Cyre·
791 2536 879 2588 dueta.
910 2536 949 2587 Ci.
969 2537 998 2586 C.
1017 2537 1043 2585 B.
1061 2535 1207 2586 Harmauni
1224 2539 1314 2600 Progr.

229 2607 336 2668 uaicae,
356 2612 418 2672 post
435 2611 551 2674 Cynicae
569 2617 658 2664 saetae
676 2614 754 2665 addi·
791 2611 980 2672 Barhurgense
1008 2609 1205 2674 inlapsa.)
1247 2612 1315 2662 «ch

229 2683 297 2732 ctus.
316 2682 441 2734 Welcker
452 2688 536 2736 Praei.
548 2687 582 2738 ad
594 2689 711 2751 Theogu.
724 2703 751 2754 p.
790 2687 881 2735 autern
899 2685 977 2744 Bion,
997 2684 1042 2746 qui
1059 2684 1196 2746 sophistes
1214 2697 1315 2748 cogno-

229 2755 346 2806 Lxxxv.
366 2758 422 2808 Van
435 2759 542 2810 Heusde
555 2761 635 2812 Lucii.
649 2775 675 2826 p.
689 2763 751 2812 298:
791 2760 905 2810 minatus
923 2761 976 2820 est,
1004 2758 1030 2806 in
1047 2756 1128 2818 libro,
1156 2769 1239 2820 quem
1256 2759 1315 2809 edi-

230 2831 302 2880 «run
315 2830 392 2892 Bion,
411 2836 442 2883 ut
452 2835 651 2897 wyttenhachu
662 2836 753 2886 verbis
791 2833 841 2893 dit,
857 2832 1067 2883 mordacissimis
1078 2829 1178 2882 salibus
1188 2843 1229 2891 ea,
1244 2845 1314 2896 quae

228 2907 296 2965 utar,
310 2905 571 2960 nobilissimusintar
581 2909 753 2976 philosophos
791 2907 862 2972 apud
879 2907 1056 2970 pectuscum,
1076 2906 1110 2954 iia
1127 2903 1266 2966 laceravit,
1284 2909 1314 2956 ut

228 2980 345 3043 sophista
364 2983 391 3030 et
407 2983 477 3033 inter
487 2985 620 3049 sophistas
635 2985 754 3050 philoso-
791 2995 825 3033 ue
837 2983 953 3032 Homero
965 2979 1074 3043 quidem
1086 2982 1235 3043 parceret.»
1223 2982 1311 3031 ιλιι.

228 3055 312 3117 phus,
336 3054 414 3118 plane
437 3058 521 3109 iactus
538 3059 572 3108 ad
595 3071 678 3110 vanas
694 3062 753 3126 opi·
791 3055 981 3108 Metrodorus·
974 3067 1000 3104 rn
1023 3051 1080 3104 Vol.
1099 3051 1204 3103 Hercul.
1225 3055 1267 3104 Vl.
1283 3069 1311 3120 p.

229 3129 321 3178 niones
339 3142 489 3194 pravasque
507 3134 665 3198 cupiditales
682 3147 753 3186 mor·
789 3133 833 3182 99:
852 3129 962 3191 Βίωνος
973 3141 1024 3180 του
1036 3142 1110 3178 κατα
1122 3124 1313 3214 Θεόφραστον

229 3203 288 3253 daci
322 3203 460 3256 dicacitate
495 3208 716 3261 confutandas·
737 3237 752 3248 -
790 3201 904 3294 πρώτου
920 3201 1101 3266 φιλοσοφίαν
1115 3195 1246 3266 ἀνθίνοις
1261 3219 1313 3254 κο-

228 3276 352 3329 Welcher
363 3281 399 3330 ait
415 3283 526 3332 mixtum
538 3281 623 3334 soluta
636 3287 664 3334 44
674 3283 752 3348 ligata
789 3276 968 3346 σμήσαντος.
986 3279 1049 3328 Eius
1061 3277 1131 3328 dicta
1143 3277 1213 3328 haud
1225 3279 1261 3328 ita
1272 3291 1313 3329 ra·

228 3353 348 3404 oratione
382 3354 472 3406 Biouei
507 3360 639 3409 sermonis
667 3371 751 3422 genus
788 3371 819 3406 ro
837 3352 1057 3420 aposterronhus
1069 3353 1197 3417 sophistis
1211 3365 1313 3404 memo·

228 3425 316 3478 tuisse.
336 3429 392 3480 Hoc
403 3431 429 3481 in
442 3431 554 3484 dubium
563 3447 643 3496 voco·
657 3437 752 3486 satiras
789 3431 929 3489 rebantur,
949 3431 979 3478 ut
994 3429 1156 3493 perspicitur
1170 3439 1203 3477 ex
1221 3427 1310 3478 Toleto
1378 3433 1383 3444 ·

228 3503 298 3552 euim
317 3504 397 3556 misse
414 3510 501 3558 metro
516 3511 676 3575 compositas
689 3511 750 3562 inde
789 3506 859 3570 apud
878 3503 1069 3564 stohaeums,
1088 3503 1129 3552 64.
1153 3499 1222 3565 (Vol
1241 3503 1261 3552 1.
1281 3515 1309 3566 p.

228 3575 372 3640 allicimus,
395 3583 469 3645 quod
490 3586 614 3636 carminis
632 3583 706 3650 lyrici
725 3587 752 3636 44
789 3583 845 3631 lit.
860 3581 916 3630 449.
931 3579 974 3630 ed.
987 3576 1198 3640 Tanchaistoh.
1210 3577 1250 3638 49,
1263 3577 1309 3628 38:

227 3652 333 3702 iambici
346 3653 412 3705 iacta
421 3660 522 3709 mentio
531 3660 617 3711 iuerat
620 3665 750 3726 ,utroque
789 3656 865 3706 Βίων
890 3649 907 3703 ὅ
929 3648 1076 3718 ⁰⁰9²de
1101 3646 1154 3717 ’ἦν
1171 3613 1312 3721 vilalmi·

227 3729 317 3778 autem
334 3741 433 3792 genere
455 3745 508 3783 uon
528 3735 615 3786 miuus
637 3737 751 3800 praesti·
789 3732 853 3804 clav
870 3725 1049 3800 μητρόπθῖύν
1065 3721 1144 3792 44648
1155 3723 1252 3792 πάσης
1262 3741 1312 3776 20³

227 3804 296 3852 terat
313 3803 434 3854 Horatius
452 3818 534 3868 quam
551 3810 643 3870 tertio,
662 3809 749 3870 idest,
788 3809 853 3869 κὶας
870 3801 952 3856 εἶναι.
982 3805 1084 3854 Seneca
1101 3801 1135 3851 de
1156 3803 1253 3863 Tranq
1266 3813 1309 3850 au.

226 3877 358 3926 satir-ico.»
346 3879 444 3940 illoc
456 3884 642 3943 argumentum
660 3887 750 3934 tamen
788 3883 816 3932 8
834 3883 899 3932 Bion
915 3877 1087 3943 ekpaniernit
1102 3877 1311 3926 nonminnaino-

226 3953 463 4018 speciosiusquam
474 3957 563 4006 verius
576 3959 625 4018 est;
638 3961 752 4022 possunt
787 3958 874 4006 testam
891 3967 941 4005 cssc
957 3953 1036 4004 coicis
1052 3963 1130 4012 qnam
1146 3950 1250 3999 ceineas
1267 3951 1310 4011 pi-

227 4029 299 4078 eniur
319 4041 362 4078 vv.
377 4029 477 4080 Bioneis
489 4032 642 4082 snnwnihia
659 4033 750 4096 utique
788 4031 825 4080 ios
839 4030 904 4080 vetti.
936 4028 974 4078 Cl.
988 4028 1043 4077 Cic.
1057 4025 1134 4076 Tusc.
1147 4024 1177 4084 3,
1195 4024 1242 4084 26,
1266 4025 1307 4076 82.

227 4101 388 4165 significare:
407 4105 751 4170 «sermonthus,quemad-
788 4103 854 4154 Plut.
875 4102 910 4153 de
935 4115 995 4152 sera
1022 4111 1095 4150 num.
1116 4099 1188 4150 viad.
1210 4098 1251 4149 49.
1279 4125 1309 4136 -

228 4179 337 4228 modum
364 4180 418 4230 mei
441 4183 503 4230 sunt
529 4181 689 4232 hexametris
710 4183 752 4232 in.
788 4177 839 4227 solo
865 4175 948 4240 nipro]
977 4175 1080 4224 acriore
1108 4173 1196 4236 igitur,
1226 4183 1309 4236 quam

228 4251 305 4315 elusi,
330 4253 428 4317 quihus
446 4255 507 4305 insit
522 4256 651 4306 Bioneum
668 4256 749 4316 virus,
788 4251 861 4317 quod
878 4252 962 4313 magn
978 4251 1120 4314 purgatum
1137 4249 1186 4298 est.
1216 4247 1307 4308 Sata,

228 4329 299 4394 quali
317 4329 486 4381 retertasunt
501 4329 691 4396 illiusscripta,
705 4343 752 4396 pe·
787 4327 816 4390 4,
835 4327 875 4378 ii.
903 4326 964 4375 Sine
982 4325 1108 4388 imagine:
1134 4324 1236 4374 «4444444
1253 4325 1309 4374 tam
