<?xml version="1.0" encoding="UTF-8"?>
<!DOCTYPE html PUBLIC "-//W3C//DTD XHTML 1.0 Transitional//EN"
    "http://www.w3.org/TR/xhtml1/DTD/xhtml1-transitional.dtd">
<html xmlns="http://www.w3.org/1999/xhtml" xml:lang="en" lang="en">
 <head>
  <title>
</title>
<meta http-equiv="Content-Type" content="text/html;charset=utf-8" />
  <meta name='ocr-system' content='tesseract 3.04.00' />
  <meta name='ocr-capabilities' content='ocr_page ocr_carea ocr_par ocr_line ocrx_word'/>
</head>
<body>
  <div class='ocr_page' id='page_1' title='image "./qhoratiusflaccu01baitgoog_0334.png"; bbox 0 0 3156 4972; ppageno 0'>
   <div class='ocr_carea' id='block_1_1' title="bbox 606 453 1289 520">
    <p class='ocr_par' dir='ltr' id='par_1_1' title="bbox 606 453 1289 520">
     <span class='ocr_line' id='line_1_1' title="bbox 606 453 1289 520; baseline 0 -16"><span class='ocrx_word' id='word_1_1' title='bbox 606 453 714 504; x_wconf 77' lang='lat' dir='ltr'><strong>amu.</strong></span> <span class='ocrx_word' id='word_1_2' title='bbox 750 453 879 504; x_wconf 66' lang='lat' dir='ltr'><strong>sarm.</strong></span> <span class='ocrx_word' id='word_1_3' title='bbox 1226 455 1289 520; x_wconf 65' lang='lat'><strong>349</strong></span> 
     </span>
    </p>
   </div>
   <div class='ocr_carea' id='block_1_2' title="bbox 243 606 1285 1294">
    <p class='ocr_par' dir='ltr' id='par_1_2' title="bbox 244 606 1245 1062">
     <span class='ocr_line' id='line_1_2' title="bbox 245 606 1245 697; baseline 0.005 -22"><span class='ocrx_word' id='word_1_4' title='bbox 245 609 439 697; x_wconf 81' lang='lat' dir='ltr'><strong>Quicunque</strong></span> <span class='ocrx_word' id='word_1_5' title='bbox 462 606 577 690; x_wconf 68' lang='lat' dir='ltr'><strong>obrius</strong></span> <span class='ocrx_word' id='word_1_6' title='bbox 600 616 664 686; x_wconf 89' lang='lat' dir='ltr'><strong>est,</strong></span> <span class='ocrx_word' id='word_1_7' title='bbox 688 627 741 676; x_wconf 89' lang='lat' dir='ltr'><strong>me</strong></span> <span class='ocrx_word' id='word_1_8' title='bbox 764 607 916 675; x_wconf 87' lang='lat' dir='ltr'><strong>consulit:</strong></span> <span class='ocrx_word' id='word_1_9' title='bbox 941 610 970 677; x_wconf 93' lang='grc' dir='ltr'><strong>Ο</strong></span> <span class='ocrx_word' id='word_1_10' title='bbox 991 609 1093 690; x_wconf 91' lang='lat' dir='ltr'><strong>bone,</strong></span> <span class='ocrx_word' id='word_1_11' title='bbox 1117 631 1191 680; x_wconf 86' lang='lat' dir='ltr'><strong>nam</strong></span> <span class='ocrx_word' id='word_1_12' title='bbox 1213 623 1245 680; x_wconf 92' lang='lat' dir='ltr'><strong>to</strong></span> 
     </span>
     <span class='ocr_line' id='line_1_3' title="bbox 245 729 1153 820; baseline 0.002 -22"><span class='ocrx_word' id='word_1_13' title='bbox 245 732 353 808; x_wconf 88' lang='lat' dir='ltr'><strong>Scire,</strong></span> <span class='ocrx_word' id='word_1_14' title='bbox 377 729 457 797; x_wconf 89' lang='lat' dir='ltr'><strong>deos</strong></span> <span class='ocrx_word' id='word_1_15' title='bbox 479 729 633 818; x_wconf 58' lang='lat' dir='ltr'><strong>moniam</strong></span> <span class='ocrx_word' id='word_1_16' title='bbox 654 730 790 818; x_wconf 91' lang='lat' dir='ltr'><strong>propius</strong></span> <span class='ocrx_word' id='word_1_17' title='bbox 812 731 986 820; x_wconf 88' lang='lat' dir='ltr'><strong>contingis,</strong></span> <span class='ocrx_word' id='word_1_18' title='bbox 1010 742 1153 818; x_wconf 89' lang='lat' dir='ltr'><strong>oportet;</strong></span> 
     </span>
     <span class='ocr_line' id='line_1_4' title="bbox 244 849 1142 941; baseline 0.002 -21"><span class='ocrx_word' id='word_1_19' title='bbox 244 849 407 938; x_wconf 86' lang='lat' dir='ltr'><strong>Numquid</strong></span> <span class='ocrx_word' id='word_1_20' title='bbox 428 849 471 918; x_wconf 90' lang='lat' dir='ltr'><strong>de</strong></span> <span class='ocrx_word' id='word_1_21' title='bbox 491 851 589 918; x_wconf 89' lang='lat' dir='ltr'><strong>Dacis</strong></span> <span class='ocrx_word' id='word_1_22' title='bbox 611 850 750 918; x_wconf 82' lang='lat' dir='ltr'><strong>audisti?</strong></span> <span class='ocrx_word' id='word_1_23' title='bbox 771 850 820 918; x_wconf 91' lang='lat' dir='ltr'><strong>Nil</strong></span> <span class='ocrx_word' id='word_1_24' title='bbox 840 852 1003 941; x_wconf 81' lang='lat' dir='ltr'><strong>equidem.</strong></span> <span class='ocrx_word' id='word_1_25' title='bbox 1047 854 1087 923; x_wconf 90' lang='lat' dir='ltr'><strong>Ut</strong></span> <span class='ocrx_word' id='word_1_26' title='bbox 1108 865 1142 922; x_wconf 91' lang='lat' dir='ltr'><strong>tn</strong></span> 
     </span>
     <span class='ocr_line' id='line_1_5' title="bbox 246 971 1158 1062; baseline 0.004 -22"><span class='ocrx_word' id='word_1_27' title='bbox 246 973 383 1060; x_wconf 82' lang='lat' dir='ltr'><strong>Semper</strong></span> <span class='ocrx_word' id='word_1_28' title='bbox 404 973 470 1039; x_wconf 90' lang='lat' dir='ltr'><strong>eris</strong></span> <span class='ocrx_word' id='word_1_29' title='bbox 491 971 633 1040; x_wconf 86' lang='lat' dir='ltr'><strong>derisor!</strong></span> <span class='ocrx_word' id='word_1_30' title='bbox 659 973 699 1038; x_wconf 78' lang='lat' dir='ltr'><strong>lt</strong></span> <span class='ocrx_word' id='word_1_31' title='bbox 719 993 833 1040; x_wconf 86' lang='lat' dir='ltr'><strong>omnes</strong></span> <span class='ocrx_word' id='word_1_32' title='bbox 854 971 887 1039; x_wconf 93' lang='lat' dir='ltr'><strong>di</strong></span> <span class='ocrx_word' id='word_1_33' title='bbox 909 974 1071 1062; x_wconf 79' lang='lat' dir='ltr'><strong>exagitent</strong></span> <span class='ocrx_word' id='word_1_34' title='bbox 1090 995 1158 1054; x_wconf 88' lang='lat' dir='ltr'><strong>mc,</strong></span> 
     </span>
    </p>

    <p class='ocr_par' dir='ltr' id='par_1_3' title="bbox 243 1092 1285 1294">
     <span class='ocr_line' id='line_1_6' title="bbox 243 1092 1285 1185; baseline 0.005 -25"><span class='ocrx_word' id='word_1_35' title='bbox 243 1093 277 1160; x_wconf 89' lang='lat' dir='ltr'><strong>Si</strong></span> <span class='ocrx_word' id='word_1_36' title='bbox 299 1093 488 1182; x_wconf 90' lang='lat' dir='ltr'><strong>quidquam.</strong></span> <span class='ocrx_word' id='word_1_37' title='bbox 535 1093 644 1174; x_wconf 79' lang='lat' dir='ltr'><strong>Quid?</strong></span> <span class='ocrx_word' id='word_1_38' title='bbox 665 1092 818 1160; x_wconf 86' lang='lat' dir='ltr'><strong>militibus</strong></span> <span class='ocrx_word' id='word_1_39' title='bbox 839 1095 1000 1182; x_wconf 91' lang='lat' dir='ltr'><strong>promissa</strong></span> <span class='ocrx_word' id='word_1_40' title='bbox 1021 1097 1189 1185; x_wconf 82' lang='lat' dir='ltr'><strong>Triquetra</strong></span> <span class='ocrx_word' id='word_1_41' title='bbox 1222 1129 1227 1155; x_wconf 80' lang='grc' dir='ltr'>ι</span> <span class='ocrx_word' id='word_1_42' title='bbox 1245 1101 1285 1164; x_wconf 83' lang='grc'><strong>55</strong></span> 
     </span>
     <span class='ocr_line' id='line_1_7' title="bbox 243 1213 1090 1294; baseline -0.001 -12"><span class='ocrx_word' id='word_1_43' title='bbox 243 1213 381 1282; x_wconf 84' lang='lat' dir='ltr'><strong>Praedia</strong></span> <span class='ocrx_word' id='word_1_44' title='bbox 404 1216 539 1294; x_wconf 88' lang='lat' dir='ltr'><strong>Caesar,</strong></span> <span class='ocrx_word' id='word_1_45' title='bbox 563 1235 604 1282; x_wconf 86' lang='lat' dir='ltr'><strong>an</strong></span> <span class='ocrx_word' id='word_1_46' title='bbox 626 1223 677 1282; x_wconf 89' lang='lat' dir='ltr'><strong>est</strong></span> <span class='ocrx_word' id='word_1_47' title='bbox 697 1213 775 1282; x_wconf 88' lang='lat' dir='ltr'><strong>ltala</strong></span> <span class='ocrx_word' id='word_1_48' title='bbox 796 1213 910 1282; x_wconf 89' lang='lat' dir='ltr'><strong>tellure</strong></span> <span class='ocrx_word' id='word_1_49' title='bbox 933 1214 1090 1284; x_wconf 83' lang='lat' dir='ltr'><strong>daturus?</strong></span> 
     </span>
    </p>
   </div>
   <div class='ocr_carea' id='block_1_3' title="bbox 233 1393 1251 1534">
    <p class='ocr_par' dir='ltr' id='par_1_4' title="bbox 233 1393 1251 1534">
     <span class='ocr_line' id='line_1_8' title="bbox 233 1393 1251 1454; baseline 0.006 -10"><span class='ocrx_word' id='word_1_50' title='bbox 233 1399 277 1444; x_wconf 82' lang='lat' dir='ltr'><strong>rut</strong></span> <span class='ocrx_word' id='word_1_51' title='bbox 293 1405 388 1446; x_wconf 89' lang='lat' dir='ltr'><strong>omnes</strong></span> <span class='ocrx_word' id='word_1_52' title='bbox 405 1395 459 1444; x_wconf 90' lang='lat' dir='ltr'><strong>mei</strong></span> <span class='ocrx_word' id='word_1_53' title='bbox 476 1396 504 1444; x_wconf 87' lang='lat' dir='ltr'><strong>et</strong></span> <span class='ocrx_word' id='word_1_54' title='bbox 520 1393 649 1454; x_wconf 85' lang='lat' dir='ltr'><strong>Pettierii,</strong></span> <span class='ocrx_word' id='word_1_55' title='bbox 668 1393 752 1444; x_wconf 86' lang='lat' dir='ltr'><strong>LCtF:</strong></span> <span class='ocrx_word' id='word_1_56' title='bbox 776 1393 875 1444; x_wconf 72' lang='lat' dir='ltr'><strong>licerit</strong></span> <span class='ocrx_word' id='word_1_57' title='bbox 892 1407 925 1445; x_wconf 86' lang='lat' dir='ltr'><strong>ex</strong></span> <span class='ocrx_word' id='word_1_58' title='bbox 941 1407 995 1445; x_wconf 88' lang='lat' dir='ltr'><strong>uno</strong></span> <span class='ocrx_word' id='word_1_59' title='bbox 1013 1395 1079 1446; x_wconf 88' lang='lat' dir='ltr'><strong>Ccd.</strong></span> <span class='ocrx_word' id='word_1_60' title='bbox 1099 1395 1163 1450; x_wconf 89' lang='lat' dir='ltr'><strong>Coll.</strong></span> <span class='ocrx_word' id='word_1_61' title='bbox 1182 1397 1251 1450; x_wconf 82' lang='lat' dir='ltr'><strong>Trin.</strong></span> 
     </span>
     <span class='ocr_line' id='line_1_9' title="bbox 235 1466 885 1534; baseline -0.002 -15"><span class='ocrx_word' id='word_1_62' title='bbox 235 1467 275 1532; x_wconf 77' lang='grc' dir='ltr'><strong>(φ)</strong></span> <span class='ocrx_word' id='word_1_63' title='bbox 292 1466 427 1519; x_wconf 82' lang='lat' dir='ltr'><strong>Bentleius</strong></span> <span class='ocrx_word' id='word_1_64' title='bbox 445 1470 472 1519; x_wconf 88' lang='lat' dir='ltr'><strong>et</strong></span> <span class='ocrx_word' id='word_1_65' title='bbox 489 1469 523 1519; x_wconf 83' lang='lat' dir='ltr'><strong>ii.</strong></span> <span class='ocrx_word' id='word_1_66' title='bbox 545 1494 572 1504; x_wconf 94' lang='lat'><em>-</em></span> <span class='ocrx_word' id='word_1_67' title='bbox 591 1467 631 1517; x_wconf 79' lang='lat' dir='ltr'><strong>es.</strong></span> <span class='ocrx_word' id='word_1_68' title='bbox 651 1467 746 1518; x_wconf 82' lang='lat' dir='ltr'><strong>Caesar</strong></span> <span class='ocrx_word' id='word_1_69' title='bbox 761 1480 792 1518; x_wconf 82' lang='lat' dir='ltr'><strong>ne</strong></span> <span class='ocrx_word' id='word_1_70' title='bbox 808 1473 843 1518; x_wconf 80' lang='lat' dir='ltr'><strong>eet</strong></span> <span class='ocrx_word' id='word_1_71' title='bbox 859 1481 885 1534; x_wconf 89' lang='lat' dir='ltr'><strong>p.</strong></span> 
     </span>
    </p>
   </div>
   <div class='ocr_carea' id='block_1_4' title="bbox 194 1625 1285 3768">
    <p class='ocr_par' dir='ltr' id='par_1_5' title="bbox 197 1625 1285 2289">
     <span class='ocr_line' id='line_1_10' title="bbox 198 1625 1285 1693; baseline 0.005 -15"><span class='ocrx_word' id='word_1_72' title='bbox 198 1627 232 1681; x_wconf 80' lang='lat'><strong>56</strong></span> <span class='ocrx_word' id='word_1_73' title='bbox 257 1640 298 1692; x_wconf 87' lang='lat' dir='ltr'><strong>sq.</strong></span> <span class='ocrx_word' id='word_1_74' title='bbox 337 1625 430 1686; x_wconf 76' lang='lat' dir='ltr'><strong>(Paulo</strong></span> <span class='ocrx_word' id='word_1_75' title='bbox 456 1625 532 1678; x_wconf 86' lang='lat' dir='ltr'><strong>aliter</strong></span> <span class='ocrx_word' id='word_1_76' title='bbox 556 1625 642 1688; x_wconf 79' lang='lat' dir='ltr'><strong>Reisig</strong></span> <span class='ocrx_word' id='word_1_77' title='bbox 667 1626 722 1675; x_wconf 82' lang='lat' dir='ltr'><strong>Lot.</strong></span> <span class='ocrx_word' id='word_1_78' title='bbox 762 1625 896 1688; x_wconf 85' lang='lat' dir='ltr'><strong>reperitur</strong></span> <span class='ocrx_word' id='word_1_79' title='bbox 924 1626 1037 1687; x_wconf 84' lang='lat' dir='ltr'><strong>Codice,</strong></span> <span class='ocrx_word' id='word_1_80' title='bbox 1068 1631 1148 1693; x_wconf 86' lang='lat' dir='ltr'><strong>atque</strong></span> <span class='ocrx_word' id='word_1_81' title='bbox 1177 1631 1285 1683; x_wconf 90' lang='lat' dir='ltr'><strong>omnino</strong></span> 
     </span>
     <span class='ocr_line' id='line_1_11' title="bbox 198 1698 1284 1765; baseline 0.005 -14"><span class='ocrx_word' id='word_1_82' title='bbox 198 1703 330 1764; x_wconf 76' lang='lat' dir='ltr'><strong>Sproduu.</strong></span> <span class='ocrx_word' id='word_1_83' title='bbox 344 1714 370 1765; x_wconf 89' lang='lat' dir='ltr'><strong>p.</strong></span> <span class='ocrx_word' id='word_1_84' title='bbox 384 1699 451 1762; x_wconf 79' lang='grc'><strong>4404)</strong></span> <span class='ocrx_word' id='word_1_85' title='bbox 470 1702 611 1751; x_wconf 83' lang='lat' dir='ltr'><strong>Praeterea</strong></span> <span class='ocrx_word' id='word_1_86' title='bbox 628 1700 681 1750; x_wconf 87' lang='lat' dir='ltr'><strong>mei</strong></span> <span class='ocrx_word' id='word_1_87' title='bbox 698 1701 725 1748; x_wconf 91' lang='lat' dir='ltr'><strong>et</strong></span> <span class='ocrx_word' id='word_1_88' title='bbox 763 1698 806 1748; x_wconf 90' lang='lat' dir='ltr'><strong>hic</strong></span> <span class='ocrx_word' id='word_1_89' title='bbox 824 1699 911 1750; x_wconf 90' lang='lat' dir='ltr'><strong>minus</strong></span> <span class='ocrx_word' id='word_1_90' title='bbox 929 1703 1021 1764; x_wconf 89' lang='lat' dir='ltr'><strong>aptum</strong></span> <span class='ocrx_word' id='word_1_91' title='bbox 1039 1703 1098 1765; x_wconf 78' lang='lat' dir='ltr'><strong>est.)</strong></span> <span class='ocrx_word' id='word_1_92' title='bbox 1119 1731 1144 1742; x_wconf 89' lang='lat'><em>-</em></span> <span class='ocrx_word' id='word_1_93' title='bbox 1165 1707 1284 1756; x_wconf 64' lang='lat' dir='ltr'><strong>onnam</strong></span> 
     </span>
     <span class='ocr_line' id='line_1_12' title="bbox 198 1771 1284 1840; baseline 0 -14"><span class='ocrx_word' id='word_1_94' title='bbox 198 1777 269 1826; x_wconf 74' lang='lat' dir='ltr'><strong>Fece</strong></span> <span class='ocrx_word' id='word_1_95' title='bbox 281 1775 366 1825; x_wconf 87' lang='lat' dir='ltr'><strong>Codd.</strong></span> <span class='ocrx_word' id='word_1_96' title='bbox 379 1773 487 1824; x_wconf 83' lang='lat' dir='ltr'><strong>firmant</strong></span> <span class='ocrx_word' id='word_1_97' title='bbox 502 1777 623 1824; x_wconf 86' lang='lat' dir='ltr'><strong>nostram</strong></span> <span class='ocrx_word' id='word_1_98' title='bbox 634 1771 724 1823; x_wconf 88' lang='lat' dir='ltr'><strong>lectio·</strong></span> <span class='ocrx_word' id='word_1_99' title='bbox 761 1773 890 1836; x_wconf 74' lang='lat' dir='ltr'><strong>crepitent</strong></span> <span class='ocrx_word' id='word_1_100' title='bbox 899 1787 950 1835; x_wconf 88' lang='lat' dir='ltr'><strong>me,</strong></span> <span class='ocrx_word' id='word_1_101' title='bbox 969 1777 997 1826; x_wconf 86' lang='lat' dir='ltr'><strong>Si</strong></span> <span class='ocrx_word' id='word_1_102' title='bbox 1008 1777 1153 1840; x_wconf 73' lang='lat' dir='ltr'><strong>quldqm]</strong></span> <span class='ocrx_word' id='word_1_103' title='bbox 1166 1779 1284 1830; x_wconf 78' lang='lat' dir='ltr'><strong>«audivi.</strong></span> 
     </span>
     <span class='ocr_line' id='line_1_13' title="bbox 198 1844 1284 1912; baseline 0.003 -11"><span class='ocrx_word' id='word_1_104' title='bbox 198 1863 278 1908; x_wconf 87' lang='lat' dir='ltr'><strong>nem;</strong></span> <span class='ocrx_word' id='word_1_105' title='bbox 298 1849 353 1899; x_wconf 92' lang='lat' dir='ltr'><strong>duo</strong></span> <span class='ocrx_word' id='word_1_106' title='bbox 364 1849 503 1900; x_wconf 83' lang='lat' dir='ltr'><strong>dumtaxat</strong></span> <span class='ocrx_word' id='word_1_107' title='bbox 519 1848 634 1898; x_wconf 82' lang='lat' dir='ltr'><strong>Pettierii</strong></span> <span class='ocrx_word' id='word_1_108' title='bbox 652 1847 725 1897; x_wconf 83' lang='lat' dir='ltr'><strong>exiri·</strong></span> <span class='ocrx_word' id='word_1_109' title='bbox 761 1844 804 1896; x_wconf 88' lang='lat' dir='ltr'><strong>vel</strong></span> <span class='ocrx_word' id='word_1_110' title='bbox 822 1849 918 1898; x_wconf 69' lang='lat' dir='ltr'><strong>«selo».</strong></span> <span class='ocrx_word' id='word_1_111' title='bbox 949 1849 988 1899; x_wconf 87' lang='lat' dir='ltr'><strong>cl.</strong></span> <span class='ocrx_word' id='word_1_112' title='bbox 1006 1851 1067 1899; x_wconf 86' lang='lat' dir='ltr'><strong>Tac.</strong></span> <span class='ocrx_word' id='word_1_113' title='bbox 1085 1853 1151 1902; x_wconf 77' lang='lat' dir='ltr'><strong>Anu.</strong></span> <span class='ocrx_word' id='word_1_114' title='bbox 1165 1853 1196 1912; x_wconf 89' lang='grc'><strong>6,</strong></span> <span class='ocrx_word' id='word_1_115' title='bbox 1215 1854 1238 1903; x_wconf 88' lang='grc'><strong>6.</strong></span> <span class='ocrx_word' id='word_1_116' title='bbox 1257 1855 1284 1904; x_wconf 91' lang='lat' dir='ltr'><strong>in</strong></span> 
     </span>
     <span class='ocr_line' id='line_1_14' title="bbox 198 1920 1285 1988; baseline 0.003 -14"><span class='ocrx_word' id='word_1_117' title='bbox 198 1924 266 1974; x_wconf 86' lang='lat' dir='ltr'><strong>beat</strong></span> <span class='ocrx_word' id='word_1_118' title='bbox 280 1923 441 1986; x_wconf 52' lang='lat' dir='ltr'><strong>spectarem</strong></span> <span class='ocrx_word' id='word_1_119' title='bbox 468 1920 556 1972; x_wconf 87' lang='lat' dir='ltr'><strong>nullus</strong></span> <span class='ocrx_word' id='word_1_120' title='bbox 577 1921 672 1972; x_wconf 77' lang='lat' dir='ltr'><strong>terserit.</strong></span> <span class='ocrx_word' id='word_1_121' title='bbox 693 1947 721 1958; x_wconf 93' lang='lat'>-</span> <span class='ocrx_word' id='word_1_122' title='bbox 762 1920 858 1971; x_wconf 86' lang='lat' dir='ltr'><strong>Tiberii</strong></span> <span class='ocrx_word' id='word_1_123' title='bbox 870 1921 996 1985; x_wconf 84' lang='lat' dir='ltr'><strong>Epistola:</strong></span> <span class='ocrx_word' id='word_1_124' title='bbox 1011 1924 1205 1986; x_wconf 80' lang='lat' dir='ltr'><strong>oimerieoeqce</strong></span> <span class='ocrx_word' id='word_1_125' title='bbox 1212 1929 1285 1988; x_wconf 80' lang='lat' dir='ltr'><strong>peius</strong></span> 
     </span>
     <span class='ocr_line' id='line_1_15' title="bbox 197 1991 1284 2062; baseline 0.003 -14"><span class='ocrx_word' id='word_1_126' title='bbox 197 1999 326 2048; x_wconf 76' lang='lat' dir='ltr'><strong>For-ime</strong></span> <span class='ocrx_word' id='word_1_127' title='bbox 341 1996 416 2060; x_wconf 68' lang='lat' dir='ltr'><strong>sitires]</strong></span> <span class='ocrx_word' id='word_1_128' title='bbox 428 1997 520 2047; x_wconf 85' lang='lat' dir='ltr'><strong>Graeci</strong></span> <span class='ocrx_word' id='word_1_129' title='bbox 532 2001 600 2058; x_wconf 73' lang='grc' dir='ltr'><strong>παῖς</strong></span> <span class='ocrx_word' id='word_1_130' title='bbox 610 1993 663 2062; x_wconf 75' lang='grc' dir='ltr'><strong>τῆς</strong></span> <span class='ocrx_word' id='word_1_131' title='bbox 673 1991 724 2046; x_wconf 81' lang='lat' dir='ltr'><strong>rri-</strong></span> <span class='ocrx_word' id='word_1_132' title='bbox 757 1996 881 2056; x_wconf 62' lang='lat' dir='ltr'><strong>pudent,</strong></span> <span class='ocrx_word' id='word_1_133' title='bbox 899 2009 977 2058; x_wconf 79' lang='lat' dir='ltr'><strong>quom</strong></span> <span class='ocrx_word' id='word_1_134' title='bbox 984 1998 1069 2058; x_wconf 79' lang='lat' dir='ltr'><strong>perire</strong></span> <span class='ocrx_word' id='word_1_135' title='bbox 1078 2011 1118 2049; x_wconf 86' lang='lat' dir='ltr'><strong>me</strong></span> <span class='ocrx_word' id='word_1_136' title='bbox 1128 2001 1217 2050; x_wconf 76' lang='lat' dir='ltr'><strong>cotidie</strong></span> <span class='ocrx_word' id='word_1_137' title='bbox 1227 2015 1284 2051; x_wconf 83' lang='lat' dir='ltr'><strong>cerr-</strong></span> 
     </span>
     <span class='ocr_line' id='line_1_16' title="bbox 198 2070 1284 2140; baseline 0.006 -20"><span class='ocrx_word' id='word_1_138' title='bbox 198 2085 255 2136; x_wconf 78' lang='grc' dir='ltr'><strong>χης</strong></span> <span class='ocrx_word' id='word_1_139' title='bbox 273 2071 361 2134; x_wconf 86' lang='lat' dir='ltr'><strong>(Sepla.</strong></span> <span class='ocrx_word' id='word_1_140' title='bbox 379 2070 443 2120; x_wconf 90' lang='lat' dir='ltr'><strong>Oed.</strong></span> <span class='ocrx_word' id='word_1_141' title='bbox 461 2071 522 2132; x_wconf 77' lang='lat' dir='ltr'><strong>Tyr.</strong></span> <span class='ocrx_word' id='word_1_142' title='bbox 543 2071 636 2132; x_wconf 80' lang='lat'><strong>⁴080.);</strong></span> <span class='ocrx_word' id='word_1_143' title='bbox 655 2083 721 2122; x_wconf 90' lang='lat' dir='ltr'><strong>nos:</strong></span> <span class='ocrx_word' id='word_1_144' title='bbox 761 2071 808 2130; x_wconf 91' lang='lat' dir='ltr'><strong>tio,</strong></span> <span class='ocrx_word' id='word_1_145' title='bbox 826 2071 851 2118; x_wconf 86' lang='lat' dir='ltr'><strong>si</strong></span> <span class='ocrx_word' id='word_1_146' title='bbox 867 2071 972 2120; x_wconf 76' lang='lat' dir='ltr'><strong>scio·</strong></span> <span class='ocrx_word' id='word_1_147' title='bbox 994 2071 1091 2137; x_wconf 69' lang='lat' dir='ltr'><strong>Ouidi]</strong></span> <span class='ocrx_word' id='word_1_148' title='bbox 1114 2075 1204 2126; x_wconf 84' lang='lat' dir='ltr'><strong>Novae</strong></span> <span class='ocrx_word' id='word_1_149' title='bbox 1221 2089 1284 2140; x_wconf 87' lang='lat' dir='ltr'><strong>per-</strong></span> 
     </span>
     <span class='ocr_line' id='line_1_17' title="bbox 198 2141 1285 2212; baseline 0.009 -22"><span class='ocrx_word' id='word_1_150' title='bbox 198 2146 262 2196; x_wconf 79' lang='lat' dir='ltr'><strong>·doe</strong></span> <span class='ocrx_word' id='word_1_151' title='bbox 279 2144 462 2194; x_wconf 81' lang='lat' dir='ltr'><strong>Gtiickairiedl»</strong></span> <span class='ocrx_word' id='word_1_152' title='bbox 487 2144 569 2206; x_wconf 86' lang='lat' dir='ltr'><strong>(mhd.</strong></span> <span class='ocrx_word' id='word_1_153' title='bbox 588 2145 633 2193; x_wconf 87' lang='lat' dir='ltr'><strong>der</strong></span> <span class='ocrx_word' id='word_1_154' title='bbox 650 2144 723 2194; x_wconf 89' lang='lat' dir='ltr'><strong>Soet-</strong></span> <span class='ocrx_word' id='word_1_155' title='bbox 760 2157 843 2194; x_wconf 89' lang='lat' dir='ltr'><strong>sonae</strong></span> <span class='ocrx_word' id='word_1_156' title='bbox 860 2141 943 2196; x_wconf 87' lang='lat' dir='ltr'><strong>altera</strong></span> <span class='ocrx_word' id='word_1_157' title='bbox 960 2145 1028 2196; x_wconf 89' lang='lat' dir='ltr'><strong>haec</strong></span> <span class='ocrx_word' id='word_1_158' title='bbox 1045 2147 1214 2212; x_wconf 88' lang='lat' dir='ltr'><strong>interrogatio</strong></span> <span class='ocrx_word' id='word_1_159' title='bbox 1237 2152 1285 2200; x_wconf 90' lang='lat' dir='ltr'><strong>tri-</strong></span> 
     </span>
     <span class='ocr_line' id='line_1_18' title="bbox 197 2217 1284 2289; baseline 0.013 -28"><span class='ocrx_word' id='word_1_160' title='bbox 197 2221 246 2270; x_wconf 60' lang='lat' dir='ltr'><strong>ae„</strong></span> <span class='ocrx_word' id='word_1_161' title='bbox 264 2219 350 2283; x_wconf 67' lang='lat' dir='ltr'><strong>em.)</strong></span> <span class='ocrx_word' id='word_1_162' title='bbox 760 2217 868 2269; x_wconf 88' lang='lat' dir='ltr'><strong>buenda</strong></span> <span class='ocrx_word' id='word_1_163' title='bbox 885 2221 935 2268; x_wconf 88' lang='lat' dir='ltr'><strong>est.</strong></span> <span class='ocrx_word' id='word_1_164' title='bbox 962 2245 989 2255; x_wconf 92' lang='lat'>-</span> <span class='ocrx_word' id='word_1_165' title='bbox 1008 2221 1127 2272; x_wconf 75' lang='lat' dir='ltr'><strong>militibus</strong></span> <span class='ocrx_word' id='word_1_166' title='bbox 1146 2224 1284 2289; x_wconf 78' lang='lat' dir='ltr'><strong>promisse]</strong></span> 
     </span>
    </p>

    <p class='ocr_par' dir='ltr' id='par_1_6' title="bbox 194 2293 1285 3768">
     <span class='ocr_line' id='line_1_19' title="bbox 230 2293 1282 2362; baseline 0.007 -18"><span class='ocrx_word' id='word_1_167' title='bbox 230 2293 320 2344; x_wconf 76' lang='grc'><strong>544-56.</strong></span> <span class='ocrx_word' id='word_1_168' title='bbox 349 2293 467 2356; x_wconf 71' lang='lat' dir='ltr'><strong>Frtotdss</strong></span> <span class='ocrx_word' id='word_1_169' title='bbox 482 2293 545 2357; x_wconf 77' lang='lat' dir='ltr'><strong>oet]</strong></span> <span class='ocrx_word' id='word_1_170' title='bbox 563 2295 624 2356; x_wconf 75' lang='lat' dir='ltr'><strong>aqui</strong></span> <span class='ocrx_word' id='word_1_171' title='bbox 641 2293 722 2358; x_wconf 80' lang='lat' dir='ltr'><strong>trigue</strong></span> <span class='ocrx_word' id='word_1_172' title='bbox 760 2293 808 2344; x_wconf 89' lang='lat' dir='ltr'><strong>liic</strong></span> <span class='ocrx_word' id='word_1_173' title='bbox 825 2306 932 2357; x_wconf 87' lang='lat' dir='ltr'><strong>quoque</strong></span> <span class='ocrx_word' id='word_1_174' title='bbox 950 2293 1047 2345; x_wconf 87' lang='lat' dir='ltr'><strong>eodem</strong></span> <span class='ocrx_word' id='word_1_175' title='bbox 1062 2298 1184 2361; x_wconf 88' lang='lat' dir='ltr'><strong>tempore</strong></span> <span class='ocrx_word' id='word_1_176' title='bbox 1203 2299 1235 2362; x_wconf 83' lang='lat' dir='ltr'><strong>(a.</strong></span> <span class='ocrx_word' id='word_1_177' title='bbox 1254 2311 1282 2351; x_wconf 88' lang='lat' dir='ltr'><strong>n.</strong></span> 
     </span>
     <span class='ocr_line' id='line_1_20' title="bbox 196 2367 1283 2434; baseline 0.003 -15"><span class='ocrx_word' id='word_1_178' title='bbox 196 2372 226 2419; x_wconf 85' lang='lat' dir='ltr'><strong>et</strong></span> <span class='ocrx_word' id='word_1_179' title='bbox 242 2368 368 2418; x_wconf 90' lang='lat' dir='ltr'><strong>timorem</strong></span> <span class='ocrx_word' id='word_1_180' title='bbox 384 2369 502 2418; x_wconf 73' lang='lat' dir='ltr'><strong>incutit.»</strong></span> <span class='ocrx_word' id='word_1_181' title='bbox 543 2367 582 2418; x_wconf 87' lang='lat' dir='ltr'><strong>Cl.</strong></span> <span class='ocrx_word' id='word_1_182' title='bbox 604 2369 670 2433; x_wconf 88' lang='lat' dir='ltr'><strong>Epp.</strong></span> <span class='ocrx_word' id='word_1_183' title='bbox 692 2370 721 2426; x_wconf 91' lang='grc'><strong>4,</strong></span> <span class='ocrx_word' id='word_1_184' title='bbox 761 2381 785 2419; x_wconf 90' lang='lat' dir='ltr'><strong>c.</strong></span> <span class='ocrx_word' id='word_1_185' title='bbox 804 2367 861 2417; x_wconf 76' lang='lat'><strong>723.</strong></span> <span class='ocrx_word' id='word_1_186' title='bbox 885 2369 1006 2432; x_wconf 86' lang='lat' dir='ltr'><strong>exeunte)</strong></span> <span class='ocrx_word' id='word_1_187' title='bbox 1030 2370 1198 2434; x_wconf 89' lang='lat' dir='ltr'><strong>quotidianus</strong></span> <span class='ocrx_word' id='word_1_188' title='bbox 1215 2373 1283 2424; x_wconf 87' lang='lat' dir='ltr'><strong>civi-</strong></span> 
     </span>
     <span class='ocr_line' id='line_1_21' title="bbox 197 2441 1283 2506; baseline 0.005 -12"><span class='ocrx_word' id='word_1_189' title='bbox 197 2443 230 2502; x_wconf 78' lang='lat'><strong>3,</strong></span> <span class='ocrx_word' id='word_1_190' title='bbox 247 2443 297 2492; x_wconf 75' lang='lat'><strong>26:</strong></span> <span class='ocrx_word' id='word_1_191' title='bbox 326 2441 432 2506; x_wconf 72' lang='lat' dir='ltr'><strong>Frigido</strong></span> <span class='ocrx_word' id='word_1_192' title='bbox 456 2455 579 2493; x_wconf 77' lang='lat' dir='ltr'><strong>carcerem</strong></span> <span class='ocrx_word' id='word_1_193' title='bbox 601 2444 720 2506; x_wconf 72' lang='lat' dir='ltr'><strong>(counio</strong></span> <span class='ocrx_word' id='word_1_194' title='bbox 762 2443 822 2492; x_wconf 88' lang='lat' dir='ltr'><strong>tatis</strong></span> <span class='ocrx_word' id='word_1_195' title='bbox 838 2455 929 2492; x_wconf 90' lang='lat' dir='ltr'><strong>sermo</strong></span> <span class='ocrx_word' id='word_1_196' title='bbox 947 2445 1013 2494; x_wconf 85' lang='lat' dir='ltr'><strong>erat.</strong></span> <span class='ocrx_word' id='word_1_197' title='bbox 1049 2445 1152 2496; x_wconf 87' lang='lat' dir='ltr'><strong>Etenim</strong></span> <span class='ocrx_word' id='word_1_198' title='bbox 1174 2460 1226 2498; x_wconf 92' lang='lat' dir='ltr'><strong>non</strong></span> <span class='ocrx_word' id='word_1_199' title='bbox 1248 2448 1283 2499; x_wconf 90' lang='lat' dir='ltr'><strong>da</strong></span> 
     </span>
     <span class='ocr_line' id='line_1_22' title="bbox 199 2514 1284 2586; baseline 0.011 -26"><span class='ocrx_word' id='word_1_200' title='bbox 199 2516 241 2566; x_wconf 76' lang='lat' dir='ltr'><strong>asi</strong></span> <span class='ocrx_word' id='word_1_201' title='bbox 258 2516 366 2566; x_wconf 82' lang='lat' dir='ltr'><strong>sinister</strong></span> <span class='ocrx_word' id='word_1_202' title='bbox 381 2514 520 2580; x_wconf 85' lang='lat' dir='ltr'><strong>aliquisne</strong></span> <span class='ocrx_word' id='word_1_203' title='bbox 535 2515 722 2568; x_wconf 80' lang='lat' dir='ltr'><strong>formidolosus</strong></span> <span class='ocrx_word' id='word_1_204' title='bbox 761 2515 811 2566; x_wconf 91' lang='lat' dir='ltr'><strong>alia</strong></span> <span class='ocrx_word' id='word_1_205' title='bbox 828 2528 952 2578; x_wconf 87' lang='lat' dir='ltr'><strong>agrorum</strong></span> <span class='ocrx_word' id='word_1_206' title='bbox 965 2516 1093 2568; x_wconf 88' lang='lat' dir='ltr'><strong>divisione</strong></span> <span class='ocrx_word' id='word_1_207' title='bbox 1111 2521 1138 2570; x_wconf 87' lang='lat' dir='ltr'><strong>h.</strong></span> <span class='ocrx_word' id='word_1_208' title='bbox 1152 2519 1169 2570; x_wconf 92' lang='grc'><strong>4.</strong></span> <span class='ocrx_word' id='word_1_209' title='bbox 1179 2522 1221 2584; x_wconf 89' lang='lat' dir='ltr'><strong>agi</strong></span> <span class='ocrx_word' id='word_1_210' title='bbox 1237 2535 1284 2586; x_wconf 91' lang='lat' dir='ltr'><strong>po-</strong></span> 
     </span>
     <span class='ocr_line' id='line_1_23' title="bbox 197 2588 1285 2656; baseline 0.005 -16"><span class='ocrx_word' id='word_1_211' title='bbox 197 2603 292 2640; x_wconf 88' lang='lat' dir='ltr'><strong>rumor</strong></span> <span class='ocrx_word' id='word_1_212' title='bbox 311 2602 360 2653; x_wconf 89' lang='lat' dir='ltr'><strong>per</strong></span> <span class='ocrx_word' id='word_1_213' title='bbox 381 2588 482 2653; x_wconf 90' lang='lat' dir='ltr'><strong>singula</strong></span> <span class='ocrx_word' id='word_1_214' title='bbox 501 2591 572 2641; x_wconf 82' lang='lat' dir='ltr'><strong>bivia</strong></span> <span class='ocrx_word' id='word_1_215' title='bbox 589 2591 723 2655; x_wconf 89' lang='lat' dir='ltr'><strong>spargitur</strong></span> <span class='ocrx_word' id='word_1_216' title='bbox 761 2593 825 2650; x_wconf 89' lang='lat' dir='ltr'><strong>test,</strong></span> <span class='ocrx_word' id='word_1_217' title='bbox 850 2602 931 2654; x_wconf 90' lang='lat' dir='ltr'><strong>quam</strong></span> <span class='ocrx_word' id='word_1_218' title='bbox 950 2590 983 2640; x_wconf 90' lang='lat' dir='ltr'><strong>de</strong></span> <span class='ocrx_word' id='word_1_219' title='bbox 1002 2605 1047 2654; x_wconf 88' lang='lat' dir='ltr'><strong>ea,</strong></span> <span class='ocrx_word' id='word_1_220' title='bbox 1067 2606 1135 2656; x_wconf 87' lang='lat' dir='ltr'><strong>quae</strong></span> <span class='ocrx_word' id='word_1_221' title='bbox 1156 2595 1224 2645; x_wconf 86' lang='lat' dir='ltr'><strong>tacta</strong></span> <span class='ocrx_word' id='word_1_222' title='bbox 1242 2598 1285 2648; x_wconf 88' lang='lat' dir='ltr'><strong>est</strong></span> 
     </span>
     <span class='ocr_line' id='line_1_24' title="bbox 197 2663 1282 2728; baseline 0.006 -14"><span class='ocrx_word' id='word_1_223' title='bbox 197 2677 212 2714; x_wconf 91' lang='lat' dir='ltr'><strong>a</strong></span> <span class='ocrx_word' id='word_1_224' title='bbox 231 2665 331 2715; x_wconf 81' lang='lat' dir='ltr'><strong>uostris</strong></span> <span class='ocrx_word' id='word_1_225' title='bbox 348 2663 382 2715; x_wconf 88' lang='lat' dir='ltr'><strong>ab</strong></span> <span class='ocrx_word' id='word_1_226' title='bbox 399 2664 464 2716; x_wconf 89' lang='lat' dir='ltr'><strong>lulio</strong></span> <span class='ocrx_word' id='word_1_227' title='bbox 482 2667 598 2716; x_wconf 85' lang='lat' dir='ltr'><strong>Caesare</strong></span> <span class='ocrx_word' id='word_1_228' title='bbox 616 2667 643 2716; x_wconf 92' lang='lat' dir='ltr'><strong>in</strong></span> <span class='ocrx_word' id='word_1_229' title='bbox 663 2679 723 2716; x_wconf 87' lang='lat' dir='ltr'><strong>me·</strong></span> <span class='ocrx_word' id='word_1_230' title='bbox 760 2667 820 2728; x_wconf 89' lang='lat' dir='ltr'><strong>post</strong></span> <span class='ocrx_word' id='word_1_231' title='bbox 829 2677 945 2728; x_wconf 91' lang='lat' dir='ltr'><strong>pugnam</strong></span> <span class='ocrx_word' id='word_1_232' title='bbox 952 2666 1087 2717; x_wconf 80' lang='lat' dir='ltr'><strong>Actiacam</strong></span> <span class='ocrx_word' id='word_1_233' title='bbox 1095 2668 1183 2719; x_wconf 88' lang='lat' dir='ltr'><strong>media</strong></span> <span class='ocrx_word' id='word_1_234' title='bbox 1194 2670 1282 2721; x_wconf 88' lang='lat' dir='ltr'><strong>hieme</strong></span> 
     </span>
     <span class='ocr_line' id='line_1_25' title="bbox 196 2737 1281 2804; baseline 0.004 -14"><span class='ocrx_word' id='word_1_235' title='bbox 196 2739 242 2790; x_wconf 89' lang='lat' dir='ltr'><strong>dic</strong></span> <span class='ocrx_word' id='word_1_236' title='bbox 260 2741 326 2790; x_wconf 83' lang='lat' dir='ltr'><strong>Foro</strong></span> <span class='ocrx_word' id='word_1_237' title='bbox 343 2739 477 2790; x_wconf 84' lang='lat' dir='ltr'><strong>collocatis</strong></span> <span class='ocrx_word' id='word_1_238' title='bbox 495 2739 633 2803; x_wconf 76' lang='lat' dir='ltr'><strong>(Dezobry</strong></span> <span class='ocrx_word' id='word_1_239' title='bbox 654 2741 673 2790; x_wconf 93' lang='lat' dir='ltr'><strong>l.</strong></span> <span class='ocrx_word' id='word_1_240' title='bbox 693 2753 719 2804; x_wconf 94' lang='lat' dir='ltr'><strong>p.</strong></span> <span class='ocrx_word' id='word_1_241' title='bbox 760 2737 925 2798; x_wconf 56' lang='lat' dir='ltr'><strong>aem-mm</strong></span> <span class='ocrx_word' id='word_1_242' title='bbox 953 2751 1014 2789; x_wconf 90' lang='lat' dir='ltr'><strong>cum</strong></span> <span class='ocrx_word' id='word_1_243' title='bbox 1033 2741 1133 2792; x_wconf 84' lang='lat' dir='ltr'><strong>Caesar</strong></span> <span class='ocrx_word' id='word_1_244' title='bbox 1149 2755 1181 2792; x_wconf 85' lang='lat' dir='ltr'><strong>ex</strong></span> <span class='ocrx_word' id='word_1_245' title='bbox 1204 2746 1281 2804; x_wconf 79' lang='lat' dir='ltr'><strong>Asia,</strong></span> 
     </span>
     <span class='ocr_line' id='line_1_26' title="bbox 196 2811 1284 2879; baseline 0.003 -15"><span class='ocrx_word' id='word_1_246' title='bbox 196 2813 259 2876; x_wconf 60' lang='lat' dir='ltr'><strong>sot,</strong></span> <span class='ocrx_word' id='word_1_247' title='bbox 269 2812 342 2863; x_wconf 90' lang='lat' dir='ltr'><strong>unde</strong></span> <span class='ocrx_word' id='word_1_248' title='bbox 350 2815 467 2878; x_wconf 90' lang='lat' dir='ltr'><strong>primum</strong></span> <span class='ocrx_word' id='word_1_249' title='bbox 476 2815 618 2876; x_wconf 80' lang='lat' dir='ltr'><strong>emanavit,</strong></span> <span class='ocrx_word' id='word_1_250' title='bbox 626 2826 722 2864; x_wconf 86' lang='lat' dir='ltr'><strong>omnes</strong></span> <span class='ocrx_word' id='word_1_251' title='bbox 760 2813 806 2864; x_wconf 90' lang='lat' dir='ltr'><strong>ubi</strong></span> <span class='ocrx_word' id='word_1_252' title='bbox 823 2815 881 2863; x_wconf 89' lang='lat' dir='ltr'><strong>tum</strong></span> <span class='ocrx_word' id='word_1_253' title='bbox 893 2811 1058 2872; x_wconf 88' lang='lat' dir='ltr'><strong>morabatur,</strong></span> <span class='ocrx_word' id='word_1_254' title='bbox 1078 2818 1189 2879; x_wconf 86' lang='lat' dir='ltr'><strong>repente</strong></span> <span class='ocrx_word' id='word_1_255' title='bbox 1201 2817 1284 2868; x_wconf 80' lang='lat' dir='ltr'><strong>lirun-</strong></span> 
     </span>
     <span class='ocr_line' id='line_1_27' title="bbox 196 2885 1284 2953; baseline 0.002 -15"><span class='ocrx_word' id='word_1_256' title='bbox 196 2901 242 2938; x_wconf 88' lang='lat' dir='ltr'><strong>me</strong></span> <span class='ocrx_word' id='word_1_257' title='bbox 258 2901 354 2938; x_wconf 87' lang='lat' dir='ltr'><strong>verum</strong></span> <span class='ocrx_word' id='word_1_258' title='bbox 371 2888 440 2939; x_wconf 88' lang='lat' dir='ltr'><strong>scire</strong></span> <span class='ocrx_word' id='word_1_259' title='bbox 458 2889 612 2952; x_wconf 84' lang='lat' dir='ltr'><strong>opinantur,</strong></span> <span class='ocrx_word' id='word_1_260' title='bbox 630 2891 721 2953; x_wconf 87' lang='lat' dir='ltr'><strong>utpote</strong></span> <span class='ocrx_word' id='word_1_261' title='bbox 760 2887 857 2939; x_wconf 89' lang='lat' dir='ltr'><strong>disium</strong></span> <span class='ocrx_word' id='word_1_262' title='bbox 873 2885 1009 2951; x_wconf 85' lang='lat' dir='ltr'><strong>proiectus</strong></span> <span class='ocrx_word' id='word_1_263' title='bbox 1026 2891 1099 2938; x_wconf 87' lang='lat' dir='ltr'><strong>esset</strong></span> <span class='ocrx_word' id='word_1_264' title='bbox 1115 2889 1149 2938; x_wconf 89' lang='lat' dir='ltr'><strong>ad</strong></span> <span class='ocrx_word' id='word_1_265' title='bbox 1173 2891 1284 2940; x_wconf 89' lang='lat' dir='ltr'><strong>seditio-</strong></span> 
     </span>
     <span class='ocr_line' id='line_1_28' title="bbox 196 2961 1283 3026; baseline 0.006 -16"><span class='ocrx_word' id='word_1_266' title='bbox 196 2962 243 3025; x_wconf 91' lang='lat' dir='ltr'><strong>qni</strong></span> <span class='ocrx_word' id='word_1_267' title='bbox 254 2961 418 3025; x_wconf 83' lang='lat' dir='ltr'><strong>principibus</strong></span> <span class='ocrx_word' id='word_1_268' title='bbox 426 2963 489 3012; x_wconf 86' lang='lat' dir='ltr'><strong>viris</strong></span> <span class='ocrx_word' id='word_1_269' title='bbox 498 2963 634 3026; x_wconf 82' lang='lat' dir='ltr'><strong>proximus</strong></span> <span class='ocrx_word' id='word_1_270' title='bbox 643 2963 719 3012; x_wconf 62' lang='lat' dir='ltr'><strong>simo</strong></span> <span class='ocrx_word' id='word_1_271' title='bbox 760 2974 821 3012; x_wconf 89' lang='lat' dir='ltr'><strong>uem</strong></span> <span class='ocrx_word' id='word_1_272' title='bbox 837 2963 1036 3022; x_wconf 87' lang='lat' dir='ltr'><strong>veteranorum,</strong></span> <span class='ocrx_word' id='word_1_273' title='bbox 1056 2973 1124 3024; x_wconf 89' lang='lat' dir='ltr'><strong>quos</strong></span> <span class='ocrx_word' id='word_1_274' title='bbox 1135 2963 1193 3012; x_wconf 84' lang='lat' dir='ltr'><strong>sine</strong></span> <span class='ocrx_word' id='word_1_275' title='bbox 1206 2963 1283 3017; x_wconf 88' lang='lat' dir='ltr'><strong>donis</strong></span> 
     </span>
     <span class='ocr_line' id='line_1_29' title="bbox 199 3036 1280 3100; baseline 0.003 -15"><span class='ocrx_word' id='word_1_276' title='bbox 199 3061 228 3072; x_wconf 81' lang='lat'><em>-</em></span> <span class='ocrx_word' id='word_1_277' title='bbox 242 3037 420 3098; x_wconf 78' lang='lat' dir='ltr'><strong>per-compito]</strong></span> <span class='ocrx_word' id='word_1_278' title='bbox 437 3049 507 3100; x_wconf 87' lang='lat' dir='ltr'><strong>quae</strong></span> <span class='ocrx_word' id='word_1_279' title='bbox 522 3038 665 3100; x_wconf 77' lang='lat' dir='ltr'><strong>(requmtic</strong></span> <span class='ocrx_word' id='word_1_280' title='bbox 675 3049 722 3086; x_wconf 88' lang='lat' dir='ltr'><strong>vo·</strong></span> <span class='ocrx_word' id='word_1_281' title='bbox 759 3036 908 3095; x_wconf 79' lang='lat' dir='ltr'><strong>dimiserat,</strong></span> <span class='ocrx_word' id='word_1_282' title='bbox 922 3036 1155 3099; x_wconf 88' lang='lat' dir='ltr'><strong>compescendam.</strong></span> <span class='ocrx_word' id='word_1_283' title='bbox 1174 3039 1223 3088; x_wconf 87' lang='lat' dir='ltr'><strong>Dio</strong></span> <span class='ocrx_word' id='word_1_284' title='bbox 1235 3041 1280 3097; x_wconf 82' lang='lat' dir='ltr'><strong>ci,</strong></span> 
     </span>
     <span class='ocr_line' id='line_1_30' title="bbox 195 3107 1282 3176; baseline 0.004 -16"><span class='ocrx_word' id='word_1_285' title='bbox 195 3112 242 3160; x_wconf 90' lang='lat' dir='ltr'><strong>cat</strong></span> <span class='ocrx_word' id='word_1_286' title='bbox 258 3111 312 3160; x_wconf 89' lang='lat' dir='ltr'><strong>Sat.</strong></span> <span class='ocrx_word' id='word_1_287' title='bbox 325 3111 354 3169; x_wconf 72' lang='lat'><strong>2,</strong></span> <span class='ocrx_word' id='word_1_288' title='bbox 373 3109 404 3170; x_wconf 83' lang='lat'><strong>3,</strong></span> <span class='ocrx_word' id='word_1_289' title='bbox 422 3111 462 3160; x_wconf 79' lang='lat' dir='ltr'><strong>st.</strong></span> <span class='ocrx_word' id='word_1_290' title='bbox 484 3135 511 3146; x_wconf 90' lang='lat'><em>-</em></span> <span class='ocrx_word' id='word_1_291' title='bbox 530 3111 642 3176; x_wconf 63' lang='lat' dir='ltr'><strong>merom]</strong></span> <span class='ocrx_word' id='word_1_292' title='bbox 662 3109 720 3162; x_wconf 85' lang='lat' dir='ltr'><strong>Noli</strong></span> <span class='ocrx_word' id='word_1_293' title='bbox 759 3109 783 3161; x_wconf 88' lang='grc'><strong>4.</strong></span> <span class='ocrx_word' id='word_1_294' title='bbox 827 3109 883 3169; x_wconf 86' lang='lat' dir='ltr'><strong>Qua</strong></span> <span class='ocrx_word' id='word_1_295' title='bbox 908 3109 1048 3159; x_wconf 87' lang='lat' dir='ltr'><strong>occasione</strong></span> <span class='ocrx_word' id='word_1_296' title='bbox 1077 3107 1202 3161; x_wconf 88' lang='lat' dir='ltr'><strong>militibus</strong></span> <span class='ocrx_word' id='word_1_297' title='bbox 1227 3114 1282 3164; x_wconf 91' lang='lat' dir='ltr'><strong>suis</strong></span> 
     </span>
     <span class='ocr_line' id='line_1_31' title="bbox 196 3182 1282 3250; baseline 0.001 -16"><span class='ocrx_word' id='word_1_298' title='bbox 196 3197 298 3248; x_wconf 88' lang='lat' dir='ltr'><strong>ponere</strong></span> <span class='ocrx_word' id='word_1_299' title='bbox 324 3185 536 3248; x_wconf 79' lang='lat' dir='ltr'><strong>interrogationis</strong></span> <span class='ocrx_word' id='word_1_300' title='bbox 559 3186 664 3249; x_wconf 87' lang='lat' dir='ltr'><strong>signum</strong></span> <span class='ocrx_word' id='word_1_301' title='bbox 688 3199 720 3236; x_wconf 85' lang='lat' dir='ltr'><strong>ex</strong></span> <span class='ocrx_word' id='word_1_302' title='bbox 758 3185 855 3250; x_wconf 89' lang='lat' dir='ltr'><strong>partim</strong></span> <span class='ocrx_word' id='word_1_303' title='bbox 871 3183 1013 3248; x_wconf 87' lang='lat' dir='ltr'><strong>pecuniam</strong></span> <span class='ocrx_word' id='word_1_304' title='bbox 1030 3182 1115 3244; x_wconf 88' lang='lat' dir='ltr'><strong>dedit,</strong></span> <span class='ocrx_word' id='word_1_305' title='bbox 1140 3184 1209 3247; x_wconf 87' lang='lat' dir='ltr'><strong>aliis,</strong></span> <span class='ocrx_word' id='word_1_306' title='bbox 1236 3188 1282 3250; x_wconf 92' lang='lat' dir='ltr'><strong>qui</strong></span> 
     </span>
     <span class='ocr_line' id='line_1_32' title="bbox 195 3255 1282 3324; baseline 0.004 -15"><span class='ocrx_word' id='word_1_307' title='bbox 195 3271 247 3310; x_wconf 88' lang='lat' dir='ltr'><strong>usu</strong></span> <span class='ocrx_word' id='word_1_308' title='bbox 273 3259 452 3308; x_wconf 86' lang='lat' dir='ltr'><strong>recentiorum</strong></span> <span class='ocrx_word' id='word_1_309' title='bbox 477 3258 635 3322; x_wconf 85' lang='lat' dir='ltr'><strong>linguarum.</strong></span> <span class='ocrx_word' id='word_1_310' title='bbox 666 3259 719 3312; x_wconf 83' lang='lat' dir='ltr'><strong>Cir.</strong></span> <span class='ocrx_word' id='word_1_311' title='bbox 759 3259 846 3310; x_wconf 88' lang='lat' dir='ltr'><strong>omnia</strong></span> <span class='ocrx_word' id='word_1_312' title='bbox 856 3269 949 3308; x_wconf 90' lang='lat' dir='ltr'><strong>secum</strong></span> <span class='ocrx_word' id='word_1_313' title='bbox 961 3255 1029 3307; x_wconf 87' lang='lat' dir='ltr'><strong>bella</strong></span> <span class='ocrx_word' id='word_1_314' title='bbox 1039 3259 1193 3321; x_wconf 89' lang='lat' dir='ltr'><strong>gessissent,</strong></span> <span class='ocrx_word' id='word_1_315' title='bbox 1204 3273 1282 3324; x_wconf 89' lang='lat' dir='ltr'><strong>egros</strong></span> 
     </span>
     <span class='ocr_line' id='line_1_33' title="bbox 195 3331 1280 3397; baseline 0.001 -13"><span class='ocrx_word' id='word_1_316' title='bbox 195 3334 263 3397; x_wconf 84' lang='lat' dir='ltr'><strong>Epp.</strong></span> <span class='ocrx_word' id='word_1_317' title='bbox 284 3334 313 3392; x_wconf 98' lang='grc'><strong>4,</strong></span> <span class='ocrx_word' id='word_1_318' title='bbox 332 3335 359 3392; x_wconf 92' lang='grc'><strong>4,</strong></span> <span class='ocrx_word' id='word_1_319' title='bbox 378 3333 419 3383; x_wconf 84' lang='grc'><strong>87.</strong></span> <span class='ocrx_word' id='word_1_320' title='bbox 442 3361 468 3370; x_wconf 90' lang='grc'>-</span> <span class='ocrx_word' id='word_1_321' title='bbox 487 3335 573 3396; x_wconf 66' lang='lat' dir='ltr'><strong>Date]</strong></span> <span class='ocrx_word' id='word_1_322' title='bbox 594 3335 662 3385; x_wconf 88' lang='lat' dir='ltr'><strong>Cum</strong></span> <span class='ocrx_word' id='word_1_323' title='bbox 679 3335 720 3386; x_wconf 89' lang='lat' dir='ltr'><strong>his</strong></span> <span class='ocrx_word' id='word_1_324' title='bbox 759 3335 839 3384; x_wconf 89' lang='lat' dir='ltr'><strong>etiem</strong></span> <span class='ocrx_word' id='word_1_325' title='bbox 863 3331 1006 3394; x_wconf 83' lang='lat' dir='ltr'><strong>assignavit</strong></span> <span class='ocrx_word' id='word_1_326' title='bbox 1026 3345 1121 3382; x_wconf 88' lang='lat' dir='ltr'><strong>eorum</strong></span> <span class='ocrx_word' id='word_1_327' title='bbox 1146 3333 1280 3395; x_wconf 89' lang='lat' dir='ltr'><strong>italorum,</strong></span> 
     </span>
     <span class='ocr_line' id='line_1_34' title="bbox 194 3407 1280 3472; baseline 0 -14"><span class='ocrx_word' id='word_1_328' title='bbox 194 3407 718 3472; x_wconf 69' lang='lat' dir='ltr'><strong>tt.lntoniisocits,ipsoittonnnotsa,</strong></span> <span class='ocrx_word' id='word_1_329' title='bbox 758 3408 804 3472; x_wconf 91' lang='lat' dir='ltr'><strong>qui</strong></span> <span class='ocrx_word' id='word_1_330' title='bbox 831 3407 935 3457; x_wconf 79' lang='lat' dir='ltr'><strong>Antonii</strong></span> <span class='ocrx_word' id='word_1_331' title='bbox 963 3408 1054 3470; x_wconf 87' lang='lat' dir='ltr'><strong>partes</strong></span> <span class='ocrx_word' id='word_1_332' title='bbox 1082 3409 1165 3458; x_wconf 87' lang='lat' dir='ltr'><strong>secuti</strong></span> <span class='ocrx_word' id='word_1_333' title='bbox 1195 3412 1280 3460; x_wconf 85' lang='lat' dir='ltr'><strong>erant.</strong></span> 
     </span>
     <span class='ocr_line' id='line_1_35' title="bbox 195 3481 1280 3547; baseline 0.001 -15"><span class='ocrx_word' id='word_1_334' title='bbox 195 3493 251 3546; x_wconf 86' lang='lat' dir='ltr'><strong>quc</strong></span> <span class='ocrx_word' id='word_1_335' title='bbox 280 3481 346 3532; x_wconf 87' lang='lat' dir='ltr'><strong>baec</strong></span> <span class='ocrx_word' id='word_1_336' title='bbox 374 3481 458 3530; x_wconf 84' lang='lat' dir='ltr'><strong>Satira</strong></span> <span class='ocrx_word' id='word_1_337' title='bbox 486 3481 633 3546; x_wconf 87' lang='lat' dir='ltr'><strong>composita</strong></span> <span class='ocrx_word' id='word_1_338' title='bbox 665 3485 718 3544; x_wconf 87' lang='lat' dir='ltr'><strong>est,</strong></span> <span class='ocrx_word' id='word_1_339' title='bbox 759 3483 812 3533; x_wconf 86' lang='lat' dir='ltr'><strong>Cir.</strong></span> <span class='ocrx_word' id='word_1_340' title='bbox 826 3481 1085 3540; x_wconf 85' lang='lat' dir='ltr'><strong>KircbnerQuaestt.</strong></span> <span class='ocrx_word' id='word_1_341' title='bbox 1099 3483 1188 3533; x_wconf 86' lang='lat' dir='ltr'><strong>Horat.</strong></span> <span class='ocrx_word' id='word_1_342' title='bbox 1202 3483 1280 3547; x_wconf 68' lang='lat' dir='ltr'><strong>pii.</strong></span> 
     </span>
     <span class='ocr_line' id='line_1_36' title="bbox 195 3553 1282 3620; baseline 0.004 -16"><span class='ocrx_word' id='word_1_343' title='bbox 195 3553 296 3605; x_wconf 81' lang='lat' dir='ltr'><strong>bellum</strong></span> <span class='ocrx_word' id='word_1_344' title='bbox 314 3554 471 3618; x_wconf 71' lang='lat' dir='ltr'><strong>gerebatur,</strong></span> <span class='ocrx_word' id='word_1_345' title='bbox 490 3554 524 3605; x_wconf 88' lang='lat' dir='ltr'><strong>ad</strong></span> <span class='ocrx_word' id='word_1_346' title='bbox 539 3556 612 3618; x_wconf 90' lang='lat' dir='ltr'><strong>qnod</strong></span> <span class='ocrx_word' id='word_1_347' title='bbox 623 3571 647 3606; x_wconf 91' lang='lat' dir='ltr'><strong>a.</strong></span> <span class='ocrx_word' id='word_1_348' title='bbox 661 3556 718 3608; x_wconf 74' lang='lat' dir='ltr'><strong>tat.</strong></span> <span class='ocrx_word' id='word_1_349' title='bbox 759 3558 816 3617; x_wconf 84' lang='lat' dir='ltr'><strong>Quo</strong></span> <span class='ocrx_word' id='word_1_350' title='bbox 833 3559 955 3619; x_wconf 88' lang='lat' dir='ltr'><strong>tempore</strong></span> <span class='ocrx_word' id='word_1_351' title='bbox 967 3555 1035 3606; x_wconf 87' lang='lat' dir='ltr'><strong>haec</strong></span> <span class='ocrx_word' id='word_1_352' title='bbox 1046 3558 1166 3620; x_wconf 85' lang='lat' dir='ltr'><strong>scripsit,</strong></span> <span class='ocrx_word' id='word_1_353' title='bbox 1186 3559 1282 3608; x_wconf 89' lang='lat' dir='ltr'><strong>etiam·</strong></span> 
     </span>
     <span class='ocr_line' id='line_1_37' title="bbox 196 3627 1281 3693; baseline 0 -13"><span class='ocrx_word' id='word_1_354' title='bbox 196 3630 231 3680; x_wconf 87' lang='grc'><strong>44.</strong></span> <span class='ocrx_word' id='word_1_355' title='bbox 244 3630 370 3690; x_wconf 87' lang='lat' dir='ltr'><strong>Crassus,</strong></span> <span class='ocrx_word' id='word_1_356' title='bbox 397 3627 479 3690; x_wconf 89' lang='lat' dir='ltr'><strong>illius,</strong></span> <span class='ocrx_word' id='word_1_357' title='bbox 507 3629 552 3693; x_wconf 89' lang='lat' dir='ltr'><strong>qui</strong></span> <span class='ocrx_word' id='word_1_358' title='bbox 577 3643 592 3680; x_wconf 97' lang='lat' dir='ltr'><strong>a</strong></span> <span class='ocrx_word' id='word_1_359' title='bbox 618 3631 720 3682; x_wconf 88' lang='lat' dir='ltr'><strong>Parthis</strong></span> <span class='ocrx_word' id='word_1_360' title='bbox 758 3633 821 3680; x_wconf 88' lang='lat' dir='ltr'><strong>tunc</strong></span> <span class='ocrx_word' id='word_1_361' title='bbox 838 3628 1036 3692; x_wconf 79' lang='lat' dir='ltr'><strong>ambigebatur,</strong></span> <span class='ocrx_word' id='word_1_362' title='bbox 1055 3631 1180 3680; x_wconf 86' lang='lat' dir='ltr'><strong>utrumne</strong></span> <span class='ocrx_word' id='word_1_363' title='bbox 1198 3632 1224 3680; x_wconf 90' lang='lat' dir='ltr'><strong>in</strong></span> <span class='ocrx_word' id='word_1_364' title='bbox 1240 3632 1281 3680; x_wconf 87' lang='lat' dir='ltr'><strong>Si·</strong></span> 
     </span>
     <span class='ocr_line' id='line_1_38' title="bbox 195 3702 1281 3768; baseline -0.001 -13"><span class='ocrx_word' id='word_1_365' title='bbox 195 3704 302 3756; x_wconf 88' lang='lat' dir='ltr'><strong>occisus</strong></span> <span class='ocrx_word' id='word_1_366' title='bbox 314 3704 368 3764; x_wconf 90' lang='lat' dir='ltr'><strong>est,</strong></span> <span class='ocrx_word' id='word_1_367' title='bbox 382 3702 464 3764; x_wconf 87' lang='lat' dir='ltr'><strong>tilius,</strong></span> <span class='ocrx_word' id='word_1_368' title='bbox 477 3703 576 3755; x_wconf 88' lang='lat' dir='ltr'><strong>missus</strong></span> <span class='ocrx_word' id='word_1_369' title='bbox 588 3706 637 3755; x_wconf 88' lang='lat' dir='ltr'><strong>est.</strong></span> <span class='ocrx_word' id='word_1_370' title='bbox 656 3705 718 3768; x_wconf 81' lang='lat' dir='ltr'><strong>(Cir.</strong></span> <span class='ocrx_word' id='word_1_371' title='bbox 758 3703 816 3756; x_wconf 89' lang='lat' dir='ltr'><strong>cilia</strong></span> <span class='ocrx_word' id='word_1_372' title='bbox 833 3717 866 3754; x_wconf 90' lang='lat' dir='ltr'><strong>un</strong></span> <span class='ocrx_word' id='word_1_373' title='bbox 884 3704 910 3754; x_wconf 92' lang='lat' dir='ltr'><strong>in</strong></span> <span class='ocrx_word' id='word_1_374' title='bbox 927 3703 1000 3753; x_wconf 88' lang='lat' dir='ltr'><strong>ltalia</strong></span> <span class='ocrx_word' id='word_1_375' title='bbox 1022 3705 1155 3755; x_wconf 87' lang='lat' dir='ltr'><strong>veteranis</strong></span> <span class='ocrx_word' id='word_1_376' title='bbox 1181 3705 1281 3755; x_wconf 89' lang='lat' dir='ltr'><strong>tumul-</strong></span> 
     </span>
    </p>
   </div>
   <div class='ocr_carea' id='block_1_5' title="bbox 195 3775 1363 3842">
    <p class='ocr_par' dir='ltr' id='par_1_7' title="bbox 195 3775 1363 3842">
     <span class='ocr_line' id='line_1_39' title="bbox 195 3775 1363 3842; baseline -0.002 -11"><span class='ocrx_word' id='word_1_377' title='bbox 195 3778 244 3831; x_wconf 87' lang='lat' dir='ltr'><strong>0d.</strong></span> <span class='ocrx_word' id='word_1_378' title='bbox 262 3777 292 3837; x_wconf 83' lang='grc'><strong>3,</strong></span> <span class='ocrx_word' id='word_1_379' title='bbox 317 3779 346 3838; x_wconf 89' lang='grc'><strong>6,</strong></span> <span class='ocrx_word' id='word_1_380' title='bbox 371 3775 421 3839; x_wconf 86' lang='grc'><strong>44.)</strong></span> <span class='ocrx_word' id='word_1_381' title='bbox 441 3805 469 3814; x_wconf 88' lang='grc'><strong>--</strong></span> <span class='ocrx_word' id='word_1_382' title='bbox 487 3777 549 3841; x_wconf 78' lang='lat' dir='ltr'><strong>eris]</strong></span> <span class='ocrx_word' id='word_1_383' title='bbox 568 3780 720 3842; x_wconf 75' lang='lat' dir='ltr'><strong>«quemad-</strong></span> <span class='ocrx_word' id='word_1_384' title='bbox 757 3777 893 3830; x_wconf 82' lang='lat' dir='ltr'><strong>tuentibus</strong></span> <span class='ocrx_word' id='word_1_385' title='bbox 911 3779 1010 3830; x_wconf 89' lang='lat' dir='ltr'><strong>Caesar</strong></span> <span class='ocrx_word' id='word_1_386' title='bbox 1026 3791 1105 3841; x_wconf 76' lang='lat' dir='ltr'><strong>agrem</strong></span> <span class='ocrx_word' id='word_1_387' title='bbox 1118 3777 1229 3828; x_wconf 88' lang='lat' dir='ltr'><strong>daturus</strong></span> <span class='ocrx_word' id='word_1_388' title='bbox 1240 3791 1282 3829; x_wconf 88' lang='lat' dir='ltr'><strong>es·</strong></span> <span class='ocrx_word' id='word_1_389' title='bbox 1351 3777 1363 3790; x_wconf 68' lang='lat'><em>⁶</em></span> 
     </span>
    </p>
   </div>
   <div class='ocr_carea' id='block_1_6' title="bbox 193 3850 1282 4366">
    <p class='ocr_par' dir='ltr' id='par_1_8' title="bbox 193 3850 1282 4366">
     <span class='ocr_line' id='line_1_40' title="bbox 194 3850 1280 3916; baseline -0.001 -11"><span class='ocrx_word' id='word_1_390' title='bbox 194 3853 390 3906; x_wconf 88' lang='lat' dir='ltr'><strong>modumnunc</strong></span> <span class='ocrx_word' id='word_1_391' title='bbox 403 3865 447 3913; x_wconf 89' lang='lat' dir='ltr'><strong>es,</strong></span> <span class='ocrx_word' id='word_1_392' title='bbox 460 3853 719 3914; x_wconf 86' lang='lat' dir='ltr'><strong>eioetiam,utmibi</strong></span> <span class='ocrx_word' id='word_1_393' title='bbox 757 3856 806 3906; x_wconf 89' lang='lat' dir='ltr'><strong>set.</strong></span> <span class='ocrx_word' id='word_1_394' title='bbox 832 3877 859 3889; x_wconf 88' lang='lat'><em>-</em></span> <span class='ocrx_word' id='word_1_395' title='bbox 889 3852 1034 3916; x_wconf 79' lang='lat' dir='ltr'><strong>Triquetra]</strong></span> <span class='ocrx_word' id='word_1_396' title='bbox 1061 3850 1201 3911; x_wconf 72' lang='lat' dir='ltr'><strong>«tellure»,</strong></span> <span class='ocrx_word' id='word_1_397' title='bbox 1227 3865 1280 3903; x_wconf 91' lang='lat' dir='ltr'><strong>noa</strong></span> 
     </span>
     <span class='ocr_line' id='line_1_41' title="bbox 193 3925 1282 3998; baseline -0.004 -19"><span class='ocrx_word' id='word_1_398' title='bbox 193 3927 300 3988; x_wconf 83' lang='lat' dir='ltr'><strong>videre,</strong></span> <span class='ocrx_word' id='word_1_399' title='bbox 319 3929 373 3978; x_wconf 88' lang='lat' dir='ltr'><strong>eris</strong></span> <span class='ocrx_word' id='word_1_400' title='bbox 390 3927 593 3991; x_wconf 89' lang='lat' dir='ltr'><strong>inperpetuum</strong></span> <span class='ocrx_word' id='word_1_401' title='bbox 610 3925 718 3998; x_wconf 65' lang='lat' dir='ltr'><strong>sipon·</strong></span> <span class='ocrx_word' id='word_1_402' title='bbox 759 3927 908 3993; x_wconf 75' lang='lat' dir='ltr'><strong>apraedin.»</strong></span> <span class='ocrx_word' id='word_1_403' title='bbox 938 3927 1070 3988; x_wconf 78' lang='lat' dir='ltr'><strong>Triquetra</strong></span> <span class='ocrx_word' id='word_1_404' title='bbox 1086 3939 1134 3989; x_wconf 90' lang='lat' dir='ltr'><strong>pro</strong></span> <span class='ocrx_word' id='word_1_405' title='bbox 1150 3927 1282 3991; x_wconf 65' lang='lat' dir='ltr'><strong>mengede</strong></span> 
     </span>
     <span class='ocr_line' id='line_1_42' title="bbox 194 4001 1279 4064; baseline -0.003 -10"><span class='ocrx_word' id='word_1_406' title='bbox 194 4005 234 4054; x_wconf 86' lang='lat' dir='ltr'><strong>De</strong></span> <span class='ocrx_word' id='word_1_407' title='bbox 252 4002 386 4062; x_wconf 87' lang='lat' dir='ltr'><strong>derisore,</strong></span> <span class='ocrx_word' id='word_1_408' title='bbox 406 4001 574 4052; x_wconf 77' lang='lat' dir='ltr'><strong>«simulatore</strong></span> <span class='ocrx_word' id='word_1_409' title='bbox 592 4015 624 4052; x_wconf 90' lang='lat' dir='ltr'><strong>ac</strong></span> <span class='ocrx_word' id='word_1_410' title='bbox 641 4003 720 4053; x_wconf 89' lang='lat' dir='ltr'><strong>dissi·</strong></span> <span class='ocrx_word' id='word_1_411' title='bbox 757 4004 828 4054; x_wconf 90' lang='lat' dir='ltr'><strong>diota</strong></span> <span class='ocrx_word' id='word_1_412' title='bbox 840 4004 881 4053; x_wconf 90' lang='lat' dir='ltr'><strong>est</strong></span> <span class='ocrx_word' id='word_1_413' title='bbox 897 4001 981 4051; x_wconf 80' lang='lat' dir='ltr'><strong>Sicilia</strong></span> <span class='ocrx_word' id='word_1_414' title='bbox 993 4013 1008 4050; x_wconf 89' lang='lat' dir='ltr'><strong>a</strong></span> <span class='ocrx_word' id='word_1_415' title='bbox 1021 4001 1105 4051; x_wconf 86' lang='lat' dir='ltr'><strong>torma</strong></span> <span class='ocrx_word' id='word_1_416' title='bbox 1118 4001 1279 4064; x_wconf 87' lang='lat' dir='ltr'><strong>triangulari,</strong></span> 
     </span>
     <span class='ocr_line' id='line_1_43' title="bbox 194 4074 1280 4141; baseline -0.003 -12"><span class='ocrx_word' id='word_1_417' title='bbox 194 4076 327 4130; x_wconf 81' lang='lat' dir='ltr'><strong>motatore</strong></span> <span class='ocrx_word' id='word_1_418' title='bbox 349 4075 452 4139; x_wconf 85' lang='lat' dir='ltr'><strong>(Salust.</strong></span> <span class='ocrx_word' id='word_1_419' title='bbox 471 4075 544 4127; x_wconf 89' lang='lat' dir='ltr'><strong>Catil.</strong></span> <span class='ocrx_word' id='word_1_420' title='bbox 562 4078 625 4140; x_wconf 75' lang='lat' dir='ltr'><strong>tt.),»</strong></span> <span class='ocrx_word' id='word_1_421' title='bbox 649 4079 718 4128; x_wconf 87' lang='lat' dir='ltr'><strong>cont.</strong></span> <span class='ocrx_word' id='word_1_422' title='bbox 757 4077 843 4128; x_wconf 82' lang='lat' dir='ltr'><strong>tribus</strong></span> <span class='ocrx_word' id='word_1_423' title='bbox 860 4075 1061 4141; x_wconf 88' lang='lat' dir='ltr'><strong>promontoriis,</strong></span> <span class='ocrx_word' id='word_1_424' title='bbox 1081 4074 1217 4138; x_wconf 81' lang='lat' dir='ltr'><strong>Pachyno,</strong></span> <span class='ocrx_word' id='word_1_425' title='bbox 1238 4077 1280 4126; x_wconf 79' lang='lat' dir='ltr'><strong>ti-</strong></span> 
     </span>
     <span class='ocr_line' id='line_1_44' title="bbox 194 4149 1278 4218; baseline -0.001 -17"><span class='ocrx_word' id='word_1_426' title='bbox 194 4154 262 4218; x_wconf 79' lang='lat' dir='ltr'><strong>Epp.</strong></span> <span class='ocrx_word' id='word_1_427' title='bbox 277 4153 306 4212; x_wconf 90' lang='grc'><strong>4,</strong></span> <span class='ocrx_word' id='word_1_428' title='bbox 326 4151 372 4211; x_wconf 85' lang='grc'><strong>48,</strong></span> <span class='ocrx_word' id='word_1_429' title='bbox 392 4152 432 4201; x_wconf 82' lang='lat' dir='ltr'><strong>it.</strong></span> <span class='ocrx_word' id='word_1_430' title='bbox 451 4153 481 4202; x_wconf 84' lang='grc' dir='ltr'><strong>Α.</strong></span> <span class='ocrx_word' id='word_1_431' title='bbox 496 4153 523 4201; x_wconf 84' lang='grc' dir='ltr'><strong>Ρ.</strong></span> <span class='ocrx_word' id='word_1_432' title='bbox 537 4151 596 4202; x_wconf 86' lang='grc'><strong>433;</strong></span> <span class='ocrx_word' id='word_1_433' title='bbox 616 4153 721 4202; x_wconf 80' lang='lat' dir='ltr'><strong>Derisor</strong></span> <span class='ocrx_word' id='word_1_434' title='bbox 757 4151 868 4216; x_wconf 82' lang='lat' dir='ltr'><strong>lybaeo,</strong></span> <span class='ocrx_word' id='word_1_435' title='bbox 887 4149 980 4201; x_wconf 79' lang='lat' dir='ltr'><strong>Peloro</strong></span> <span class='ocrx_word' id='word_1_436' title='bbox 992 4149 1073 4200; x_wconf 85' lang='lat' dir='ltr'><strong>finita.</strong></span> <span class='ocrx_word' id='word_1_437' title='bbox 1109 4149 1162 4200; x_wconf 83' lang='lat' dir='ltr'><strong>Cir.</strong></span> <span class='ocrx_word' id='word_1_438' title='bbox 1173 4150 1278 4210; x_wconf 85' lang='lat' dir='ltr'><strong>Quintil.</strong></span> 
     </span>
     <span class='ocr_line' id='line_1_45' title="bbox 193 4223 1280 4291; baseline -0.006 -12"><span class='ocrx_word' id='word_1_439' title='bbox 193 4227 327 4289; x_wconf 75' lang='lat' dir='ltr'><strong>ceroptata</strong></span> <span class='ocrx_word' id='word_1_440' title='bbox 342 4227 474 4278; x_wconf 81' lang='lat' dir='ltr'><strong>laudatore</strong></span> <span class='ocrx_word' id='word_1_441' title='bbox 489 4231 610 4277; x_wconf 79' lang='lat' dir='ltr'><strong>mouetur.</strong></span> <span class='ocrx_word' id='word_1_442' title='bbox 639 4226 719 4291; x_wconf 66' lang='lat' dir='ltr'><strong>(eor,</strong></span> <span class='ocrx_word' id='word_1_443' title='bbox 759 4227 787 4288; x_wconf 91' lang='grc'><strong>4,</strong></span> <span class='ocrx_word' id='word_1_444' title='bbox 811 4226 840 4286; x_wconf 84' lang='grc'><strong>6,</strong></span> <span class='ocrx_word' id='word_1_445' title='bbox 864 4225 904 4275; x_wconf 85' lang='grc'><strong>30.</strong></span> <span class='ocrx_word' id='word_1_446' title='bbox 937 4223 1074 4274; x_wconf 70' lang='lat' dir='ltr'><strong>Tri-taleam</strong></span> <span class='ocrx_word' id='word_1_447' title='bbox 1095 4224 1208 4274; x_wconf 84' lang='lat' dir='ltr'><strong>eandem</strong></span> <span class='ocrx_word' id='word_1_448' title='bbox 1231 4237 1280 4289; x_wconf 89' lang='lat' dir='ltr'><strong>ap-</strong></span> 
     </span>
     <span class='ocr_line' id='line_1_46' title="bbox 194 4296 1196 4366; baseline -0.004 -16"><span class='ocrx_word' id='word_1_449' title='bbox 194 4301 270 4364; x_wconf 88' lang='lat' dir='ltr'><strong>quod</strong></span> <span class='ocrx_word' id='word_1_450' title='bbox 286 4301 438 4352; x_wconf 87' lang='lat' dir='ltr'><strong>nonnemini</strong></span> <span class='ocrx_word' id='word_1_451' title='bbox 462 4300 576 4365; x_wconf 88' lang='lat' dir='ltr'><strong>placuit,</strong></span> <span class='ocrx_word' id='word_1_452' title='bbox 601 4303 628 4352; x_wconf 93' lang='lat' dir='ltr'><strong>in</strong></span> <span class='ocrx_word' id='word_1_453' title='bbox 649 4299 719 4351; x_wconf 90' lang='lat' dir='ltr'><strong>nullo</strong></span> <span class='ocrx_word' id='word_1_454' title='bbox 758 4299 838 4366; x_wconf 87' lang='lat' dir='ltr'><strong>pellat</strong></span> <span class='ocrx_word' id='word_1_455' title='bbox 856 4297 991 4350; x_wconf 84' lang='lat' dir='ltr'><strong>cteudino.</strong></span> <span class='ocrx_word' id='word_1_456' title='bbox 1006 4298 1034 4348; x_wconf 85' lang='lat' dir='ltr'><strong>a.</strong></span> <span class='ocrx_word' id='word_1_457' title='bbox 1048 4299 1076 4349; x_wconf 84' lang='lat' dir='ltr'><strong>P.</strong></span> <span class='ocrx_word' id='word_1_458' title='bbox 1092 4299 1120 4359; x_wconf 92' lang='grc'><strong>4,</strong></span> <span class='ocrx_word' id='word_1_459' title='bbox 1140 4296 1196 4348; x_wconf 83' lang='lat' dir='ltr'><strong>tte.</strong></span> 
     </span>
    </p>
   </div>
   <div class='ocr_carea' id='block_1_7' title="bbox 0 0 1582 4972">
    <p class='ocr_par' dir='ltr' id='par_1_9' title="bbox 0 0 1582 4972">
     <span class='ocr_line' id='line_1_47' title="bbox 0 0 1582 4972; baseline 0 1"><span class='ocrx_word' id='word_1_460' title='bbox 0 0 1582 4972; x_wconf 95' lang='lat' dir='ltr'><strong> </strong></span> 
     </span>
    </p>
   </div>
  </div>
 </body>
</html>
