3082 4968
279 447 320 511 gs,
664 446 792 496 rroairn
810 446 990 498 ssrrmnuu

320 601 488 669 Differtum
512 601 634 676 nautis,
659 601 860 688 cauponibus
883 611 979 690 atque
1003 601 1158 690 malignis.

322 726 390 790 Hoc
412 724 473 790 iter
494 723 599 810 ignavi
621 721 804 800 divisimus
829 723 923 790 altius
945 745 984 790 ac
1006 742 1065 790 nos
1346 727 1367 790 5

322 845 518 912 Praecinctis
536 865 651 923 unum;
675 844 780 910 minus
803 856 852 911 est
873 846 980 932 gravis
1003 845 1106 933 Appia
1128 845 1236 912 tardis,

322 968 381 1034 llic
403 987 464 1055 ego
486 978 619 1055 propter
641 986 774 1053 aquam,
799 966 972 1054 quoderat
994 965 1185 1044 deterrima,
1209 970 1313 1035 ventri

321 1088 431 1156 Indico
453 1087 588 1166 bellum,
613 1098 786 1156 coenantes
808 1087 895 1154 haud
917 1088 1024 1154 animo
1047 1109 1153 1177 aequo

314 1270 491 1394 Β4144444444]
517 1269 592 1320 nimis
609 1269 683 1332 Sp‚l'.
714 1295 739 1307 -
769 1245 803 1318 4.Ι
821 1268 950 1318 buntaro
975 1281 1009 1318 ex
1033 1281 1087 1318 uno
1113 1268 1179 1320 Cod.
1199 1268 1335 1322 Pidmanni

336 1346 381 1394 ent
391 1345 456 1394 eius.

279 1497 350 1535 nunc
393 1483 494 1546 aliquot
541 1484 598 1534 eius
645 1484 801 1548 parietinae.
840 1484 943 1534 minum
961 1482 1040 1534 nihilo
1059 1485 1121 1534 tunc
1138 1484 1298 1536 honestioris
1316 1484 1369 1536 loci

279 1557 398 1623 (walch.)
417 1586 444 1594 —
459 1559 593 1620 Differ-tran
602 1557 803 1621 sordisJStrabo
841 1571 923 1622 quam
945 1556 1067 1608 lenones.
1101 1559 1132 1610 llt
1155 1559 1182 1609 b.
1203 1558 1221 1610 l.
1244 1561 1368 1611 Horatius

278 1635 303 1693 5,
323 1633 347 1694 3,
361 1633 391 1682 6:
420 1631 552 1698 Πλησίον
562 1628 613 1699 τῆς
624 1626 804 1704 Ταῤῥακινῆς
841 1645 977 1695 caupones
1002 1645 1065 1682 cum
1090 1633 1177 1684 nautis
1203 1635 1301 1694 iunxit,
1328 1636 1368 1685 sic

278 1705 423 1770 βαδίζοντι
444 1707 492 1758 ἐπὶ
511 1704 562 1773 τῆς
581 1703 693 1773 Ῥώμης
711 1721 803 1778 παρα·
842 1705 998 1758 Plutarchus
1020 1706 1053 1757 de
1072 1706 1161 1757 cohib.
1179 1710 1219 1758 lra
1239 1709 1278 1759 44.
1297 1723 1370 1758 παν·

277 1781 418 1849 βέβληται
437 1775 473 1854 τῇ
491 1777 548 1849 ὁδῷ
566 1780 601 1854 τῇ
617 1777 718 1851 ’Arm
734 1779 803 1833 διῶ-
841 1777 936 1844 δοκεϊς
961 1783 1009 1831 καὶ
1038 1777 1145 1844 ναύτας
1169 1783 1218 1832 καὶ
1244 1776 1367 1854 ὀρεοκό-

277 1855 330 1930 ρυξ
357 1859 414 1922 iper
438 1855 549 1921 paludes
576 1858 737 1922 Pomptinas)
756 1856 805 1909 ἐπὶ
841 1869 925 1921 μους.

279 1928 404 1994 πολλοὺς
421 1928 529 1994 τόπους
546 1929 732 2001 πληρουμένη
743 1937 804 1996 τοῖς
875 1930 931 1980 5-8.
956 1931 1009 1980 Hoc
1029 1930 1085 1995 iter]
1104 1929 1147 1980 «id
1169 1932 1222 1990 est,
1245 1929 1280 1981 ab
1298 1931 1368 1984 Urbe

279 2006 384 2070 aleton
416 2022 446 2058 τε
478 2007 528 2056 καὶ
559 2013 621 2070 τοϊς
652 2009 805 2072 ποταμίοις
842 2018 928 2068 usquc
946 2004 979 2055 ad
998 2005 1095 2056 Forum
1106 2005 1182 2070 Appii
1199 2005 1370 2057 blduoveni·

281 2074 381 2134 ὕδασι·
412 2080 524 2132 nistros
547 2079 579 2132 44
606 2079 735 2146 μάλιστα
750 2082 804 2147 μὲν
843 2091 916 2139 mus,
940 2091 1002 2130 cum
1025 2077 1173 2131 velociores
1190 2093 1242 2130 uno
1260 2081 1303 2131 die
1322 2093 1370 2132 so-

280 2153 402 2226 νύκτωρ,
416 2149 484 2206 ὥστ’
496 2151 643 2221 ἐμβάντας
654 2149 706 2218 ἀφ’
719 2155 805 2209 §out—
843 2152 914 2203 leant
931 2166 964 2202 eo
981 2154 1098 2203 venire.»
1116 2155 1212 2204 Acron.
1232 2153 1299 2206 Hele
1316 2157 1366 2206 Fea

279 2247 333 2303 ρας
354 2229 499 2292 ἐκβαίνειν
520 2229 629 2300 πρωῖας
650 2231 699 2282 καὶ
721 2229 805 2290 datil-
843 2230 1032 2292 interpretatur
1054 2228 1088 2279 de
1114 2231 1200 2280 tractu
1223 2229 1258 2279 ab
1283 2231 1370 2281 Aricia

281 2309 338 2370 ζειν
362 2301 397 2356 τὸ
423 2301 526 2356 λοιπὸν
545 2303 580 2375 τῇ
605 2300 662 2372 ὁδῷ
681 2303 723 2376 (τῇ
743 2301 806 2357 'idn-
844 2303 876 2352 ud
895 2303 1075 2354 Tarracinam,
1096 2330 1124 2339 —
1142 2303 1219 2354 auto
1235 2329 1276 2342 ·-
1291 2306 1372 2356 Proo-

281 2381 351 2449 atq),
371 2375 512 2430 ἀλλὰκαὶ
530 2381 595 2446 μεθ’
614 2375 735 2451 ἡμέραν·
755 2376 806 2452 ῥυ-
844 2378 938 2442 cinctis]
958 2372 1186 2448 «εὐζωνοτέροις,
1206 2377 1319 2430 celerius
1331 2379 1373 2430 in·

195 2519 197 2526 ,
280 2450 589 2522 μουλκεῑδ“ἡμιόνιον.
606 2483 634 2492 -
652 2458 807 2520 cauponibus
846 2451 1002 2504 cedentibus
1028 2467 1060 2502 ac
1086 2453 1311 2504 strenuioribus.·
1340 2481 1368 2490 -

282 2536 358 2593 atquo
374 2530 504 2594 motipots]
532 2528 674 2594 «Virgilius
697 2532 806 2594 quidem
843 2531 926 2579 mium
942 2527 1003 2591 cet]
1022 2528 1125 2579 «minus
1137 2531 1178 2580 est
1188 2528 1275 2592 gravis
1288 2530 1370 2592 pigris

282 2619 370 2669 neque
396 2610 471 2666 atnoe
496 2619 584 2669 neque
606 2619 637 2656 oc
663 2607 806 2670 particulas
845 2601 1202 2667 quamvelociorihustnam
1211 2604 1257 2666 qui
1269 2603 1370 2655 tardius

281 2683 343 2746 post
359 2679 422 2730 illud
438 2679 599 2732 vocabulum
619 2683 736 2744 trajecit,
764 2685 807 2734 cui
844 2692 893 2742 per
904 2678 1015 2742 Appiam
1027 2677 1068 2727 vel
1084 2677 1230 2740 ingreditur
1240 2677 1283 2728 vel
1295 2679 1373 2729 vehi·

281 2753 493 2820 praemittendae
511 2759 588 2805 erant
607 2759 717 2820 propter
734 2759 808 2820 cogi·
846 2755 903 2813 tur,
922 2751 1070 2816 prudenter
1081 2754 1148 2815 agit,
1163 2753 1223 2816 quiin
1237 2753 1324 2804 minus
1336 2752 1374 2804 ia·

282 2830 420 2880 tationem,
438 2855 453 2865 ·
469 2855 484 2866 -
499 2856 514 2867 -
530 2829 652 2882 Horatius
670 2832 696 2882 in
714 2832 808 2896 epodls
846 2828 942 2890 ligatur
950 2838 1032 2890 quam
1040 2828 1126 2876 viator
1137 2827 1221 2889 magis
1233 2827 1373 2890 expeditus

283 2906 310 2954 ot
332 2901 502 2954 sermonibus
527 2902 569 2954 illa
596 2903 808 2968 copulativamm
847 2904 874 2951 et
885 2902 1004 2965 pernix.»
1018 2902 1122 2952 Etenim
1134 2901 1206 2965 qnod
1218 2900 1259 2952 alii
1272 2901 1323 2952 boc
1334 2903 1375 2954 di-

281 2976 472 3042 particularum
490 2976 662 3030 collocatione
674 2979 808 3043 aliquanto
846 2979 909 3026 cuni
925 2976 1088 3040 significare:
1110 2989 1177 3027 u¹101}
1194 2979 1236 3028 esi
1250 2975 1371 3042 molesta,

283 3053 390 3117 saepius
413 3064 478 3104 usus
501 3054 543 3103 est
565 3065 647 3116 quam
670 3053 807 3119 Virgilius,
850 3054 891 3102 est
908 3051 1023 3103 iucunda
1042 3051 1217 3112 tardioribus,
1237 3055 1299 3116 quia
1317 3052 1374 3103 ire-

283 3127 371 3178 minus
388 3139 469 3190 saepe
493 3126 519 3178 in
544 3128 722 3190 carminibus¹
749 3142 809 3180 ma·
846 3139 932 3189 quens
949 3130 1003 3188 est,
1022 3127 1052 3178 ut
1067 3125 1227 3188 voluntalii,
1246 3127 1374 3178 deverso-

282 3203 354 3254 xime
375 3202 400 3252 in
418 3202 613 3265 posterioribus
630 3201 718 3264 libris,
745 3217 809 3269 per·
846 3202 904 3261 riis,
918 3203 948 3251 ut
959 3201 1014 3262 alii,
1028 3202 1209 3252 monumentis
1221 3199 1374 3265 sepulcrali-

283 3290 345 3326 raro
366 3277 393 3326 in
415 3275 543 3340 epistolis,
570 3278 596 3326 in
622 3281 678 3328 arto
704 3280 808 3342 poetica
846 3276 1050 3335 buspvereor,
1068 3289 1103 3326 ne
1121 3277 1277 3327 neutrorum
1295 3277 1375 3327 luerit

284 3363 425 3413 nusquam.
446 3352 473 3400 et
489 3356 565 3412 atque
579 3351 689 3414 quidem
702 3353 809 3416 saepius
847 3353 950 3400 amator
965 3351 1096 3410 Horatius,
1113 3351 1159 3413 qui
1173 3349 1267 3412 silvas,
1281 3349 1373 3412 colles,

284 3436 366 3488 quum
389 3421 431 3472 alii
454 3436 549 3474 omnes
570 3425 639 3474 inter
661 3425 715 3475 duo
738 3439 808 3489 quae
847 3425 917 3474 rivos
940 3424 1028 3488 potius
1050 3423 1205 3475 sectabatur
1227 3439 1309 3490 quum
1333 3429 1375 3476 ta-

284 3511 377 3550 socum
411 3499 542 3550 artissime
573 3500 714 3550 coniuncta
747 3502 810 3551 sunt
845 3496 944 3548 beruas
962 3500 1008 3549 aut
1024 3497 1150 3550 tumulos.
1185 3501 1375 3560 mitescentem

283 3571 413 3624 vocabula
436 3573 523 3637 ponit,
551 3586 634 3624 serm.
654 3575 684 3633 4,
702 3575 730 3635 6,
749 3576 807 3625 440.
846 3571 973 3623 exhibent
993 3572 1114 3638 plerique
1136 3573 1250 3625 Codices
1269 3574 1373 3638 (omnes

285 3647 342 3698 434.
365 3648 393 3708 7,
418 3649 458 3698 ih.
483 3647 528 3708 40,
551 3648 592 3698 28.
617 3648 686 3713 epod
707 3650 748 3712 47,
767 3648 808 3699 l.»
847 3649 920 3698 certe
942 3645 1059 3698 Oborlini
1079 3647 1107 3698 et
1128 3647 1245 3699 Pottierii
1268 3663 1301 3699 ac
1318 3652 1372 3700 mei

285 3723 371 3772 Hsorr
396 3723 473 3774 Obss.
494 3723 552 3774 crit.
575 3734 601 3785 p.
623 3721 663 3774 ta.
703 3723 809 3788 Caupo-
846 3721 917 3786 bodl.
948 3723 1045 3773 Contra
1057 3720 1201 3773 lectionem
1212 3724 1288 3774 nimir
1299 3727 1374 3775 recte

286 3797 457 3862 nosmetipsi
474 3799 604 3848 vocantur
620 3797 646 3847 h.
668 3795 685 3848 1.
707 3801 737 3849 ut
751 3811 811 3860 per-
846 3795 968 3849 Frenzel:
992 3797 1106 3858 «Quodsi
1125 3797 1167 3847 via
1185 3798 1268 3850 tardis
1286 3799 1374 3861 gravis

282 3871 327 3932 ttdi
348 3871 401 3921 Sat.
427 3873 457 3933 4,
481 3873 509 3932 4,
533 3872 579 3926 aa
606 3885 667 3922 nam
683 3873 810 3937 motiones
847 3875 920 3934 erat,
945 3885 996 3923 cur
1011 3873 1135 3924 Horatius
1153 3872 1242 3923 divisit
1259 3874 1309 3923 iter
1326 3885 1375 3924 ne-

283 3945 391 4008 proprie
414 3947 562 3997 contrarius
585 3950 626 3998 est
651 3947 755 4012 beoipno
772 3949 810 4000 si·
847 3963 899 4013 quc
924 3947 1038 3999 celerius
1064 3960 1224 4012 progressus
1246 3949 1325 3999 esti»
1346 3975 1374 3984 -

284 4017 443 4082 gnificatque
461 4031 539 4080 oum,
566 4022 610 4084 qui
636 4022 703 4072 iusto
721 4024 809 4074 minus
845 4025 892 4074 Hic
908 4037 954 4087 epo
971 4022 1034 4087 cet]
1053 4021 1152 4074 «Hodie
1170 4023 1198 4072 in
1215 4023 1282 4072 Foro
1299 4021 1375 4086 Appii

283 4089 358 4142 alteri
376 4093 481 4156 tribuit,
500 4094 527 4146 id
538 4095 611 4159 quod
623 4095 711 4147 iacere
724 4095 810 4148 solent
847 4099 962 4148 viatores
985 4101 1097 4162 propter
1113 4109 1227 4161 aquam,
1253 4109 1322 4160 quae
1339 4095 1375 4147 ihi

283 4179 418 4232 caupones
434 4172 507 4221 omni
529 4171 610 4222 modo
628 4173 743 4224 viatores
760 4172 810 4223 de·
847 4173 991 4222 deterrima
1004 4176 1059 4234 est,
1076 4185 1186 4224 manere
1198 4173 1289 4222 vitant.
1308 4171 1376 4222 Dicit

283 4242 421 4306 cipiendo.
448 4244 498 4296 vilo
521 4246 613 4298 vinnm
636 4259 700 4298 caro
723 4249 809 4311 pretio
848 4259 923 4311 ergo,
943 4261 973 4298 se
992 4247 1028 4298 ibi
1046 4260 1162 4298 coenare
1180 4245 1313 4307 noluisse,
1341 4257 1375 4296 ne

283 4317 440 4382 vendendo,
460 4320 493 4370 ad
512 4333 646 4374 summam
664 4334 747 4386 genus
764 4321 811 4373 ho·
848 4333 960 4374 necesse
973 4321 1086 4374 haberet
1097 4319 1218 4372 bibere.»
1237 4322 1329 4371 Poma.
1345 4345 1374 4356 -
