3116 4968
250 396 311 461 254
629 396 758 446 uonnru
777 395 958 448 sarrninuu

292 556 349 631 Te,
373 539 706 631 Tibeiijnumerare,
730 551 818 618 cavis
841 550 1044 618 abscondere
1067 554 1209 632 tristcm;

292 675 443 751 Extimui,
468 695 509 740 ne
529 694 589 740 vos
612 683 722 760 ageret
743 673 875 740 vesania
897 673 1036 750 discors,

292 799 337 862 Tu
359 798 608 871 Nomentanum,
633 803 666 860 tu
689 815 729 860 ne
753 815 930 882 sequerere
953 795 1105 863 Cicutam.
1273 797 1333 862 l75

292 919 400 996 Quare
422 938 481 1004 per
503 916 596 983 divos
617 924 727 982 oratus
750 925 889 1004 uterque
914 919 1066 994 Penates,

291 1041 337 1105 lu
361 1060 440 1106 cave
463 1059 503 1106 ne
526 1039 666 1115 minuas,
691 1047 740 1114 tu,
764 1057 806 1104 ne
828 1039 932 1105 maius
955 1037 1052 1106 iacias
1074 1039 1122 1116 id,

293 1160 389 1240 Quod
411 1161 488 1227 satis
511 1181 585 1227 esse
608 1168 698 1246 putat
720 1169 812 1246 pater
834 1169 866 1226 ct
887 1169 1001 1226 natura
1027 1167 1165 1228 coercet.

293 1285 467 1350 Praeterea
489 1302 530 1348 ne
551 1301 610 1348 vos
634 1279 736 1348 titillet
757 1280 876 1369 gloria,
901 1281 970 1348 iure

291 1403 431 1470 Iurando
454 1402 652 1492 obstringam
673 1401 786 1469 ambo:
810 1412 882 1469 uter
904 1401 1018 1470 aedilis
1039 1402 1174 1470 fueritve
1273 1405 1335 1470 Ι180

246 1659 350 1722 genitae
376 1657 482 1722 signum
507 1659 577 1718 erat,
605 1657 770 1720 nimiumque
810 1657 850 1707 ta.
864 1685 890 1693 -
901 1658 980 1719 sacer]
992 1671 1033 1722 pr.
1049 1659 1109 1722 iqui
1121 1656 1194 1723 leges
1207 1663 1333 1721 sao-atas,

247 1730 330 1782 lucilia
351 1731 409 1782 crat
431 1733 458 1782 ln
481 1731 605 1782 donando
623 1744 669 1782 eus
687 1729 772 1782 collu·
810 1729 907 1796 quibus
935 1730 1115 1782 innitebantur
1142 1732 1229 1796 plebis
1260 1736 1334 1797 iura,

246 1804 378 1856 sonibus.»
391 1805 681 1870 -dcucrc-ludcrclsc.
695 1806 768 1866 «iis»,
809 1805 934 1868 violarat,
960 1807 983 1857 is
1008 1805 1149 1871 plebiscito
1173 1807 1200 1858 in
1222 1809 1335 1860 comitiis

246 1893 300 1943 quo
316 1878 379 1930 ludo
397 1882 423 1931 et
445 1880 523 1944 perdi
548 1880 679 1944 poterant¹
714 1878 771 1930 lloc
810 1879 914 1932 tributis
931 1883 1023 1944 rogato
1036 1893 1114 1932 sacer
1131 1881 1171 1932 dis
1191 1883 1281 1936 inieris
1298 1886 1337 1935 iu·

245 1953 323 2018 longe
346 1955 536 2018 significantius
558 1967 639 2019 quam
661 1952 771 2005 Bentleii
809 1954 973 2006 dicabam.»
1011 1957 1104 2007 Festus
1127 1970 1154 2021 p.
1173 1957 1230 2008 348.
1253 1957 1332 2009 llltlll.:

242 2031 356 2091 perdam.
377 2057 405 2066 -
424 2029 573 2080 abscondere
589 2027 692 2092 trition]
711 2041 772 2079 «se-
809 2031 911 2080 «Homo
929 2043 1006 2080 sacer
1027 2031 1051 2081 is
1069 2033 1122 2092 est,
1147 2045 1228 2094 quem
1247 2045 1335 2098 popu-

244 2116 310 2153 vero
335 2102 407 2154 voltu
437 2105 464 2154 in
491 2102 557 2155 locis
583 2105 688 2164 eccum
713 2103 772 2153 Ld-
808 2103 850 2155 lus
867 2103 992 2155 iudicavit
1005 2104 1040 2155 ob
1053 2104 1227 2166 maleficium
1247 2121 1335 2171 neque

245 2179 348 2228 clera.
364 2205 391 2214 —
404 2178 533 2239 Eutimia,
552 2191 583 2228 oa
594 2178 656 2243 oet]
669 2177 771 2228 Eadem
809 2177 848 2229 las
865 2180 907 2229 est
923 2191 986 2228 eum
1003 2177 1149 2240 immolari,
1168 2181 1217 2231 sed
1235 2183 1279 2246 qui
1291 2195 1336 2232 ce·

246 2252 445 2304 constructione
474 2253 528 2303 Cic.
552 2252 635 2303 Acad.
664 2252 693 2313 Ξ,
720 2251 769 2312 ³8,
809 2253 1335 2318 cidit,parricidiinoudamuatur;nam

245 2326 311 2377 tlt:
335 2326 555 2388 anticameram
570 2327 598 2374 id
613 2327 669 2376 iure
684 2339 771 2376 συσπο-
809 2326 867 2391 lege
886 2328 1023 2379 tribunicia
1044 2329 1131 2394 prima
1155 2334 1278 2381 cavetur:
1305 2331 1336 2382 Sl

245 2401 289 2450 iit.
310 2427 337 2436 -
359 2400 551 2464 Nomentanum]
576 2399 717 2464 prodigum
738 2413 771 2450 ac
810 2404 883 2466 QUIS
893 2404 980 2465 EUM,
1001 2405 1109 2466 QUIEO
1119 2405 1335 2456 Pisanisciru

245 2473 419 2525 luxuriosum.
449 2477 501 2526 Sat.
516 2477 544 2536 t,
565 2476 593 2536 l,
614 2475 670 2525 toa.
691 2501 718 2511 —
732 2475 784 2526 ci
808 2477 908 2529 SACEii
929 2478 991 2539 sir,
1020 2478 1203 2541 acerbitati,
1228 2479 1336 2530 Pdlllil-

244 2550 338 2614 cotcm]
356 2551 431 2600 conl.
444 2564 470 2600 v.
484 2551 525 2600 69.
544 2577 571 2586 -
587 2563 635 2612 per
651 2551 770 2600 dicein
808 2552 883 2603 ciba
901 2553 947 2602 ΝΕ
958 2553 1015 2602 sir.
1045 2553 1148 2616 Exquo
1157 2554 1242 2617 quivis
1254 2553 1335 2605 homo

244 2627 354 2688 Ρωιαιοε]
372 2627 437 2690 Epp.
453 2625 525 2686 l,7,
538 2624 582 2675 st:
598 2639 647 2687 per
665 2626 772 2676 Genium
809 2625 894 2678 malus
911 2630 991 2691 atqua
1010 2626 1149 2691 improbus
1159 2641 1230 2678 sacer
1241 2626 1336 2693 appel-

244 2702 411 2762 dcctrcmpcc
431 2701 536 2762 deceptio
550 2701 660 2750 Penates
676 2727 703 2736 —
721 2715 771 2750 nu-
808 2699 856 2751 lam'
873 2699 966 2752 solet.»

244 2774 418 2839 turcoci'rcet]
437 2775 532 2826 «certis
549 2773 771 2826 linibuscircum·
841 2775 962 2826 lai-iac.
988 2775 1061 2826 ilaec
1082 2777 1171 2826 omnia
1193 2776 1335 2828 manilesto

245 2850 346 2908 scribit
359 2848 589 2910 iudicat,vobiset
600 2849 769 2900 iustumessc
808 2849 936 2914 Oppidius
953 2848 1031 2910 dleit;
1055 2861 1107 2901 nec
1124 2851 1239 2900 Stertiuii
1256 2855 1333 2913 sunt,

244 2927 273 2976 et
288 2924 437 2978 sulficere.»
807 2925 837 2973 ut
853 2921 896 2973 alii
912 2921 1062 2974 voluerunt.
1099 2925 1207 2989 Utrique
1225 2938 1291 2977 sane
1305 2925 1335 2975 ii·

278 3000 334 3050 tat.
352 2997 505 3064 intestabilis]
518 2999 625 3063 proprio
639 2999 697 3048 acui
709 3011 770 3062 pro-
806 2996 841 3048 lio
858 3010 944 3062 aeque
961 3010 1057 3049 severe
1075 2999 1218 3060 interdicit,
1237 3013 1272 3049 ne
1283 3001 1335 3050 lm-

244 3077 305 3137 pter
331 3071 426 3123 delicta
452 3071 570 3138 (emtum
593 3073 690 3124 metm
714 3074 767 3122 Sat.
807 3072 917 3123 nuribus
934 3073 1038 3123 inhient
1053 3073 1335 3138 patrimoniodaumc·

244 3150 271 3208 2,
291 3148 320 3209 l,
337 3147 443 3211 82.)vel
460 3145 672 3212 prodigalitatem
690 3148 770 3198 inter-
806 3149 852 3198 sie.
887 3149 966 3208 Nam,
986 3149 1035 3198 etsi
1057 3149 1141 3212 magis
1158 3149 1334 3202 metuendum

244 3222 396 3274 dictumest
406 3223 653 3274 iuratestimcnium
663 3222 769 3273 dicendi
807 3224 879 3283 emi,
898 3235 933 3272 ne
949 3220 1032 3274 Aulus
1044 3235 1126 3286 quam
1137 3222 1258 3274 Tiberius
1268 3237 1334 3290 pro-

243 3296 314 3361 apud
347 3296 465 3357 iudices,
504 3297 655 3347 testamenti
688 3297 769 3347 etiarn
806 3299 899 3361 pterea
927 3295 1065 3348 facultates
1095 3309 1159 3348 suas
1190 3297 1334 3362 aliquando

244 3371 357 3422 laciendi
382 3373 409 3421 et
436 3373 596 3422 testamento
622 3371 769 3435 quidquam
806 3371 992 3436 prolunderet,
1006 3371 1190 3434 nihilomiuus,
1203 3375 1335 3426 utinser·

244 3444 278 3495 ab
290 3443 341 3494 alio
358 3444 532 3508 aecipiendi.»
566 3445 621 3494 lam
639 3458 701 3496 cum
719 3459 770 3510 pa·
807 3459 887 3496 mona
904 3446 1072 3509 quotidiano,
1092 3448 1167 3512 quasi
1185 3451 1334 3512 generatim

245 3521 286 3570 ter
302 3516 384 3568 illium
401 3519 509 3582 proprio
526 3529 607 3570 seusu
630 3518 769 3570 intestahi-
806 3524 887 3585 atqus
908 3522 1032 3573 universe
1055 3521 1225 3587 loqueretur,
1252 3525 1334 3576 utitur

184 3594 195 3620 ³
243 3593 297 3645 lem
316 3605 375 3644 esse
399 3591 492 3642 iubere
510 3605 563 3641 uon
587 3594 679 3656 posset
703 3595 769 3654 (ete-
806 3595 925 3648 secunda
939 3609 1055 3661 persona
1066 3599 1170 3648 numeri
1182 3597 1331 3662 singularis,

244 3670 299 3719 nim
322 3669 373 3718 hoc
394 3665 452 3730 lege
475 3665 533 3715 fieri
555 3664 696 3730 debehat),
720 3679 769 3732 ap·
805 3677 846 3734 tu,
875 3668 1016 3722 «alteruter
1040 3675 1162 3722 vestrum
1188 3673 1332 3726 ambove..

243 3746 321 3809 paret
344 3743 387 3792 hio
410 3754 442 3790 ex
466 3741 599 3792 sermonis
624 3740 769 3804 quotidiani
808 3773 835 3784 -
854 3747 884 3796 io
899 3745 986 3811 cicere]
1005 3746 1093 3798 Ludos
1104 3747 1249 3810 significat,
1268 3762 1334 3813 quc·

243 3816 435 3868 consuetudine
448 3815 598 3879 siguificare
617 3815 768 3868 «hominem
805 3833 866 3870 rum
884 3821 965 3871 editio
983 3823 1093 3886 propter
1109 3819 1269 3886 gladiatores
1286 3837 1334 3874 ex-

242 3893 352 3956 propter
388 3890 585 3968 imprpbitatem
622 3889 769 3941 detestabi-
806 3894 948 3956 bibendos,
958 3894 1335 3958 iorumstatuis,clreumten·

242 3966 326 4025 lem‚·›
350 3967 426 4017 cuius
443 3977 507 4016 usus
525 3965 647 4030 exempla
665 3965 769 4030 collegit
805 3971 843 4020 sis
859 3969 1024 4031 ornandum,
1043 3971 1158 4022 maiores
1175 3971 1266 4036 utique
1282 3973 1334 4022 im-

243 4038 444 4100 Unterholzner‚
463 4039 558 4091 salust.
577 4041 632 4103 lug.
646 4040 693 4090 ct:
718 4041 768 4090 im-
805 4055 904 4107 pensas
912 4043 1042 4096 aedilibus
1050 4058 1082 4096 ac
1095 4045 1264 4110 praetoribus
1271 4059 1334 4096 eon·

238 4114 333 4179 probus
348 4115 541 4178 intestabilisque
562 4116 640 4181 (adde
664 4117 765 4181 l'ragm.
805 4117 942 4180 trahebat,
959 4131 1040 4183 quam
1056 4119 1206 4183 quodcum
1223 4122 1255 4172 iis
1271 4134 1334 4172 con-

242 4192 285 4242 Or.
297 4191 396 4255 Lepi:
405 4193 479 4253 peior
489 4197 564 4254 atque
574 4191 766 4257 immodice).
804 4193 926 4244 iunctum
942 4195 1014 4255 erat,
1033 4196 1063 4244 ut
1077 4194 1184 4246 infimae
1203 4194 1333 4260 plebecu-

242 4267 431 4328 Tacitoali,
445 4268 485 4316 ct.
500 4265 563 4318 Plln.
574 4267 615 4328 30,
627 4268 652 4318 2.
667 4266 729 4318 Gall.
740 4267 765 4330 7,
805 4265 845 4318 lae
854 4265 1059 4321 distribueretur
1066 4270 1146 4332 cicer,
1156 4268 1227 4332 iuba,
1240 4269 1331 4334 lupini.
