3116 4968
298 408 362 476 493
680 405 809 458 nomm
826 403 1007 456 summatum

342 568 482 653 Imperet
503 563 564 630 hoc
586 571 700 630 natura
721 570 850 649 patena,
874 561 922 628 sic
943 559 1057 646 collige
1079 578 1221 642 mecum:

341 689 444 753 Dente
465 685 575 773 lupus¹
600 704 701 752 cama
721 693 833 750 taurus
854 681 947 770 petit:
970 679 1058 748 unde
1079 681 1140 746 nisi
1163 679 1248 746 intus

342 807 573 875 Monstratum?
596 807 739 873 Scaevae
762 804 909 871 vivacem
929 802 1028 871 crede
1051 803 1160 890 nepoti

342 931 494 1008 Matrem3
517 927 560 992 nil
582 927 678 994 saciet
699 924 833 994 sceleris
853 925 908 1014 pia
929 924 1078 994 dextera:
1101 924 1233 1001 mirum,

342 1051 382 1119 Ut
397 1071 505 1138 neque
519 1049 609 1118 culce
622 1049 719 1137 lupus
731 1068 929 1137 quemquam
940 1067 1049 1135 neque
1058 1046 1156 1115 dente
1166 1045 1331 1134 petitbos3
1347 1047 1391 1110 55

343 1172 409 1240 Sed
431 1171 516 1238 mala
537 1171 625 1238 tollet
647 1191 744 1238 anum
765 1170 873 1236 vitiato
895 1168 991 1237 melle
1013 1169 1127 1236 cicuta.

341 1295 388 1360 Ne
410 1293 542 1381 longum
563 1293 693 1360 faciam:
717 1313 776 1360 seu
798 1314 851 1360 me
872 1290 1044 1379 tranquilla
1064 1300 1215 1358 senectus

343 1417 515 1503 Exspectat
536 1434 595 1481 seu
618 1415 703 1482 Mors
725 1415 801 1481 atris
824 1412 1034 1482 circumvolat
1054 1411 1131 1490 alia,

365 1587 406 1636 aa.
425 1587 535 1649 Imperat
551 1599 575 1636 c.
590 1613 619 1623 -
632 1587 673 1636 ee.
686 1587 720 1636 Ni
735 1598 815 1646 nequae
830 1582 873 1634 val
890 1583 918 1635 Si
933 1596 1013 1646 accite
1028 1581 1125 1632 dubiae
1143 1581 1253 1633 Bentleii
1271 1586 1360 1648 auspi-

334 1659 440 1720 cioues;
460 1661 526 1722 Quia
541 1672 620 1720 neque
637 1658 740 1710 Goeller
751 1657 785 1712 ad
797 1657 881 1708 Plauti
892 1659 961 1708 Trin.
974 1670 1001 1722 p.
1015 1657 1071 1707 ⁴37.
1085 1655 1144 1708 caii.
1159 1657 1222 1709 Cist.
1235 1657 1261 1718 i,
1275 1659 1300 1719 2,
1313 1659 1355 1709 ιι.

336 1757 364 1769 -
380 1739 453 1798 potat
468 1732 557 1802 p,yiv.
578 1762 605 1770 -
624 1735 667 1784 56.
684 1735 748 1784 tciiit
763 1735 788 1784 S.

302 1885 435 1934 terrorem
452 1885 563 1935 incutiat
580 1884 630 1935 sibi
648 1885 779 1949 suspectis
790 1886 829 1934 at·
864 1895 913 1932 vae
930 1879 1011 1932 indoli
1028 1881 1099 1931 terro
1117 1882 1241 1933 homines
1253 1883 1390 1943 erudera,

303 1970 356 2020 qua
382 1960 494 2009 exosisn
520 1985 547 1994 -
570 1960 606 2010 ric
629 1958 724 2023 cottiae]
750 1957 826 2008 Cani.
865 1956 914 2007 sed
931 1957 1012 2008 homo
1034 1956 1146 2020 ignavus
1162 1969 1212 2020 pro
1229 1956 1323 2008 doiosc
1340 1971 1392 2009 suo

303 2033 369 2096 Epp.
382 2033 412 2092 i,
432 2034 460 2091 i,
479 2033 535 2083 iiii.
558 2061 585 2070 —
603 2035 682 2094 unde,
699 2034 747 2082 nisi
764 2031 826 2094 cet]
864 2032 970 2094 ingenio
987 2032 1128 2095 promptus
1140 2032 1191 2081 erit
1207 2031 1241 2082 ad
1253 2045 1390 2084 venenum

305 2107 332 2156 in
348 2119 428 2170 prusa
446 2108 580 2157 oratione:
600 2108 642 2157 aid
660 2107 732 2170 quod
751 2107 828 2156 unica
864 2106 943 2156 matri
966 2105 1151 2156 miscendum:
1180 2119 1277 2171 reapse
1298 2111 1390 2159 autem

303 2180 375 2230 intus
388 2179 426 2230 eis
438 2183 615 2231 monstratum
628 2184 699 2240 est;»
716 2181 768 2230 hoc
780 2192 829 2230 au·
865 2181 979 2243 uterque
996 2179 1110 2230 necandi
1123 2179 1220 2232 modus
1232 2193 1319 2244 aequa
1331 2195 1392 2233 sce-

305 2255 361 2302 tem
387 2255 519 2304 convertit
535 2256 562 2304 iu
579 2255 827 2317 interrogationem:
864 2253 964 2304 iuratus
982 2257 1048 2305 cst.»
1071 2281 1099 2291 -
1111 2255 1191 2319 nutu]
1209 2255 1268 2306 vid.
1282 2257 1318 2307 ad
1336 2259 1390 2308 Sat.

307 2327 387 2377 «unda
404 2328 464 2390 (hoc
487 2329 535 2391 eia)
552 2335 719 2380 morartrcimn
735 2333 770 2379 εει
793 2329 832 2392 (ui
866 2329 897 2389 ι,
916 2329 946 2389 ι,
964 2329 1006 2378 77.
1031 2355 1059 2366 -
1080 2329 1170 2380 uitiato
1193 2330 1273 2396 mette]
1301 2333 1393 2396 «posi-

305 2400 438 2452 brieter
456 2401 535 2466 glosa.
550 2404 615 2455 Cid.
628 2404 711 2467 Feae}
728 2403 777 2454 nisi
792 2403 831 2452 in·
866 2416 948 2468 quam
969 2401 1023 2454 mel
1048 2417 1071 2454 a.
1092 2404 1209 2456 mulsum
1234 2409 1392 2471 camuptum

305 2481 357 2538 tau,
387 2476 514 2529 instinctu
539 2479 657 2542 quodum
682 2476 828 2530 naturaii‘ia
867 2479 909 2528 εει
924 2478 1043 2528 immixta
1060 2480 1172 2530 cicuta..

306 2549 355 2602 Alii
380 2550 558 2614 distinguunt:
586 2555 666 2615 unda,
691 2553 741 2603 atri
764 2553 832 2601 intus
899 2553 988 2602 iti-6⁰.
1013 2555 1052 2604 No
1071 2554 1173 2619 locam
1191 2555 1296 2620 fudam]
1315 2555 1392 2606 Coui.

305 2625 492 2675 maarautmn?
517 2627 617 2689 idest,
645 2641 756 2691 aquare¹
781 2626 831 2676 uisi
868 2629 965 2688 Sati,
984 2628 1014 2688 3,
1033 2628 1090 2678 437.
1111 2655 1139 2666 -
1158 2630 1238 2692 Mora]
1255 2628 1339 2692 alata,
1363 2633 1394 2679 ut

308 2700 394 2749 ceti»
417 2701 517 2751 Verum
534 2701 577 2751 hic
594 2715 660 2753 uuus
676 2701 832 2766 posterioris
869 2703 926 2752 eiua
949 2703 1041 2764 irater,
1066 2704 1190 2754 Somnus.
1226 2705 1315 2768 Eurip.
1335 2703 1392 2758 Alc.

308 2775 350 2823 est
366 2773 510 2826 Latinitatis
528 2789 579 2826 nac
600 2779 703 2827 temere
721 2777 831 2827 Horatia
868 2778 930 2828 262:
951 2773 1093 2849 πτερωτὸς
1105 2769 1206 2840 Ἅιδας.
1236 2778 1284 2830 Od.
1297 2779 1327 2840 ι,
1347 2780 1394 2838 tu,

308 2847 388 2898 tribui
416 2852 514 2913 potest.
556 2851 726 2901 Heindortius
751 2850 834 2901 nabet
869 2853 918 2904 ii:
941 2853 1098 2914 uolucrisque
1113 2853 1170 2902 Fati
1188 2853 1309 2902 Tartaru
1325 2853 1393 2903 atur.

307 2935 356 2986 pru
365 2925 517 2974 accusativo
526 2926 627 2976 Graeca
636 2926 833 2976 constructione
873 2955 900 2964 -
918 2927 1090 2991 circumvolat]
1119 2928 1187 2978 «iam
1213 2939 1297 2988 nunc,
1325 2927 1395 2979 adeo

309 2997 430 3061 apposita
452 2995 572 3062 (πόθεν,
598 3002 625 3050 ει
647 2996 691 3066 μὴ
715 2993 833 3051 ἔνδοθεν
871 3004 900 3051 ut
915 3004 977 3066 post
987 3001 1071 3052 breve
1085 3003 1190 3066 tempus
1202 3001 1266 3052 mihi
1279 3003 1397 3054 morien·

309 3068 529 3139 δεδειγμένου),
556 3089 625 3138 quae
645 3079 733 3128 taram
756 3077 832 3137 ratio,
871 3077 936 3128 dum
952 3077 1011 3128 eit.»
1033 3101 1060 3112 -
1078 3075 1186 3140 irascit]
1203 3075 1292 3125 Lectio
1308 3077 1397 3128 ιωονιι

310 3149 471 3210 praesertim
492 3150 520 3200 in
543 3150 622 3202 huius
644 3153 750 3214 generis
767 3151 835 3202 aim·
872 3155 939 3206 Feae
963 3152 1018 3215 (av,
1036 3153 1065 3202 Α.
1084 3151 1118 3202 ab
1142 3148 1239 3201 audem
1263 3162 1346 3200 manu
1369 3153 1398 3204 in

310 3220 440 3284 puritate,
463 3223 569 3275 videtur
586 3226 664 3277 nimis
682 3225 833 3276 artificiosa.
872 3227 1005 3289 margine,
1032 3225 1079 3276 Ch.
1103 3227 1133 3274 A.
1152 3237 1168 3274 a
1191 3226 1215 3274 t.
1240 3237 1276 3274 m.
1298 3226 1346 3275 Ba.
1364 3228 1395 3276 A.

343 3297 433 3346 tata.
460 3297 571 3348 Scaeuae
590 3300 652 3363 cat]
677 3301 834 3350 «Committe
872 3315 887 3352 a
906 3302 929 3350 ι.
949 3313 985 3350 m.
1005 3299 1103 3350 trasanii
1120 3299 1150 3348 V.
1168 3299 1225 3361 6.»)
1244 3299 1398 3350 destituitur

312 3370 374 3419 huic
385 3371 507 3421 vivacem
524 3375 638 3424 matrem
655 3377 683 3424 ει
693 3387 746 3424 nou
759 3373 837 3423 iaciat
873 3389 904 3426 ea
922 3375 1093 3434 auctoritate,
1111 3385 1194 3436 quam
1211 3373 1238 3424 in
1255 3375 1310 3424 tum
1321 3375 1398 3436 gravi

312 3443 411 3507 aliquid
428 3443 536 3496 sceleris
548 3447 591 3509 pia
603 3447 711 3508 dextra,
730 3446 837 3498 sedve-
872 3451 1018 3503 mutatione
1044 3449 1213 3512 requirimus.
1252 3450 1396 3499 Praeterea

313 3520 500 3579 renouatur,
518 3519 617 3580 idest,
637 3535 689 3571 non
702 3534 762 3572 eam
777 3535 838 3585 per·
874 3527 987 3578 Fortuna
1013 3523 1065 3575 dea
1089 3525 1163 3574 recte
1192 3523 1277 3572 turture
1301 3522 1400 3574 dicitur

313 3595 378 3644 imai
394 3590 489 3656 gladio.
525 3595 625 3645 Scaeva
639 3596 748 3660 quidam
764 3597 839 3648 luxu·
875 3601 931 3666 (οᾱ.
947 3600 975 3660 3,
993 3599 1041 3660 29,
1059 3598 1121 3660 iiii),
1140 3609 1193 3647 uon
1210 3597 1274 3648 itam
1289 3598 1354 3660 sara.
1370 3625 1397 3634 -

198 3693 201 3700 ·
313 3673 400 3722 riosus
417 3670 557 3722 dicebatur
568 3711 570 3717 Α
580 3670 660 3721 iuissa
686 3673 713 3722 et
737 3685 838 3738 pronun
875 3675 991 3740 ortisque
1002 3672 1064 3737 cet]
1077 3672 1250 3735 «Quicunque
1260 3671 1310 3721 erit
1321 3673 1402 3722 tenor

315 3747 349 3798 ad
366 3747 593 3810 artesmagicas.»
621 3750 699 3797 Amo.
728 3747 839 3798 «Sicci-
875 3744 1327 3812 statusquevitaameae,acribcra
1339 3757 1402 3811 per·

315 3836 379 3874 cero
396 3834 446 3886 pro
463 3823 563 3872 scauro
582 3821 620 3884 (2,
640 3823 700 3884 tui:
726 3823 840 3872 Libertas
875 3837 950 3890 gam.
977 3823 1000 3873 ai
1023 3819 1202 3885 qualicunque
1223 3819 1305 3871 modo
1323 3833 1401 3872 ccm-

311 3903 452 3960 patronum
472 3911 524 3947 noa
546 3898 647 3960 occidit,
679 3899 721 3948 aaa
745 3899 839 3948 auocat
875 3902 964 3951 mutua
989 3909 1036 3947 ero
1054 3895 1087 3959 (v.
1108 3894 1160 3957 tt.)
1178 3892 1331 3958 aequalium
1357 3893 1400 3945 νει

315 3972 426 4037 dictitia
447 3972 662 4036 autumnitati.»
692 3972 777 4023 Corra.
792 3973 838 4023 Cn.
876 3975 944 4025 vitiis
961 3967 1133 4022 nucumve!
1150 3970 1177 4019 iu
1194 3982 1238 4020 me
1250 3969 1399 4032 iniquitate,

319 4075 345 4084 -
364 4047 471 4107 mima,
492 4047 529 4112 Ut]
543 4045 631 4111 «quod
642 4059 728 4110 aeque
740 4047 838 4097 mirum
875 4053 956 4112 atque
973 4044 1125 4110 opprobriis
1142 4044 1235 4106 dignos
1256 4041 1342 4093 iibere
1359 4043 1401 4094 in-

317 4124 450 4185 astatque
463 4119 538 4183 iilud,
557 4119 837 4186 quoa-petuma·
876 4121 1010 4174 sectabor.
1031 4119 1065 4182 (v.
1083 4119 1151 4182 8t.i·
1181 4117 1338 4168 senadouua
1354 4127 1402 4168 aa·

317 4200 344 4250 id
362 4199 418 4258 cst,
446 4200 585 4248 uneutrum
603 4199 724 4262 proiecto
741 4197 839 4248 mirum
876 4197 954 4260 stiget
969 4196 1122 4255 Horatium,
1141 4192 1214 4256 quod
1230 4205 1284 4242 nou
1297 4188 1403 4242 mollius

319 4277 386 4327 ast.»
415 4271 583 4323 Contrarium
606 4274 678 4324 euim
695 4276 737 4324 est
759 4273 840 4324 Scae·
877 4267 1187 4336 scripserausaaaan,
1218 4267 1331 4330 quiaquia
1355 4265 1403 4318 aa
