3090 4974
323 441 384 508 732
718 474 721 480 ,
805 441 934 494 uoulru

364 599 529 678 incideris
551 617 612 665 uec
634 607 749 686 quarta
771 596 859 686 loqui
882 615 1023 685 persona
1044 594 1176 662 laborat.

363 721 489 789 Actoris
513 729 621 808 partes
644 718 762 788 chorus
785 717 991 805 officiumque
1014 715 1105 783 virile

388 956 443 1006 493,
461 955 575 1006 Auctoris
595 955 630 1019 dp
653 967 714 1006 curn
732 953 817 1006 Codd.
836 952 908 1004 haud
930 953 1036 1018 prucis.
1055 953 1119 1004 ilem
1137 951 1227 1004 Aldus.

317 1161 430 1224 poesela,
448 1160 714 1226 cmfuptltruddeum.
734 1161 790 1220 Qua
802 1171 845 1210 so·
880 1172 917 1224 νη
938 1155 1064 1210 ἐδείκνυε
1088 1153 1123 1208 τὸ
1148 1154 1200 1209 τσίιΙ
1224 1153 1295 1210 θεοῦ
1315 1154 1405 1230 πρόο-

319 1233 418 1286 lutioue
441 1237 519 1286 ulmis
536 1233 619 1297 facili,
646 1233 696 1284 sed
712 1234 762 1283 arti
779 1245 844 1282 eon·
882 1247 974 1296 ωιιον,
993 1227 1032 1296 ὥς
1053 1231 1142 1284 τοῦτο
1163 1229 1349 1300 καταστολὴν
1369 1229 1406 1283 al-

320 1311 413 1372 trarla,
432 1322 494 1360 cum
511 1307 608 1360 solutio
625 1322 658 1360 ex
671 1309 754 1372 ipsius
766 1305 846 1357 labu-
881 1325 929 1360 ναι
950 1305 1039 1361 τοῦδ
1067 1305 1177 1374 ’ματοςΙ
1212 1305 1351 1377 ἐλέγετο
1374 1307 1406 1359 δὲ

320 1382 361 1434 lae
373 1385 546 1436 oeconomica
556 1383 728 1449 dispositione
737 1381 844 1446 prodire
881 1379 964 1456 θεὸς
985 1325 1249 1450 ἀπδαμηχανῆς.
1282 1412 1311 1421 -
1330 1385 1407 1434 διειστ-

321 1471 353 1510 υσ
376 1473 427 1524 per
451 1471 480 1510 sa
506 1457 622 1510 dilucida
647 1471 707 1508 esse
732 1456 843 1516 debeat,
881 1459 920 1520 sit]
946 1459 993 1509 ain
1009 1457 1162 1521 tragoediae
1180 1457 1232 1510 flue
1249 1459 1407 1510 interveniat

319 1546 400 1597 saepe
426 1532 503 1584 abusi
520 1535 583 1584 sunt
600 1530 738 1597 Euripides
756 1532 783 1580 et
800 1527 843 1590 llll,
882 1532 917 1582 ad
933 1531 1092 1584 solvendum
1105 1532 1214 1583 laudem
1231 1533 1288 1584 eius
1307 1533 1406 1584 nodum

319 1608 354 1658 de
371 1607 470 1672 qulbus
487 1605 641 1658 Aristoteles
658 1607 730 1656 Pott.
745 1605 785 1667 48,
798 1606 843 1654 ll:
882 1605 998 1670 alioquin
1015 1605 1252 1658 inextricabilem.»
1273 1633 1301 1644 -
1321 1609 1407 1672 σιμιυι

320 1679 423 1732 πολλοὶ
447 1678 478 1731 δὲ
508 1676 659 1743 πλέξαντες
685 1669 718 1730 εὖ
742 1674 845 1730 λύουσι
881 1682 978 1732 uindice
993 1681 1081 1745 οοδιιε]
1100 1694 1178 1732 acum
1195 1681 1271 1733 alitor
1287 1681 1348 1733 lieri
1365 1695 1407 1734 ue·

320 1753 426 1819 ιιακῶς.
453 1755 528 1806 Idam
542 1756 582 1816 45,
595 1756 642 1805 tt:
661 1749 789 1824 φανερὸν
800 1745 847 1802 ὅτι
882 1756 952 1819 quit,
970 1759 1001 1806 ut
1016 1754 1088 1819 apud
1099 1755 1259 1820 Sophoclem
1271 1758 1331 1808 aine
1343 1758 1407 1807 licr-

319 1831 369 1882 καὶ
384 1826 438 1894 τὰς
453 1825 552 1892 λύσεις
567 1823 624 1879 τῶν
634 1824 737 1894 μύθων
748 1823 780 1892 ἐξ
791 1821 847 1878 συ·-
882 1827 949 1882 culis
958 1828 1275 1882 interventul’lrlloctetes
1284 1833 1408 1881 uouTro·

319 1904 371 1958 τοῦ
396 1903 515 1958 διττοῦ
540 1901 639 1971 plano
662 1901 844 1970 συμδαινειν,
882 1905 945 1966 iam,
957 1904 1007 1955 aed
1018 1905 1045 1955 io
1056 1905 1170 1970 patriam
1180 1905 1406 1970 proficisceretur,

319 1983 369 2033 καλ
384 1977 427 2048 μὴ
445 1973 543 2052 ὥσπερ
559 1979 590 2031 ἐν
607 1977 642 2052 τῇ
658 1977 770 2047 Μηδείᾳ
786 1971 845 2028 ἀπὸ
883 1980 910 2030 iu
926 1979 1059 2044 Euripidis
1079 1979 1233 2044 Hippolyto,
1257 1981 1309 2031 uisi
1328 1983 1407 2032 Diana

318 2054 464 2124 μηχανῆς,
492 2055 565 2108 Plato
583 2053 681 2118 cratyl.
695 2068 722 2118 p.
736 2052 793 2106 luo.
807 2054 843 2103 D:
883 2053 1076 2114 intercederet,
1094 2052 1135 2104 ille
1148 2057 1297 2119 compatre
1310 2055 1338 2106 iu
1350 2067 1408 2118 gra·

319 2125 417 2204 ὤσιιερ
435 2133 466 2182 ο4
481 2127 704 2202 τραγῳδοποιοὶ,
730 2123 845 2179 ἐπειδάν
882 2129 947 2180 tiam
955 2141 1008 2180 nou
1018 2128 1126 2179 rediret.
1140 2129 1236 2180 Vtudaor
1243 2131 1325 2193 igitur
1332 2130 1409 2194 (Ent-

319 2221 345 2259 τι
371 2202 537 2276 ἀπορῶσιν,
563 2203 611 2255 ἐπὶ
634 2204 686 2266 τὰς
710 2197 846 2268 μηχανάς
882 2202 1038 2267 achaider)
1058 2204 1118 2266 «qul
1130 2215 1238 2256 summo
1249 2205 1276 2256 iu
1287 2203 1407 2269 periculo

319 2277 522 2347 ἀποφεύγουσι
535 2276 624 2341 δεονς
634 2276 772 2350 αἴροντες.
791 2277 845 2328 Eu·
882 2280 1035 2328 versantem
1052 2276 1141 2330 subito
1157 2277 1254 2330 liberat
1265 2281 1293 2330 et
1304 2281 1406 2344 eripit·

320 2357 414 2420 napius
425 2356 488 2405 Ero.
501 2354 536 2404 de
548 2354 649 2416 Legati.
662 2365 690 2416 p.
702 2352 746 2402 324
759 2365 765 2400 :
784 2351 845 2402 Κα-
882 2353 958 2403 Grau.
973 2353 1098 2417 apposite
1110 2353 1220 2406 Procius
1232 2355 1266 2406 ad
1279 2354 1406 2407 Alcibiad.

319 2425 413 2500 άάπερ
429 2427 461 2479 ἐν
471 2431 534 2490 τοῖς
543 2422 702 2497 δράμασιν,
721 2417 792 2476 ὅταν
803 2426 845 2487 εἰς
881 2427 901 2476 1.
920 2440 947 2489 p.
962 2425 1018 2478 ill.
1038 2427 1101 2478 edit.
1121 2428 1230 2478 Creuz.:
1248 2427 1281 2480 ἐν
1296 2445 1407 2502 τραγῳ-

319 2498 433 2574 ἅιτορον
449 2502 498 2552 καὶ
509 2497 651 2552 δύσλυτον
661 2497 760 2550 αἰτῶν
772 2493 845 2550 διιο-
882 2497 957 2563 δὶαις
973 2499 1005 2550 ἐκ
1021 2499 1158 2568 μηχανῆς
1171 2501 1312 2567 πολλάκις
1321 2501 1408 2568 θεοὺς

319 2579 458 2644 κειμένων
481 2570 571 2646 ἔργων
591 2574 695 2626 ιιλοιιολ
712 2571 845 2640 τελευτή·
882 2570 962 2638 τινὰς
979 2572 1147 2642 εἰσάγουσιν
1164 2578 1195 2628 οἱ
1216 2581 1337 2644 ποιηταὶ
1354 2581 1407 2630 τῶν

320 2667 425 2715 σωσιν,
444 2645 461 2702 ὁ
478 2647 660 2716 καλούμενος
670 2645 730 2700 ἀπὸ
746 2665 845 2716 μηκα-
883 2645 1033 2720 παρόντων
1058 2647 1234 2723 πραγμάτων
1259 2651 1407 2726 διορθο-

320 2723 453 2794 νῆςάεὸς
464 2722 626 2790 ἐπεισόδιος
641 2726 683 2788 εἰς
693 2727 787 2791 μέσον
799 2718 845 2775 lt·
883 2722 953 2788 τάς.
972 2753 999 2762 -
1017 2739 1062 2777 aec
1079 2732 1174 2790 puorto
1185 2730 1249 2796 cet]
1267 2729 1407 2795 «Tragicos

319 2817 418 2866 κεται,
449 2798 544 2852 πάντα
568 2802 771 2873 σομιιερσίνων
795 2801 845 2852 καὶ
882 2799 910 2850 id
927 2813 1025 2851 cavere
1040 2800 1136 2862 debet,
1154 2805 1408 2870 neattcutuurspe-

319 2878 528 2949 καταστρέφων
549 2875 596 2928 ἐπὶ
612 2871 646 2928 τὸ
664 2875 846 2946 σαφέστερον
882 2876 990 2926 etaloris
1007 2876 1127 2926 animum
1145 2890 1178 2928 eo
1195 2877 1309 2940 dividat,
1338 2879 1407 2944 quod

318 2955 369 3005 eat
385 2946 532 3022 εὔκριτον,
559 2943 636 3002 οὕτω
658 2949 718 3000 κτλ.
747 2947 846 3012 (Pollux
882 2951 908 3000 iu
930 2950 1027 3002 eadem
1049 2963 1131 3002 scena
1147 2953 1209 3015 post
1225 2966 1408 3024 πρωταγωνι-

318 3027 344 3089 l,
358 3028 420 3078 ⁴28:
439 3020 458 3092 ἡ
475 3022 618 3091 μηχανὴ
635 3022 668 3076 δὲ
684 3019 772 3087 θεοὺς
787 3020 845 3073 δεδ-
882 3019 971 3090 στὴν,
988 3021 1258 3096 δευτεραγωνιστήν,
1270 3041 1407 3098 τριταγω-

318 3116 404 3154 κνυοι
414 3101 463 3152 καλ
475 3093 554 3172 ἥρως
563 3097 632 3162 τούς
644 3099 674 3150 ἐν
685 3093 762 3170 ἀέρι,
774 3095 846 3148 Bal·-
882 3097 991 3165 νιστήν,
1001 3099 1199 3166 luducatetiam
1208 3104 1333 3166 quartam
1345 3117 1408 3168 per-

319 3172 497 3249 λεροιρόντας
513 3169 585 3241 ἢΠε
623 3175 673 3236 ἐας
687 3175 737 3224 καὶ
752 3175 846 3222 κεῖται
882 3187 988 3236 sonam,
1007 3176 1082 3228 cuius
1099 3179 1190 3240 partes
1207 3189 1293 3241 paone
1311 3191 1406 3243 supar-

318 3247 393 3302 κατά
401 3245 546 3322 τὴνάριστ
598 3265 615 3300 ν
623 3245 760 3320 πάροδον,
773 3241 845 3318 ὑπὲρ
881 3261 1016 3300 vaoauoae
1027 3250 1088 3312 slot,
1101 3250 1171 3301 adeo
1182 3253 1212 3302 ut
1221 3252 1290 3315 uper·
1300 3253 1405 3313 tom,

318 3323 372 3392 τὴν
388 3322 500 3393 σκηνὴν
514 3321 548 3376 τὸ
560 3319 649 3390 ὕψος.
673 3323 767 3374 Suldaa
779 3324 842 3373 inv.
882 3322 1023 3376 dillloultar
1039 3337 1071 3374 ac
1088 3323 1201 3378 moleste
1216 3328 1336 3377 sermoni
1347 3339 1406 3378 sese

315 3393 845 3470 Ἅπὸμηκανῆςεθὶγὰρτῶντρα-
881 3397 1023 3450 intrudat.»
1058 3397 1135 3458 Quod
1155 3399 1275 3451 studiose
1291 3401 1407 3452 vitarunt

317 3471 428 3543 γῳδιῶν
444 3475 609 3540 normal„
619 3469 741 3524 εἰώθασι
756 3469 844 3535 θεοὺς
881 3472 1029 3537 Aeschylus
1038 3474 1066 3524 et
1073 3473 1227 3538 Sophocles.
1240 3475 1284 3526 Sic
1292 3476 1319 3525 iu
1325 3475 1407 3527 chod·

317 3545 399 3618 ἄγειν
423 3545 478 3601 οὐκ
494 3543 537 3601 ἐπ’
555 3543 647 3613 αὐτῆς
664 3547 716 3614 τῆς
732 3545 844 3615 σκηνῆς
881 3549 972 3612 phoris
989 3545 1079 3611 Pyladi
1096 3547 1250 3599 tribuuntur
1261 3552 1316 3600 tres
1327 3549 1405 3600 dum·

318 3620 497 3696 ὁρωμένους,
523 3619 583 3674 ἀλλ’
610 3620 641 3688 ἐξ
662 3617 761 3686 ὕψους
783 3618 843 3673 άιιό
882 3621 1212 3684 coronamentorum..
1232 3623 1405 3674 idemioSo-

316 3713 395 3762 τινος
418 3694 568 3766 μηχανῆς,
597 3695 632 3764 ἣν
649 3692 773 3758 ἔβλεπον
788 3697 843 3763 μὲν
880 3695 982 3760 phoolls
1004 3695 1107 3747 Electra
1128 3698 1202 3748 muta
1220 3699 1262 3747 est
1279 3709 1402 3761 persona.

318 3769 457 3910 πρότερον
477 3770 525 3841 (ἢν
548 3771 687 3845 πρότερον
709 3772 765 3838 μὲν
787 3767 842 3822 οὐκ
880 3773 909 3822 lu
919 3769 1051 3835 Euripidis
1062 3770 1248 3821 Andromacha
1259 3770 1318 3822 sao.
1332 3772 1406 3834 quat-

316 3843 332 3900 ⁰e¹
352 3847 439 3900 λετον
453 3848 523 3899 mala
541 3850 692 3914 suspicatur
705 3847 844 3899 Fritaachi-
880 3844 1403 3910 tuorquidampcrsonaeincoeperunt,

317 3935 349 3974 us
370 3923 568 3975 Rostoohleosis
587 3925 618 3974 da
636 3925 681 3974 deo
697 3936 730 3974 eo
745 3923 828 3972 moti
880 3921 950 3984 ipsa,
964 3918 1032 3971 illius
1043 3919 1183 3982 Molossus,
1196 3918 1341 3981 Menelaus.
1355 3921 1405 3970 Po-

317 4011 366 4056 ιισς
384 3998 512 4049 videbant
527 4000 599 4051 enlm
614 4011 709 4062 reapse
723 3999 776 4049 iam
794 4009 843 4048 ao·
878 3995 952 4057 leus;
971 3995 1021 4046 sed
1032 3993 1191 4058 simulatque
1204 3999 1344 4060 comparet
1355 3997 1405 4045 Pe-

316 4075 360 4123 tra
392 4073 557 4134 machinam,
593 4073 642 4124 sed
671 4071 713 4124 del
745 4072 841 4124 laciem
878 4069 949 4132 leus,
976 4069 1106 4121 llolossus
1133 4071 1206 4120 mula
1230 4069 1400 4135 alpanum.

316 4157 370 4196 nou
387 4145 515 4198 videbant
531 4149 592 4198 ante
616 4159 697 4211 mm
717 4147 840 4198 machina
880 4142 997 4208 (Martial.
1008 4145 1032 4204 6,
1047 4145 1075 4194 δι
1089 4144 1345 4204 οοαοεάισεεευιιε,
1363 4143 1403 4193 aed

316 4218 493 4284 versabatur.)
512 4221 543 4272 ol
558 4221 672 4285 θεαταί,
691 4223 753 4274 κατ’
771 4221 842 4274 ἐεισά-
879 4219 1109 4281 omatteel’oulo,
1128 4221 1252 4283 Eriperes,
1266 4221 1402 4283 οσσϋνστί

317 4310 370 4360 νην
397 4292 429 4346 δε
454 4290 507 4361 τὴν
536 4291 649 4369 ἡμέραν
678 4299 841 4369 στρεφομέ-
878 4301 900 4347 et
922 4291 1025 4357 κωφὸν
1040 4294 1120 4347 Paulo
1140 4291 1298 4366 πρόσωπον
1314 4290 1399 4352 moll
