3178 4972
682 448 810 500 HoltlTll
828 446 1052 512 saisselinus

661 949 926 1013 mm
949 947 1070 1012 Vm.

364 1097 459 1167 Celso
481 1093 624 1182 gaudere
650 1103 683 1159 et
705 1091 789 1159 bene
811 1112 880 1158 rem
902 1111 1018 1178 gerere
1040 1089 1240 1159 Albinovano

289 1253 296 1265 ·
363 1221 455 1286 Musa
477 1223 587 1305 rogata
609 1213 707 1292 refer,
731 1213 839 1280 comiti
862 1211 1056 1300 scribaeque
1079 1213 1226 1281 Neronis.

363 1342 396 1407 Si
415 1348 565 1427 quaeret,
589 1335 668 1424 quid
688 1355 797 1422 agam,
821 1333 875 1401 dic
889 1333 988 1401 multa
1000 1345 1033 1401 et
1044 1333 1177 1421 pulchra
1192 1336 1367 1404 minantem
1409 1395 1412 1404 ,

385 1539 434 1588 ΕΡ.
452 1511 518 1586 vui.
545 1534 569 1585 3.
589 1535 689 1597 queant
705 1532 758 1583 hod
774 1537 801 1582 et
817 1530 970 1596 complures
988 1533 1068 1594 leae,
1088 1545 1141 1583 non
1157 1533 1194 1584 SE
1206 1546 1295 1598 nsque
1307 1533 1378 1586 hanc

355 1613 498 1664 lectionem
515 1623 549 1661 ex
559 1608 618 1660 'ullo
636 1621 747 1660 suorum
764 1607 842 1659 alleri
858 1607 1007 1658 Pettierius.
1026 1605 1080 1658 Cir.
1093 1607 1129 1658 ad
1139 1608 1205 1673 Epp.
1219 1610 1244 1670 l,
1257 1609 1281 1670 7,
1296 1609 1336 1659 49.

368 1780 433 1830 Vlll.
477 1779 515 1829 De
549 1779 604 1828 toto
637 1779 689 1828 hoc
719 1774 845 1840 Epistolio
883 1787 949 1840 pero
983 1775 1130 1840 interprete
1162 1789 1219 1828 oon
1245 1777 1410 1840 minoem,

318 1857 417 1920 scripto
438 1867 462 1905 a.
487 1868 513 1904 u.
533 1867 556 1904 c.
575 1853 632 1904 tei.
659 1852 707 1904 eir.
734 1850 846 1902 lacohsii
884 1849 957 1912 quod
981 1849 1044 1900 nihil
1070 1852 1128 1910 est;
1154 1852 1204 1902 sed
1232 1853 1351 1915 videtin,
1381 1859 1413 1906 ut

318 1931 402 1980 Lectt.
421 1929 520 1978 Venus.
539 1939 600 1991 pag.
619 1926 676 1977 335.
713 1926 787 1976 Idem
805 1926 847 1975 est
885 1924 977 1974 Tulliae
992 1923 1175 1988 Albinovanus,
1191 1927 1330 1978 Ροιιιιηιιω
1345 1927 1413 1978 Alti-

318 2003 424 2063 Celsus,
442 2000 843 2063 cuiusmentionemiaeitEpp.
881 2013 996 2050 aecanos
1021 2012 1052 2050 ao
1075 1999 1170 2052 similia
1193 1999 1306 2064 (Amice,
1329 2003 1412 2052 Soro-

318 2080 346 2140 l,
365 2080 395 2138 3,
411 2079 465 2138 th,
484 2075 530 2127 ubi
547 2075 617 2126 vide.
653 2074 746 2124 «iiiam
763 2087 845 2138 quam
881 2087 938 2136 aas,
951 2073 1068 2136 Sabinus,
1080 2075 1221 2140 Himetto),
1234 2075 1306 2139 quod
1319 2075 1412 2128 dicunt

304 2149 411 2217 'putent
421 2150 661 2215 reprehensionem
674 2149 787 2199 tortasse
799 2148 846 2199 ini·
883 2161 1027 2212 agnomen,
1046 2151 1076 2198 ut
1092 2150 1191 2212 pariter
1209 2151 1249 2200 est
1263 2151 1410 2201 innomine

316 2227 410 2290 quiere
439 2223 547 2276 Celsum
572 2223 663 2274 tulisse
688 2225 777 2273 animo
794 2237 845 2273 nec
880 2223 983 2273 Pedonis
1010 2221 1167 2276 Albinoooni.
1201 2249 1228 2260 -
1257 2225 1411 2291 mitiorque]

316 2301 412 2364 corrigi
430 2313 459 2351 se
477 2311 566 2362 neque
580 2298 717 2348 emendari
734 2309 845 2361 pessum
882 2297 927 2348 liis
939 2311 982 2346 vv.
996 2298 1021 2347 ei
1038 2297 1185 2360 gratulatur
1201 2311 1299 2350 munus
1316 2301 1410 2363 utique

316 2389 391 2436 esse,
427 2373 559 2424 offensum
593 2372 711 2433 medico,
746 2372 844 2421 iratum
881 2371 1071 2432 honorificum,
1090 2373 1163 2436 quod
1179 2373 1257 2437 paulo
1273 2374 1412 2425 antande-

315 2450 421 2499 amicoa
448 2448 581 2498 finxerunt
603 2445 765 2509 Interpretes
782 2457 844 2495 mo·
881 2448 942 2510 ptus
959 2449 1031 2508 erut,
1050 2460 1138 2511 neque
1151 2460 1232 2510 vero,
1251 2449 1281 2498 ut
1297 2448 1354 2500 eliis
1372 2451 1411 2499 vi-

315 2527 377 2576 rosi.
397 2527 505 2588 «ltaque
517 2523 633 2582 denuo»
650 2523 744 2585 inquit,
764 2535 843 2572 «eum
881 2533 942 2571 sunr
959 2523 1012 2580 est,
1032 2533 1095 2570 eum
1112 2520 1225 2573 deridet.
1253 2523 1303 2583 Qui
1320 2523 1411 2574 huius

315 2599 480 2664 aggreditur,
506 2598 568 2647 vitia
595 2597 673 2647 amiel
691 2598 841 2658 incessens,
881 2595 954 2645 modi
966 2595 1068 2646 cohorti
1082 2596 1230 2647 amicorum
1241 2597 1409 2662 proconsulis

314 2675 480 2734 iactantiam,
499 2683 656 2738 perversam
672 2670 778 2722 vivendi
798 2685 843 2721 ra·
880 2668 922 2720 vel
934 2668 1010 2720 ducis
1022 2671 1155 2734 aggregati
1168 2673 1257 2732 erant,
1270 2661 1409 2724 interdum

313 2750 429 2809 tionem,
456 2747 537 2797 animi
554 2745 738 2808 agitationem,
757 2744 843 2795 obsti·
881 2743 1079 2794 adhibebantur
1095 2746 1129 2796 ad
1141 2744 1267 2810 epistolas
1278 2747 1409 2811 imprimis

313 2824 461 2882 nationem,
489 2819 706 2880 inconstantiam,
725 2818 842 2870 insolen-
880 2831 992 2870 arcanas
1015 2819 1043 2868 et
1064 2821 1192 2882 gravioris
1208 2822 1358 2884 argumenti
1375 2835 1409 2872 ex

313 2901 404 2950 tium.»
439 2895 518 2947 Addit
550 2894 634 2946 alius:
665 2897 734 2946 «Nec
760 2895 843 2959 spirat
881 2891 949 2942 illius
973 2893 1099 2945 mandato
1122 2893 1346 2957 conscribendas,
1372 2895 1407 2947 ad

312 2974 381 3023 haec
392 2969 509 3035 Epistola
520 2969 725 3021 illumamorem
735 2970 761 3019 et
772 2967 843 3020 mol·
881 2967 1048 3031 quotidianas
1064 2981 1130 3019 vero
1147 2969 1218 3020 servi
1234 2968 1277 3020 rel
1293 2969 1389 3022 liherh'.

312 3047 392 3098 liores
409 3044 560 3096 illosanimi
575 3057 684 3106 sensus,
704 3057 844 3109 quospas·
913 3043 969 3094 3-6.
996 3045 1024 3094 Si
1041 3049 1144 3106 puerei
1161 3043 1224 3110 eat]
1254 3045 1327 3096 ovid.
1346 3051 1406 3098 Am.

313 3123 365 3173 sim
388 3121 510 3171 Horatius
532 3132 596 3182 erga
613 3117 679 3169 alios
697 3119 798 3168 amieos
815 3118 842 3167 in
881 3118 909 3178 l,
929 3118 972 3179 ll,
992 3117 1039 3168 ιιι
1061 3119 1089 3168 Si
1105 3123 1225 3181 pacaret,
1244 3120 1305 3180 quid
1320 3135 1407 3186 apocr,

313 3191 477 3246 carminibus
502 3193 558 3244 suis
582 3193 738 3256 expressita
769 3193 842 3251 Quae
879 3205 922 3254 spe
943 3193 1022 3242 coctis
1041 3194 1125 3243 vivere
1147 3193 1220 3243 dices
1241 3219 1267 3229 -
1288 3196 1328 3244 dic
1344 3197 1408 3262 eet]

312 3271 402 3321 omnia
427 3268 505 3319 nimis
530 3279 625 3317 severa
642 3269 670 3316 et
686 3267 842 3329 exaggerata
880 3266 960 3318 Multa
977 3269 1030 3317 iam
1048 3281 1110 3318 cunr
1122 3266 1297 3320 familiaritate
1314 3273 1341 3320 et
1357 3270 1409 3321 be-

312 3343 464 3406 eodemque
495 3345 618 3406 tempore
643 3341 707 3392 satis
732 3337 842 3391 ridicula
880 3340 1030 3392 nevolentia
1055 3340 1133 3392 Celso
1158 3344 1243 3394 totum
1269 3345 1349 3395 animi
1367 3345 1408 3397 sui

313 3418 391 3472 nohis
407 3415 541 3466 videntur.
880 3416 979 3466 statum
997 3417 1097 3480 aperit:
1124 3429 1170 3468 «se
1187 3417 1238 3470 sihi
1255 3417 1406 3484 displicere,

347 3493 371 3544 l.
390 3493 416 3542 Ξ.
436 3491 504 3542 celso
520 3491 633 3554 caudeo
649 3490 711 3555 oet]
739 3488 840 3550 alteror,
880 3503 933 3540 non
950 3493 1061 3555 propter
1077 3504 1172 3543 causas
1189 3493 1310 3545 fortuitas
1326 3497 1408 3559 atque

313 3567 387 3620 hlusa
406 3577 421 3614 e
439 3576 483 3614 me
499 3566 603 3628 rogata,
623 3563 702 3616 Celso
714 3563 766 3628 (me
778 3575 842 3612 eum
879 3565 1018 3627 externas,
1045 3566 1095 3617 sad
1111 3569 1222 3632 propter
1237 3568 1409 3633 inexplicabi-

313 3641 415 3705 iuhers)
433 3641 544 3710 χαιρειν
560 3640 610 3690 και
627 3630 661 3689 rai
682 3633 840 3710 πράττειν.»
878 3638 932 3689 lem
945 3638 1080 3702 quandam
1091 3643 1189 3694 mentis
1201 3644 1405 3706 aegritudinem,

313 3714 407 3767 Celsus
441 3715 518 3778 igitur
549 3712 677 3765 salutaret
705 3712 842 3762 Horatium
880 3725 932 3776 qua
952 3725 982 3762 se
1003 3723 1075 3765 nuno
1098 3716 1208 3778 quidam
1225 3715 1340 3769 liberare
1357 3731 1408 3770 ne·

314 3789 473 3855 (quomodo,
500 3787 679 3852 ignoramus);
707 3787 750 3836 hio
775 3786 843 3836 ami·
880 3789 1002 3851 quantu
1024 3787 1154 3854 aquibus
1175 3790 1283 3856 quidem
1300 3793 1406 3854 verbis,

313 3877 375 3916 cum
387 3865 531 3924 iuniorem,
550 3862 601 3914 sihi
617 3872 710 3912 oerum
722 3861 749 3910 et
760 3872 842 3923 qnem
880 3863 909 3910 ut
928 3859 996 3912 solet
1018 3861 1077 3913 fleri
1101 3877 1117 3913 a
1134 3863 1332 3916 melancholicis
1349 3868 1408 3918 sive

314 3938 531 4002 magnifaceret,
556 3934 701 3996 resalutat,
724 3934 840 3995 Musam,
879 3935 1131 4000 hypoehondriacis,
1148 3951 1199 3988 non
1212 3939 1409 4004 prorsusabest

313 4011 366 4063 hoc
388 4014 418 4062 ut
434 4011 550 4062 oiiicium
568 4009 709 4073 suscipiat,
734 4021 840 4074 rogans.
880 4011 1048 4076 exaggeratio
1066 4009 1202 4063 nonnulla.
1234 4011 1299 4078 (chr
1314 4015 1409 4076 aprielt

313 4087 382 4137 Cum
402 4085 520 4137 Landinc
543 4083 585 4134 alii
603 4081 752 4147 explicent:
779 4097 842 4134 «ro-
878 4099 928 4134 voa
943 4086 1013 4135 door
1025 4085 1221 4150 Verttimmonp,
1240 4087 1279 4138 dle
1295 4087 1333 4139 hei
1346 4101 1408 4140 roo-

312 4158 383 4224 poto]
396 4171 411 4207 a
424 4157 502 4210 Celso
513 4174 541 4218 μ
559 4170 655 4208 verum
673 4158 763 4208 hocin
779 4162 843 4223 poli-
878 4159 1146 4222 putalaollenlloturea
1156 4161 1359 4225 ιιιονιοιφιιιιιιι
1369 4163 1408 4214 lsi

313 4232 459 4284 toeverhis
476 4245 528 4284 non
545 4232 622 4284 inest.
638 4257 666 4269 -
679 4232 841 4294 Aldtaeooow]
879 4232 1151 4296 meamea,
1166 4236 1216 4288 wie
1231 4237 1282 4286 wir
1297 4237 1408 4288 dasilo·

313 4305 370 4360 Noli
393 4307 550 4358 Germanice
575 4307 683 4357 vertere
706 4319 769 4358 eum
790 4319 843 4358 nu·
878 4308 991 4359 misem
1014 4309 1127 4372 mon,
1160 4322 1211 4373 σω
1236 4310 1308 4361 haias
1329 4324 1407 4378 aram·
