3178 4972
283 433 345 500 532
641 428 771 481 noemi
788 425 1009 508 abutebantur

327 590 389 671 Qui
413 586 557 656 consulte
579 595 721 672 petrum,
746 583 800 671 qui
824 583 913 669 leges
936 582 1072 666 iuraque
1095 591 1217 653 servet,

328 713 400 792 Ouo
424 707 543 774 multae
565 725 768 793 magnaeque
791 713 943 770 secantur
964 700 1071 768 iudice
1094 700 1181 778 lites,

328 834 399 912 Quo
423 851 476 897 res
498 848 657 916 sponsore
680 837 799 914 etque
822 845 941 892 causee
963 833 1044 890 teste
1067 832 1223 890 tenentur.

328 952 392 1020 Sed
415 952 504 1017 videt
525 950 609 1016 hunc
632 948 735 1015 omnis
758 946 874 1013 domus
897 917 1067 1012 etvicinia
1089 953 1154 1010 totu

327 1077 503 1140 introrsum
526 1081 667 1156 turpem,
691 1068 877 1155 speeiosum
900 1065 983 1153 pelle
1006 1065 1135 1132 decore.
1332 1065 1373 1128 45

350 1241 391 1293 ta.
411 1243 465 1303 Quo
481 1251 627 1301 responsore
644 1237 745 1300 bSEcp‚
760 1239 797 1286 il.
815 1263 841 1272 -
855 1235 895 1286 te.
910 1235 1048 1284 loirormm
1065 1236 1106 1294 Sc,
1122 1233 1208 1284 LCtOe
1226 1235 1254 1284 et
1271 1245 1339 1283 corr.

318 1317 353 1366 E:
373 1317 496 1366 introrsus
512 1312 558 1376 bp,
576 1315 610 1377 γζ
626 1313 652 1361 et
669 1325 709 1376 pr.
725 1327 753 1372 κ,
772 1308 905 1362 Bentleius
924 1311 950 1360 et
967 1310 994 1370 F,
1012 1309 1083 1358 Hunc
1096 1321 1203 1372 prorsus
1219 1321 1259 1372 pr.
1278 1309 1298 1358 E
1316 1310 1342 1360 et

286 1465 345 1514 acui
362 1464 472 1527 propter
487 1460 604 1520 mendac,
623 1457 650 1508 id
667 1461 720 1516 eet.
739 1458 810 1518 vitia,
850 1457 947 1508 mereri
974 1459 1068 1522 coepto
1098 1459 1190 1518 erant,
1220 1455 1315 1508 saltem
1341 1469 1374 1507 ex

285 1536 383 1600 quibus
394 1535 512 1596 laborat,
532 1533 669 1592 conducit¹
688 1533 718 1581 ut
729 1543 811 1581 sanae
849 1534 933 1595 perte.
954 1531 1008 1582 Cic.
1021 1532 1085 1594 Top.
1101 1532 1126 1590 ii,
1145 1531 1191 1580 28:
1219 1531 1247 1580 Si
1264 1531 1320 1591 pulc
1335 1532 1376 1580 ius

284 1610 468 1676 philosophiae
493 1620 545 1674 ope
571 1606 606 1658 eb
632 1607 662 1656 iis
683 1607 812 1668 purgetur
849 1606 920 1654 ciuile
935 1606 1003 1655 dicct
1019 1605 1046 1654 ld
1061 1617 1124 1666 ecre,
1146 1606 1213 1666 quod
1228 1606 1255 1654 in
1270 1605 1373 1668 leplbm,

284 1698 316 1735 ac
346 1686 427 1734 vitam
451 1696 527 1734 enam
550 1682 695 1733 emendare
719 1679 811 1730 coudl-
849 1684 950 1730 amatim
966 1679 1096 1737 conatu,
1115 1679 1376 1740 conmmeatum-

284 1762 367 1810 scat»
386 1759 425 1808 cl.
446 1771 515 1808 vere.
534 1757 576 1806 m.
596 1758 716 1818 Magnum
733 1755 811 1805 huius
848 1753 1208 1816 alspeilommuuclorlintc,
1225 1754 1377 1804 metume-

285 1833 406 1884 lectiouie
425 1833 610 1883 auctoritatem
628 1831 708 1880 etiem
726 1833 813 1879 enter·
848 1831 1010 1893 plrtratnmn,
1022 1829 1373 1889 utorecequiloteconeirlet.

285 1920 348 1957 nam
367 1919 427 1957 esse
438 1906 514 1956 videe
529 1907 554 1954 in
568 1907 628 1955 Ver.
643 1907 724 1956 Lecll.
744 1905 812 1954 Con·
850 1905 929 1954 Gaius
942 1904 965 1953 l.
979 1903 1003 1965 S.
1017 1902 1046 1953 t:
1065 1903 1172 1952 sonum
1187 1903 1375 1952 conanum·-

285 1984 325 2032 tre
342 1983 486 2031 mendacem
502 1979 652 2043 protectum
663 1979 726 2029 mihi
739 1978 813 2028 vide·
849 1979 910 2041 lepis
936 1978 1015 2026 uicem
1043 1976 1150 2036 obtinet,
1186 1978 1301 2038 quatenu
1327 1977 1376 2040 picit

285 2058 329 2104 tur
345 2055 380 2105 nb
398 2068 446 2114 eo,
465 2055 510 2118 qul
527 2067 552 2103 v.
570 2054 745 2103 medicandum
758 2065 811 2102 non
849 2052 997 2112 pecentino.
1017 2051 1059 2100 Sic
1072 2053 1113 2100 eet
1124 2051 1150 2100 in
1162 2051 1187 2098 S.
1199 2051 1228 2100 C.
1239 2048 1375 2100 Velleiano

285 2130 348 2180 eatis
375 2126 522 2190 intelligens
548 2140 564 2176 e
586 2126 765 2191 praecedente
782 2140 809 2174 v.
851 2126 995 2188 iiiimxiii.
1010 2124 1097 2186 l‚2.):
1118 2123 1246 2173 Ammoi·
1262 2128 1376 2174 mcum

282 2205 394 2254 mendam
419 2202 454 2252 nd
477 2203 512 2250 itu
534 2200 748 2264 interpolendum
770 2202 811 2250 in·
848 2205 915 2250 recte
930 2204 1006 2260 uteru
1022 2199 1110 2247 ordina
1125 2198 1250 2260 facturos,
1269 2198 1304 2246 cd
1314 2209 1376 2260 quoe

284 2276 381 2327 ductus
393 2278 475 2334 esset,
489 2276 608 2338 angulani
621 2276 729 2340 iusuper
741 2275 811 2325 huuc
849 2275 879 2322 de
895 2286 926 2322 eo
941 2285 970 2322 re
986 2273 1013 2321 io
1030 2272 1086 2321 lure
1102 2273 1199 2321 mum
1214 2272 1275 2332 alit,
1293 2271 1315 2320 ri
1330 2273 1376 2322 de-

285 2351 362 2414 queei
376 2343 531 2418 ἀναφορὰν
543 2353 679 2413 reputene.
698 2350 755 2398 Hoc
766 2361 811 2398 eu·
850 2347 931 2397 milet
953 2359 1070 2408 operam,
1097 2349 1125 2394 ul
1141 2347 1168 2394 ie
1184 2358 1215 2394 aa
1231 2358 1260 2394 re
1275 2350 1376 2395 ceum

286 2426 340 2474 tem
363 2424 445 2472 leret:
475 2421 583 2483 aldem,
611 2424 656 2486 qui
679 2425 810 2488 perpetuo
848 2422 965 2472 comatae
980 2425 1099 2470 emetur.
1119 2419 1159 2469 Cl.
1175 2420 1237 2469 Tne.
1256 2417 1321 2469 Diel.
1339 2420 1374 2470 de

285 2498 425 2554 mentitur,
445 2495 470 2545 id
484 2497 538 2554 eet,
551 2493 616 2546 alios
628 2497 754 2558 decipere
767 2511 812 2546 cu·
849 2498 892 2545 Or.
906 2496 953 2546 32:
972 2500 1001 2546 ut
1017 2497 1132 2558 immi-ent
1148 2493 1224 2557 lepor,
1243 2507 1294 2543 aon
1310 2499 1376 2544 une·

283 2573 335 2636 pit,
359 2570 424 2621 dum
442 2583 471 2620 se
488 2569 591 2617 bonum
608 2570 810 2632 sapientemque
849 2573 894 2618 acl
917 2575 1018 2619 emmer
1044 2570 1171 2630 coneum,
1203 2569 1244 2617 ius
1267 2570 1377 2619 culmis

284 2657 343 2694 esse
356 2641 478 2701 simulat,
497 2643 554 2704 ipee
567 2653 675 2704 quoque
687 2642 811 2692 mendaci
848 2643 915 2692 ultro
932 2643 1069 2693 deridacm.
1090 2669 1118 2680 -
1136 2641 1263 2706 amantur]
1285 2641 1376 2693 «deei-

283 2717 390 2767 infamia
402 2716 496 2764 terreri
508 2713 601 2764 solet.»
623 2715 662 2765 Cl.
676 2715 812 2766 blitseher·
850 2715 961 2777 duntur,
990 2717 1194 2778 transiguntur.-
1223 2715 1261 2765 ci.
1281 2717 1335 2766 Sal.
1349 2718 1374 2776 l,

282 2791 451 2842 lichltocem.
464 2790 561 2839 Venus.
571 2788 596 2837 8.
609 2802 636 2852 p.
649 2790 674 2838 7.
688 2790 716 2838 ln
726 2790 812 2840 llocir-
850 2791 893 2850 to,
908 2792 948 2840 ⁴5.
977 2789 1090 2840 Arbitrio
1107 2789 1275 2854 potissimum
1293 2789 1376 2852 signi-

283 2865 358 2917 ederi
375 2877 439 2914 vero
456 2864 598 2914 mendicum
614 2876 667 2913 non
679 2864 750 2912 cadit
763 2865 813 2927 sal·
849 2864 925 2923 licat,
953 2877 1024 2927 quae
1045 2877 1061 2913 e
1082 2862 1243 2926 litigantibus
1260 2863 1375 2915 adeum

282 2953 325 2990 arar
341 2940 420 2988 bonor
437 2951 488 2988 nec
506 2939 617 2987 mendae
633 2939 751 3000 infamia,
770 2941 811 2986 et-
850 2939 1017 2999 deleruntur,
1037 2939 1098 3001 quie
1115 2939 1141 2988 in
1153 2937 1236 2990 rebus
1246 2941 1376 3002 pecunia-

283 3027 336 3078 que
354 3013 462 3064 omnino
479 3014 521 3062 esi
538 3011 677 3061 arbitraria
696 3012 813 3074 interpo-
849 3014 893 3063 riis
918 3013 1000 3062 homo
1020 3012 1121 3075 integer
1141 3013 1222 3076 etque
1247 3012 1375 3064 nonestus

283 3087 353 3137 latio.
370 3091 398 3124 -'
421 3087 464 3137 Vir
480 3085 558 3135 boum
574 3089 608 3136 est
625 3085 712 3149 quisi]
737 3087 811 3135 «lum
850 3087 1024 3136 existimatur.

283 3175 383 3221 verop·
409 3160 507 3224 inquit,
536 3160 708 3210 «accuratius
730 3160 811 3209 etiam
882 3159 922 3211 id.
943 3162 996 3222 Ouo
1013 3162 1190 3225 rerepencore]
1210 3161 1374 3221 Cll’eret,

283 3233 380 3300 popelli
416 3235 511 3285 iudicio
542 3233 721 3292 excutiemus,
756 3245 811 3296 quo
849 3237 895 3286 m:
913 3236 1258 3298 Marcoupondealereccror
1269 3237 1376 3286 Credere

283 3323 363 3374 quam
376 3309 444 3360 levin
459 3311 512 3360 siut
523 3311 810 3371 quantumqueevern
849 3315 876 3360 tu
901 3309 1037 3359 ammeca?
1073 3311 1179 3370 «Quem
1205 3323 1301 3360 omues
1325 3323 1375 3374 pro

283 3385 410 3447 sapientie
423 3383 601 3442 abhorreant,
617 3383 811 3446 perspiciemus
849 3396 978 3448 sponsore
1006 3385 1070 3434 sotis
1099 3381 1230 3447 locuplete
1260 3383 1373 3446 habent,

283 3469 370 3522 eaque
394 3459 566 3507 contemnere
588 3456 732 3507 discemus.
768 3457 810 3506 Sic
850 3459 925 3508 cuius
942 3458 970 3507 in
986 3457 1039 3508 flde
1058 3461 1113 3508 tuto
1125 3457 1309 3520 adquiescant.
1327 3460 1376 3508 Pe-

283 3531 370 3581 virum
387 3528 490 3580 bonum
507 3530 623 3595 appellet
640 3529 746 3594 volgus,
766 3544 812 3580 cu·
849 3532 913 3582 riter
935 3531 981 3580 ubi
1004 3533 1079 3582 tectis
1096 3533 1122 3581 in
1138 3531 1235 3582 iudicio
1253 3535 1294 3583 eet
1310 3545 1376 3596 pro-

284 3605 324 3656 ius
347 3605 400 3654 vite
418 3605 528 3667 quidem
552 3604 634 3656 civilis
652 3607 724 3656 certe
742 3618 810 3667 qua·
849 3605 961 3665 ductus,
981 3617 1061 3656 nemo
1073 3617 1136 3655 enm
1148 3619 1244 3656 verum
1256 3607 1376 3656 testimo-

284 3679 347 3729 dam
363 3679 519 3729 auctoritate
536 3679 635 3742 gaudet
651 3693 703 3729 nec
719 3691 812 3742 repre·
850 3680 923 3730 nium
941 3679 1031 3729 dicere
1043 3679 1197 3740 addubitet,
1214 3680 1329 3746 ideoque
1340 3682 1372 3741 ie,

283 3753 405 3806 hensioni
422 3753 536 3803 obnoxia
555 3755 608 3813 est,
628 3753 692 3804 dum
704 3753 808 3813 vicinia,
849 3765 897 3818 pro
915 3765 968 3816 quo
986 3753 1062 3813 dicit,
1084 3752 1160 3803 tacite
1177 3767 1287 3805 cauum
1299 3753 1376 3806 obli-

284 3839 353 3890 quae
372 3829 430 3878 cius
446 3839 536 3878 mores
547 3827 643 3878 melius
655 3827 737 3887 novit,
757 3840 810 3877 nou
849 3829 906 3888 net,
925 3826 1006 3876 vincit
1023 3827 1232 3878 adversarium.»
1263 3825 1376 3891 (aciem

283 3901 387 3963 ignoret
404 3899 526 3952 eiusdem
537 3901 619 3950 vitam
633 3899 808 3950 domesticam
849 3899 909 3951 lect.
926 3913 1073 3963 responsore
1093 3899 1262 3964 explicabant
1282 3901 1377 3950 «inre-

284 3986 344 4024 eese
362 3975 568 4038 turpissimam.»
587 3999 613 4012 -
633 3973 682 4035 oui
698 3974 811 4024 courcite
849 3973 1001 4036 consulto‚·
1033 3978 1125 4026 eontra
1154 3975 1374 4026 consuetudinem

280 4053 387 4110 petrum
403 4049 465 4112 cet]
485 4047 551 4099 tiele
569 4048 636 4098 beec
653 4047 696 4097 alii
708 4061 756 4112 pro
769 4051 810 4098 in·
850 4049 987 4112 Latinam.)
999 4051 1141 4100 -Ceterum
1159 4061 1222 4100 eum
1232 4061 1273 4100 rer
1287 4049 1377 4113 (pecu-

285 4121 506 4184 terrogationibus
535 4119 652 4182 hebent,
686 4135 748 4173 cum
776 4124 811 4174 eit
850 4123 909 4174 niae
926 4121 983 4174 aliie
995 4123 1121 4186 creditae)
1141 4126 1168 4174 el
1183 4123 1275 4174 litech.
1287 4120 1306 4172 l.
1319 4135 1378 4173 me-

285 4193 353 4257 volgi
380 4207 548 4260 responsum.
585 4197 697 4248 senetur
719 4198 810 4248 eutem
850 4195 944 4248 nilesto
962 4197 1013 4248 eibi
1030 4197 1211 4262 opponantur,
1231 4209 1256 4247 v.
1271 4209 1376 4259 cpoeror

285 4267 404 4320 consulte
423 4271 476 4321 iam
494 4272 557 4320 tunc
575 4271 624 4322 iuri
642 4269 710 4322 cicili
728 4270 812 4322 adnn-
849 4268 1005 4334 simpliciter
1016 4268 1203 4334 explicandum
1215 4283 1249 4321 ex
1260 4271 1332 4322 Vorr.
1343 4271 1372 4320 L
