3082 4968
647 390 776 443 llORAl'll
793 391 974 446 sarlatensi

307 547 388 613 Cum
411 545 531 614 Pedius
553 567 670 614 causas
692 545 830 615 exsudet
851 507 1015 635 Poplicola
1037 554 1135 633 atque

307 668 482 746 Corvinus,
505 668 617 756 patriis
641 668 863 736 intermiscere
885 668 985 755 petita

307 788 411 857 Verba
433 789 510 856 loris
532 787 641 867 malis,
665 789 818 856 Canusini
839 809 931 856 mere
953 787 1129 878 bilinguis?
1313 791 1355 856 30

305 913 410 998 Atque
435 931 497 998 ego
520 931 593 978 eum
616 910 759 978 Graeeos
782 911 924 980 lacerem
945 920 1041 979 natue
1064 931 1154 978 mare
1177 911 1258 978 eitra

306 1030 506 1108 Versiculos,
529 1031 631 1100 vetuit
651 1053 704 1100 me
728 1031 781 1099 tali
802 1053 884 1100 voee
907 1033 1076 1113 Quirinus,

330 1202 372 1253 28.
399 1203 507 1252 eoseum
525 1217 575 1266 κμ.
599 1227 626 1238 -
646 1202 774 1253 Maeote
790 1201 889 1267 bsedp.
913 1229 941 1240 -
964 1203 1005 1254 34.
1023 1203 1103 1264 Atque
1118 1202 1221 1265 bsetl:
1247 1203 1323 1267 Atqui

296 1276 395 1343 dppe,
414 1277 500 1328 codd.
519 1276 653 1338 Pettierii,
673 1277 730 1338 LC,
749 1275 893 1340 Bentleius,
911 1279 964 1330 Fili.
981 1305 1007 1314 —
1022 1278 1063 1330 32.
1083 1279 1130 1328 teli
1146 1293 1186 1329 ete
1202 1291 1236 1330 ex
1253 1279 1320 1330 Ced.

298 1352 363 1404 Cell.
382 1353 452 1404 Trin.
472 1352 511 1416 (φ)
529 1351 672 1404 Bentleius.

263 1503 457 1554 sententiarum
487 1502 637 1554 iuncturam
658 1503 687 1553 ln
708 1503 790 1553 Beni·
827 1501 950 1553 dixerant
977 1504 1004 1552 et
1035 1502 1136 1552 Ennius
1168 1503 1196 1552 et
1229 1501 1353 1553 Lucilius.

262 1578 348 1629 leiana
370 1588 453 1641 quam
475 1576 501 1627 in
519 1577 661 1627 lloratiana
676 1578 787 1628 ratione.
827 1576 985 1628 Huiusmodi
996 1575 1110 1641 populos
1121 1571 1294 1643 διγλώττους
1305 1577 1356 1628 καὶ

263 1653 406 1702 Praeterea
434 1651 533 1700 rectius
562 1650 685 1700 obiicitur
718 1653 787 1702 muta
825 1647 950 1717 μιγάδας
966 1653 1045 1702 vocat
1066 1651 1115 1702 Dio
1133 1651 1229 1715 Chrys.
1250 1652 1293 1702 Or.
1312 1651 1353 1702 53.

263 1739 326 1778 eum
338 1725 455 1777 eilieacia
466 1724 562 1775 oblivio
578 1727 679 1790 patriae
691 1727 789 1790 patris-
826 1740 853 1791 p.
872 1727 930 1776 277.
949 1727 978 1777 ii.
998 1725 1074 1776 Geni.
1093 1726 1147 1776 Sat.
1167 1726 1195 1786 4,
1213 1727 1244 1787 A,
1262 1725 1303 1775 94.

256 1815 316 1868 vque
334 1801 489 1855 adversario
506 1801 583 1862 ricto,
602 1813 684 1865 quam
701 1803 731 1851 ut
746 1800 789 1851 vel
859 1800 948 1851 34-344.
974 1799 1062 1864 Atque]
1088 1800 1131 1850 Sie
1152 1799 1205 1850 mei
1229 1799 1355 1862 Codices,

263 1889 312 1940 per
329 1869 470 1927 ὑπόθεσιν
488 1879 625 1939 umquam
643 1873 719 1940 eulpa
734 1888 790 1926 me·
826 1876 927 1926 Veneta
940 1874 1013 1926 4484.
1027 1875 1055 1924 et
1065 1873 1175 1924 Aldinae
1188 1877 1272 1936 reete,
1292 1887 1355 1926 cum

263 1953 397 2012 moretur,
416 1963 486 2014 quae
503 1964 518 2000 a
537 1950 617 2000 Pedio
628 1952 709 2015 atque
721 1952 791 2002 Ales·
826 1949 994 2000 adversativa
1019 1949 1091 1998 notio
1116 1950 1160 1999 hie
1185 1947 1274 2000 lecum
1301 1963 1356 2000 non

263 2023 340 2086 salla,
365 2026 410 2088 qui
428 2038 488 2075 eam
505 2037 642 2088 nunquam
663 2024 785 2089 proiecto
827 2023 933 2074 habeat.
964 2022 1059 2074 «Addit
1080 2023 1152 2074 enim
1175 2025 1255 2088 poeta
1275 2037 1356 2075 suum

264 2099 290 2150 in
307 2111 336 2149 se
358 2098 535 2159 admiserant,
563 2097 675 2149 tortasse
699 2101 789 2150 tamen
827 2097 981 2163 exemplum
1004 2097 1114 2162 reliquis
1136 2095 1248 2150 simile.»
1281 2099 1356 2148 litun

263 2173 405 2236 aliquando
428 2173 557 2224 committi
578 2174 670 2238 possit.
694 2200 722 2209 -
736 2186 790 2235 pe-
826 2172 1037 2236 Turs.l.p.l'16.
1051 2173 1164 2237 ldemp.
1177 2171 1240 2224 477:
1261 2175 1354 2223 «Nune

263 2248 328 2298 trine
341 2248 479 2310 petrisque]
497 2247 670 2310 dictumest,
695 2251 725 2298 ut
741 2246 791 2297 ali-
827 2261 857 2296 er
871 2247 1058 2298 emendatione
1077 2246 1187 2298 Bentleii
1205 2246 1356 2311 4434444444-

264 2322 369 2386 quoties
392 2320 464 2386 apud
486 2320 630 2372 Salustium
654 2321 744 2385 (Catil.
763 2322 788 2375 6.
826 2321 870 2384 pei
886 2334 940 2385 epe.
976 2321 1053 2381 Quod
1065 2324 1233 2372 correctores
1245 2320 1280 2372 eb
1293 2335 1357 2372 oen·

263 2397 305 2447 ea.
323 2397 379 2459 lug.
397 2397 447 2461 87.)
465 2396 557 2459 petria
570 2401 744 2458 parentesque.
759 2423 788 2434 -
828 2395 1014 2446 tradietienem
1036 2395 1232 2448 substituerunt
1253 2396 1281 2446 in
1304 2395 1356 2447 ali·

263 2473 318 2522 Nee
340 2473 465 2521 amariore
486 2484 577 2522 eumer
596 2472 685 2522 leiim
708 2469 789 2522 ullam
827 2470 925 2536 quibus
951 2469 1105 2522 Cedioibus.
1148 2469 1300 2534 Elegantier
1324 2471 1355 2522 tit

263 2545 347 2596 habet
363 2545 559 2606 difficultatem
583 2546 633 2596 sed
649 2549 725 2598 reete
741 2559 790 2595 ex·
827 2547 910 2596 oratio
936 2546 1089 2596 continuata
1114 2557 1164 2608 per
1188 2549 1265 2606 utque
1289 2559 1352 2609 epo,

264 2619 390 2686 plicatum
412 2622 500 2672 estin
523 2621 588 2671 Cod.
609 2619 701 2671 Bland.
724 2619 787 2684 (Liv.
827 2618 997 2683 quambene
1015 2620 1087 2683 cepit
1107 2616 1264 2670 Wielandus
1282 2620 1356 2684 (ver-

263 2695 292 2756 4,
315 2695 362 2745 ta:
391 2696 479 2759 inpetus
502 2699 629 2746 eerteman
653 2697 788 2746 werdere.
826 2697 902 2746 tens:
931 2695 1001 2746 Auel
1023 2695 1075 2745 41444·
1101 2695 1161 2746 hm
1186 2695 1289 2745 limeret
1310 2695 1357 2745 der

263 2772 291 2830 5,
310 2771 340 2819 b:
360 2771 485 2820 amedera
501 2768 633 2834 iuberem)
648 2796 675 2806 —
693 2769 789 2834 Pedius]
827 2769 936 2834 liiesaii,
955 2769 1103 2834 piterbimbe
1123 2770 1240 2821 Verrchea
1250 2769 1357 2820 meeber

264 2845 294 2904 Q.
314 2843 422 2906 Pedius,
442 2841 511 2896 filius
528 2857 561 2894 ex
578 2857 670 2896 serere
689 2845 718 2896 C.
732 2843 790 2895 iulii
828 2857 862 2894 zu
882 2843 1020 2909 wollent»
1056 2844 1152 2894 Neseio
1175 2857 1229 2908 qua
1245 2841 1356 2908 gloriola

264 2919 387 2971 Caesaris
403 2921 484 2984 atque
501 2931 571 2970 unus
588 2933 621 2970 ex
644 2917 790 2970 heredibus
828 2918 924 2969 duetus
942 2919 1077 2979 Horatius,
1097 2931 1161 2969 eum
1176 2919 1287 2968 Athenis
1304 2916 1356 2969 de-

263 2993 336 3052 eius,
363 3007 387 3044 a.
412 3007 439 3044 u.
464 3006 487 3044 e.
515 2993 572 3044 iti.
599 2995 626 3044 in
651 2993 791 3045 consulatu
827 2995 915 3057 geret,
942 2991 1089 3043 versierdos
1106 2993 1223 3043 Graecos
1240 3005 1355 3057 compo-

264 3069 399 3128 mertuus,
418 3081 530 3120 uxerem
548 3067 641 3120 habuit
657 3067 790 3120 Valeriam
827 3081 893 3119 nere
905 3070 1017 3120 conates
1029 3079 1089 3119 esse
1102 3066 1220 3129 videtin,
1239 3065 1290 3118 sed
1301 3068 1355 3118 cito

263 3145 344 3206 atque
366 3155 382 3192 e
403 3141 457 3194 lilio
475 3144 571 3204 Quinte
591 3145 718 3208 nepotem
739 3156 790 3194 na·
827 3144 922 3203 inane,
940 3143 1022 3192 imme
1040 3153 1153 3207 pravum
1171 3139 1311 3192 eonsilium
1327 3142 1355 3192 in

264 3218 323 3268 tura
345 3219 458 3270 mutum.
493 3217 635 3282 Adoptauit
657 3220 736 3282 igitur
757 3219 791 3269 li-
827 3219 989 3282 perpetuum
1001 3215 1141 3268 abiecisse.
1156 3215 1354 3281 -mereoitrel

263 3289 329 3342 lium
352 3290 467 3342 alterum
500 3291 638 3344 Messallae
667 3293 788 3355 maioris,
827 3290 950 3342 initalia.
977 3290 1026 3340 Vix
1036 3287 1356 3355 elihieitrepostponitur

264 3366 310 3428 qui
327 3365 389 3415 inde
403 3366 501 3417 Pedius
513 3365 600 3418 dietus
612 3369 662 3418 est.
696 3369 789 3430 ltaque
827 3379 876 3417 suo
897 3365 1005 3416 nomini.
1031 3364 1084 3416 Cir.
1098 3364 1175 3416 Hand
1191 3366 1267 3417 Turs.
1281 3367 1311 3415 ll.
1325 3379 1353 3430 p.

263 3439 336 3490 Pedii
353 3438 435 3488 irater
452 3439 583 3491 Corvinus
601 3439 648 3490 luit
665 3442 693 3491 et
714 3444 790 3492 uter-
826 3441 868 3492 84.
898 3466 925 3476 -
953 3439 1082 3503 Quidem]
1109 3439 1184 3492 Coni.
1202 3439 1251 3490 ed.
1270 3439 1300 3500 3,
1323 3439 1353 3502 3,

263 3525 316 3576 que
343 3509 491 3576 Poplicolae
515 3525 664 3576 cognomen
686 3513 787 3566 habuit.
827 3515 868 3564 444.
883 3540 911 3551 -
924 3515 980 3564 Post
994 3513 1284 3578 medimeeetemeetl
1297 3516 1355 3565 lio-

264 3587 301 3649 (ln
318 3585 432 3651 legende
449 3587 529 3650 iunge
545 3588 634 3637 Pedite
648 3589 787 3653 Poplicola,
826 3588 909 3640 aelius
925 3589 955 3651 i,
972 3589 1001 3639 2:
1024 3585 1139 3653 Νυκτὸς
1155 3581 1204 3639 ὅτε
1220 3590 1354 3678 spirator

263 3675 316 3713 non
340 3661 468 3724 Ρορὶὲσοω
491 3666 568 3723 etque
592 3661 733 3729 Corvinus.)
761 3691 787 3700 -
826 3658 918 3727 λάχος
935 3661 1063 3727 tetam,
1081 3661 1184 3733 ἐγγύθι
1193 3663 1217 3715 δ’
1231 3663 1355 3730 ηώςμ-

263 3737 393 3803 omem]
406 3735 791 3801 lhilaleriusPeplieelalles·
822 3730 896 3790 lirin
923 3739 973 3790 καὶ
999 3734 1142 3811 depectere
1170 3741 1354 3806 ποιμαίνεται

263 3811 326 3862 salla
343 3813 487 3874 Cervinus,
506 3812 541 3862 de
559 3812 691 3877 quotide
709 3826 790 3878 argu-
825 3807 912 3878 ἔθνος
924 3807 1052 3886 ὀνείρων.
1071 3816 1146 3867 ovid.
1158 3817 1221 3867 liar.
1234 3815 1276 3877 444,
1288 3815 1353 3866 494ι

264 3887 385 3936 mentam
397 3886 446 3937 od.
457 3885 481 3948 3,
495 3887 536 3937 2⁴.
549 3887 791 3938 -cenmiet--ti-
824 3890 941 3954 Notaque
956 3891 1002 3941 ree
1018 3903 1118 3942 oerore
1133 3892 1187 3942 iere
1203 3891 1356 3941 demittente

262 3959 491 4025 tmpuAJCanuaii,
509 3961 618 4026 Apuliae
636 3963 791 4027 oppide,et
826 3965 943 4028 tuoeme,
962 3966 1068 4017 8044444444
1086 3979 1135 4028 oue
1152 3966 1221 4016 emi
1244 3969 1355 4027 terpora

264 4035 357 4085 Graeci
374 4037 402 4084 et
418 4036 477 4087 0sei
499 4035 655 4088 habitabant
672 4038 699 4088 et
715 4039 790 4088 utro-
826 4040 984 4092 vereretett.
1012 4039 1088 4092 Geni.
1101 4039 1178 4091 ilem.
1193 4039 1241 4090 0d.
1254 4035 1280 4101 δ,
1293 4037 1352 4090 atr.

265 4121 317 4172 que
334 4121 472 4171 sermone,
496 4113 598 4162 Graeco
615 4113 696 4176 atque
708 4113 788 4172 osce,
827 4111 891 4164 Plat.
905 4115 1005 4166 Criton.
1023 4127 1050 4180 p.
1070 4113 1111 4167 44.
1130 4115 1161 4164 A.
1180 4141 1207 4151 -·
1226 4113 1355 4165 ietttoem

265 4182 417 4234 utebantur.
461 4185 503 4235 Sle
529 4185 649 4251 bilingues
672 4187 791 4237 ennete
827 4189 890 4254 eet]
915 4189 1005 4240 Simila
1030 4189 1204 4254 proverbium
1229 4187 1351 4240 illerum:

265 4257 397 4320 (Bruttios)
419 4261 530 4325 prepter
546 4261 663 4314 eandem
680 4275 790 4314 oausam
827 4258 932 4314 Γλαῦκ’
950 4259 981 4326 ἐς
1001 4255 1121 4328 Ἀθήνας
1138 4263 1202 4327 (cle.
1221 4261 1256 4314 ad
1279 4263 1351 4314 Fam.
