3090 4974
328 427 389 490 661
689 425 815 491 nonam
834 423 1054 476 arrsromnuu

370 583 473 648 Verba
496 602 626 648 movere
649 579 736 658 loco,
760 581 908 667 quamvis
932 579 1027 644 invita
1049 577 1204 644 recedant

369 705 407 768 Et
428 711 598 770 versentur
619 701 726 768 adhuc
747 702 828 768 intra
850 701 1026 789 penetralia
1048 702 1171 768 Vestae.

370 824 551 891 Obscurata
573 825 627 890 diu
651 822 771 911 populo
794 822 898 889 bonus
920 832 1013 890 eruet
1034 831 1131 910 atque

370 946 513 1014 Proleret
535 945 566 1010 in
588 944 693 1012 lucem
715 944 863 1032 speciosa
885 943 1042 1011 vocabula
1065 963 1190 1020 rerum,

369 1068 460 1148 Quae
483 1067 598 1154 priscis
621 1075 797 1132 memorata
820 1065 993 1134 Catonibus
1017 1075 1114 1153 atque
1138 1063 1288 1152 Cethegis

369 1191 459 1260 Nunc
481 1189 562 1254 situs
585 1187 726 1254 informis
748 1187 865 1274 premit
887 1197 920 1254 et
943 1185 1072 1252 deserta
1093 1196 1251 1266 vetustas;

394 1367 449 1418 111.
470 1369 534 1418 inter
551 1367 567 1418 d
585 1369 612 1416 et
623 1367 725 1431 primus
736 1365 871 1418 Schmidr'i.

330 1539 419 1599 imago
442 1536 552 1602 repetita
576 1537 618 1586 est
638 1549 653 1584 a
676 1534 781 1586 turbida
799 1537 854 1584 tor-
926 1534 1047 1584 tte-tte.
1075 1535 1214 1586 Obscurote
1231 1536 1293 1601 cet]
1322 1539 1410 1588 «Poeta

329 1611 412 1661 rantis
424 1622 506 1672 aqua,
525 1609 700 1674 quaerapido
713 1609 855 1660 66666166-
892 1607 981 1668 bonae,
1008 1607 1035 1657 id
1054 1611 1111 1668 est,
1135 1609 1283 1661 benevolus
1300 1623 1333 1661 ac
1349 1609 1411 1660 libe-

330 1687 385 1746 tur,
411 1685 469 1749 fluit
490 1685 612 1735 1611116616
632 1686 735 1748 (sati,
754 1685 784 1746 1,
803 1685 853 1748 tt).
892 1681 967 1742 ralis,
983 1681 1118 1745 obsoleta,
1132 1684 1180 1734 sed
1192 1685 1315 1747 speciosa
1327 1697 1410 1736 rarum

330 1759 378 1810 atii
396 1758 464 1822 (coll.
478 1759 549 1820 virg.
563 1761 630 1809 Aen.
644 1760 668 1821 6,
682 1759 745 1810 823:
766 1761 856 1809 111666-
891 1754 1021 1807 vocabula
1042 1758 1135 1820 populo
1160 1759 1194 1821 (16
1210 1771 1290 1810 usum
1308 1759 1410 1824 populi]¹

330 1834 472 1898 6666166661
488 1833 604 1897 elefanto
624 1833 744 1896 minores,
775 1832 857 1884 Vincet
892 1831 936 1881 cui
957 1830 1054 1882 eadem
1077 1831 1124 1882 diu
1139 1831 1274 1882 6166666616
1290 1833 1412 1896 (tenebris

330 1923 404 1960 arnor
416 1909 541 1972 patriae.)
559 1905 707 1973 explicant:
730 1907 779 1958 «ab
797 1908 855 1972 ipso
892 1904 1017 1967 involuta)
1043 1907 1119 1969 sunt,
1147 1909 1223 1958 66661
1248 1921 1280 1958 ex
1302 1909 1412 1972 antiquis

330 1981 511 2045 habebuntur,
523 1981 737 2034 iudicabuntur.»
750 1983 855 2046 (6116166
891 1977 1066 2044 scriptoribus
1092 1981 1172 2044 atque
1195 1980 1284 2032 denuo
1302 1995 1413 2034 consue-

332 2061 347 2109 i.
361 2059 599 2122 qproserentori»
618 2059 805 2121 Fortunarum.)
824 2083 853 2093 -
893 2053 976 2104 tudini
1001 2053 1127 2104 reddet·
1163 2054 1245 2106 Simul
1271 2058 1411 2120 significat.

329 2135 501 2196 moverelocol
519 2133 748 2197 quemadmodum
760 2145 857 2183 censor
894 2140 976 2191 quem
1001 2127 1035 2177 ad
1060 2141 1139 2178 usum
1159 2131 1305 2194 praecipue
1324 2132 1413 2182 crebm

331 2207 452 2270 indignos
474 2207 597 2258 homines
614 2209 710 2257 senatu
726 2206 768 2257 vel
785 2206 856 2258 tribu
893 2202 999 2266 legendi
1021 2203 1073 2252 sint
1088 2205 1194 2255 veteres
1211 2209 1308 2268 poetae
1326 2207 1412 2258 Latini.

331 2282 431 2331 movet.
451 2279 490 2329 Cl.
510 2281 606 2341 Sati,
626 2281 655 2342 6,
674 2282 715 2331 20.
731 2305 758 2318 -
777 2282 857 2332 166116
897 2305 923 2313 -
942 2277 1060 2342 specioso]
1087 2291 1177 2341 «quae
1202 2283 1368 2340 φαντασίαν
1382 2284 1413 2332 116

330 2352 456 2416 66666661]
475 2356 566 2418 «quasi
587 2356 710 2417 negantia
727 2367 787 2406 sese
806 2367 857 2404 un·
895 2353 1017 2412 movent,
1036 2353 1065 2401 ut
1081 2355 1181 2402 certam
1200 2357 1227 2403 et
1243 2354 1345 2406 claram
1364 2371 1414 2420 spe-

333 2440 414 2492 quam
431 2427 493 2477 inde
511 2441 681 2479 excessura.»
708 2431 768 2479 Siue
789 2430 857 2480 ima·
893 2427 970 2487 6166,
989 2427 1132 2489 imaginem
1149 2428 1200 2488 rei,
1219 2429 1414 2494 (6661616616-

332 2503 406 2566 gine:
427 2501 569 2560 «Quamuis
587 2501 691 2554 diiiicile
710 2502 756 2553 tibi
768 2505 857 2554 videa·
895 2504 970 2563 cant,
989 2499 1066 2550 nobis
1083 2504 1260 2564 proponant.»
1282 2505 1322 2556 Cl.
1341 2509 1370 2556 Α.
1389 2507 1412 2554 Ρ.

333 2582 376 2626 166
401 2574 450 2625 6116
472 2577 573 2639 aptiora
597 2578 628 2628 iis
645 2576 807 2629 substituere
825 2591 857 2629 ac
894 2576 951 2627 319.
968 2603 995 2613 -
1007 2575 1156 2640 6666666616]
1170 2589 1255 2639 «quae
1264 2576 1329 2628 olim
1342 2593 1414 2630 usur-

333 2655 358 2702 te
385 2649 518 2701 interdum
545 2653 622 2702 tacite
648 2665 761 2704 excuses
786 2654 857 2718 apud
895 2664 959 2715 pare
977 2649 1100 2702 solebant
1115 2653 1248 2702 veteres.»
1269 2679 1298 2689 -
1318 2655 1415 2706 061661-

333 2727 451 2777 animum
478 2728 567 2788 tuum,
595 2739 627 2777 ea
651 2728 769 2778 nondum
787 2729 858 2779 edita
895 2725 947 2790 166]
972 2727 1070 2776 Lucan.
1090 2727 1117 2787 1,
1136 2725 1201 2775 ili:
1227 2728 1334 2778 6666166
1352 2741 1415 2778 om

333 2813 394 2852 esse
418 2814 468 2850 nec
489 2801 585 2851 iudicio
603 2800 709 2866 publico
727 2804 856 2867 exposita,
895 2801 1203 2864 cenomannorum:
1223 2801 1415 2867 6061666666-

333 2876 459 2942 quocirca
485 2875 658 2940 negligentiae
682 2877 787 2942 culpam
808 2891 858 2929 ne·
895 2873 1416 2940 61666616661161661611611,6161116166-

333 2950 444 3000 modum
465 2951 491 3000 in
515 2953 540 3001 te
562 2952 682 3002 conferre
700 2956 807 3015 queat.»
828 2979 854 2990 -
896 2949 995 3010 milles,
1015 2950 1109 2999 Curios
1124 2951 1151 2999 et
1162 2948 1261 3001 similes
1273 2949 1414 3002 multitudi-

334 3027 402 3074 Cum
412 3025 584 3087 penetralibus
605 3029 695 3076 autem
716 3028 812 3089 Vestae,
830 3027 856 3078 in
895 3026 935 3075 nis
953 3023 1059 3074 nomine
1077 3023 1147 3072 citat.
1177 3024 1220 3073 Sic
1235 3025 1381 3088 Sophocles
1392 3027 1414 3074 in

333 3113 403 3164 quae
421 3101 521 3150 nemini
537 3101 645 3152 introire
658 3113 745 3164 neque
757 3113 801 3151 res
813 3115 857 3152 sa-
894 3100 965 3150 niac.
976 3098 1068 3148 6190.
1082 3096 1181 3149 Ulixem
1189 3101 1268 3148 vocat
1275 3095 1330 3149 τὰν
1338 3100 1415 3150 Σισυ-

334 3187 394 3225 6666
420 3174 455 3224 ibi
478 3177 628 3226 asservatas
648 3176 743 3225 intueri
761 3174 858 3228 licebat
894 3169 1114 3239 aebdomada,
1133 3173 1238 3236 Sisyphi
1249 3173 1360 3226 filium.»
1377 3175 1412 3226 Cl.

334 3251 383 3300 nisi
401 3249 550 3312 Virginibus
567 3248 730 3310 Vestalibus,
752 3263 859 3315 compa·
895 3253 925 3299 A.
940 3251 967 3299 P.
980 3249 1026 3298 56:
1045 3249 1099 3311 Epo
1113 3261 1174 3307 cur,
1193 3249 1414 3311 ccqrrirerepeuce

334 3328 374 3374 rat
391 3325 539 3376 carminum
557 3323 658 3388 singula
676 3323 773 3386 verba,
792 3328 859 3376 tam·
895 3324 1045 3385 8166661666,
1064 3322 1191 3382 16616666,
1205 3323 1362 3386 6666116966
1373 3323 1416 3372 Co·

334 3411 416 3462 quam
433 3399 455 3448 si
468 3412 511 3448 res
523 3401 613 3450 esseut
626 3411 752 3460 arcanae,
771 3401 859 3450 custo-
895 3397 959 3448 16616
975 3401 997 3446 61
1014 3396 1081 3445 Enni
1096 3395 1241 3445 Semnonum
1253 3398 1368 3458 66161666
1384 3397 1416 3446 61-

334 3473 404 3524 ditae
422 3472 503 3521 66166
521 3472 665 3535 (usquead
684 3473 735 3522 boc
753 3475 858 3536 tempo·
895 3472 992 3523 1666611.
1012 3495 1041 3506 ·-
1066 3472 1085 3519 Α
1106 3469 1138 3518 M.
1155 3469 1278 3520 Cornelio
1302 3471 1416 3533 Cethego

334 3549 370 3596 ris
383 3548 521 3610 puuctum,
537 3550 597 3596 6616
609 3545 708 3596 librum
720 3547 856 3610 emissum)
895 3559 951 3597 cos.
965 3559 989 3595 a.
1004 3557 1029 3593 6.
1043 3557 1067 3593 c.
1081 3544 1138 3594 550.
1156 3545 1247 3607 (Ennio
1258 3545 1416 3597 8666666616

335 3623 359 3671 in
378 3620 459 3670 domo
477 3623 585 3684 poetae.
613 3623 748 3672 Musarum
766 3635 856 3672 sacer·
895 3619 974 3684 616116)
992 3619 1086 3669 Cicero
1103 3619 1175 3668 Brut.
1189 3621 1230 3677 15,
1247 3620 1288 3668 67.
1316 3621 1416 3670 Labro-

335 3697 412 3746 ‹lotis
432 3693 505 3758 [adv.
523 3695 650 3746 6611166116
663 3696 857 3761 exponitiland
896 3707 955 3744 rum
964 3695 1101 3743 oratorum
1109 3694 1208 3744 seriem
1216 3693 1328 3753 orditum
1338 3705 1415 3757 quem

335 3772 409 3821 Turs.
418 3771 436 3820 1.
444 3782 470 3833 p.
480 3771 542 3820 1666
564 3772 606 3820 «et
616 3770 706 3822 intimo
722 3769 858 3820 6616666-
895 3769 984 3820 statim
996 3769 1093 3831 excipit
1107 3768 1140 3817 M.
1155 3768 1264 3818 Porcius
1277 3769 1416 3819 (16161166-

335 3845 857 3908 66661666666666661ς66661616666
895 3844 981 3894 scrius
1006 3843 1063 3892 sive
1090 3842 1196 3904 66166616.
1241 3841 1416 3905 Cethegorum

336 3919 579 3982 interpretationem
589 3922 618 3968 ut
626 3919 755 3970 latinitati
762 3932 857 3983 parum
896 3919 985 3968 autem
1012 3915 1107 3966 lamilio
1134 3917 1248 3966 humero
1270 3918 1376 3968 exserto
1392 3917 1416 3964 et

335 3995 538 4044 cnrrvenientem
564 4006 625 4044 cum
643 3993 778 4044 Schmidio
796 3995 858 4044 reii-
896 3994 984 4043 cinctu
995 3988 1121 4054 singulari
1133 3991 1177 4041 diu
1189 3991 1350 4053 antiquitatis
1361 4001 1417 4053 spe-

335 4067 458 4118 ciendam
470 4067 587 4129 censeo.)
603 4093 630 4104 -
646 4067 736 4132 Vestae]
750 4068 856 4130 «idest,
896 4067 965 4118 clem
978 4065 1094 4116 retinuit.
1108 4067 1138 4114 Α.
1152 4066 1179 4114 P.
1191 4065 1235 4113 ao:
1254 4065 1360 4128 Fingere
1369 4062 1416 4112 eie

335 4142 417 4200 duriti,
428 4155 566 4206 perquam
577 4143 761 4206 metaphoram
771 4146 859 4193 oeten·
895 4143 968 4192 616116
984 4155 1035 4191 non
1050 4140 1173 4192 66666116
1193 4139 1302 4204 0611666
1318 4137 1415 4189 066116-

335 4215 858 4278 dit,quaeinanimonostmflxaverseu·
895 4223 943 4281 pet.
965 4245 991 4253 -
1009 4215 1080 4278 61166]
1104 4215 1281 4275 8611661661,
1299 4213 1414 4265 1166166·

335 4297 386 4352 166,
398 4289 855 4344 1666666616666666666611666.
897 4292 957 4356 «qui
975 4303 1018 4342 res
1036 4305 1051 4341 a
1069 4303 1098 4342 se
1116 4289 1247 4342 obductas
1262 4288 1415 4341 deformat.-
