3156 4972
644 386 703 436 un.
721 387 752 436 u.
789 386 856 436 sur.
876 387 917 436 ιν.
1260 385 1322 450 279

276 541 344 609 Ede
369 539 507 607 bominis
530 560 661 618 nomen,
687 540 781 608 simul
804 551 837 608 et
859 543 1020 609 Romanus
1042 561 1082 608 an
1104 541 1234 630 hospes.
1281 543 1320 608 lu

274 665 349 751 lpsa
371 683 497 730 memor
517 672 692 750 praecepta
714 683 841 741 canam,
866 661 1023 730 celabitur
1045 672 1167 731 auctor.

275 787 385 872 Longa
407 783 528 871 quibus
551 784 650 852 iacies
672 785 742 850 ovis
764 785 842 862 erit,
867 782 920 850 illa
941 794 1117 860 memento,

278 905 316 974 Ut
339 906 410 974 suei
431 905 575 972 melioris
597 916 631 972 et
652 917 686 973 ut
708 907 811 994 magis
834 904 907 972 alba
930 905 1092 984 roundis,

278 1029 421 1108 Ponere;
445 1047 586 1116 namque
610 1047 733 1096 marem
754 1026 907 1096 cohibent
928 1027 1048 1096 callosa
1069 1027 1219 1096 vitellum.

301 1282 341 1333 to.
360 1296 395 1332 ua
412 1284 538 1332 ltonmum
548 1280 657 1332 Aldinae
670 1283 697 1332 et
706 1283 726 1330 t.
747 1306 774 1318 -
795 1282 835 1331 tt.
854 1283 948 1346 ipses,
967 1297 1035 1333 corr.
1049 1283 1081 1345 b,
1101 1283 1200 1334 Veneta
1213 1283 1285 1335 ltili.

268 1383 297 1394 -
325 1355 365 1406 43.
393 1357 463 1406 utum
479 1353 614 1406 Bentleius
632 1355 785 1406 coniectura
802 1359 830 1408 et
846 1357 885 1419 lt,
913 1359 967 1408 utta
985 1361 1011 1423 (a
1029 1358 1112 1410 verbo
1131 1359 1213 1422 olere)
1234 1359 1288 1410 Cu-

267 1431 445 1496 ningbamius
464 1431 551 1494 erupto
568 1428 695 1482 Clericus.

233 1635 313 1700 timia]
331 1635 454 1700 Plerique
472 1635 605 1702 explicant
621 1629 761 1700 ιεῦχυμό-
797 1647 845 1696 que
871 1649 939 1698 pour
969 1637 991 1687 te
1017 1637 1135 1698 ridicule,
1173 1643 1197 1688 et
1220 1640 1278 1701 ptus
1304 1640 1323 1690 it

233 1725 317 1782 repa,
344 1724 413 1774 quae
438 1710 539 1762 facilius
557 1713 761 1775 concoquuntur
797 1715 833 1760 est
858 1711 980 1772 muhata,
1013 1712 1070 1773 ptus
1096 1713 1116 1761 ii
1141 1717 1191 1763 sart
1218 1727 1254 1764 au
1280 1715 1324 1764 but

233 1783 423 1848 salubriusque
456 1787 647 1836 nutrimentum
679 1797 761 1850 prae·
798 1784 933 1845 ct'ilorace,
963 1787 1006 1846 qui
1030 1790 1088 1836 veut
1114 1799 1139 1835 aa
1162 1801 1267 1849 momter
1293 1789 1324 1840 de

232 1859 327 1912 beni.»
356 1859 489 1920 celsusfl,
502 1860 547 1911 m:
566 1861 762 1912 Boatsueistmt
797 1857 841 1908 tut.
884 1860 922 1908 la
942 1859 1049 1922 ptupuri
1071 1861 1113 1910 des
1130 1866 1259 1924 prereptos
1280 1864 1324 1925 qut

232 1937 355 1998 tritimen,
368 1936 449 2000 sitipo,
462 1935 537 1996 aliea,
551 1949 642 1998 muza,
651 1961 679 1972 --
687 1949 762 1984 ouum
796 1933 904 1994 salvent,
916 1947 948 1984 ae
958 1939 1014 1984 sont
1021 1947 1071 1996 pus
1081 1935 1231 1986 matteum.-
1251 1938 1319 2001 {lpse

232 2011 332 2061 sorbile.
367 2012 401 2062 At
417 2009 493 2060 aliter
509 2023 575 2061 sane
593 2013 631 2072 et,
656 2013 686 2061 ut
702 2011 761 2074 opi·
797 2005 931 2058 Bentleius
959 2007 992 2058 ad
1020 2007 1151 2060 librorum
1178 2008 1321 2064 lectionem

235 2097 299 2147 nor,
325 2085 425 2136 rectius
446 2082 573 2136 intellexit
589 2083 653 2136 Plin.
675 2085 706 2134 ll.
728 2086 759 2135 N.
798 2084 909 2135 rediisse
921 2083 1034 2135 videtur.
1067 2085 1325 2152 Haecenimlegun·

234 2160 275 2210 40.
296 2159 321 2224 5.
339 2159 385 2210 il:
413 2161 483 2222 oum
505 2159 612 2224 othum
631 2160 680 2210 sim
696 2173 760 2222 ova,
797 2162 883 2212 turin
900 2162 959 2211 eius
977 2161 1053 2212 Curis
1070 2163 1232 2214 novissimis:
1252 2164 1323 2215 «Ova

233 2234 357 2300 potioris
367 2235 549 2298 euporisputut
560 2236 762 2286 6666161666-
797 2235 911 2287 rotunda
930 2234 1014 2300 lough
1035 2237 1119 2299 magis
1138 2235 1199 2287 alba
1218 2239 1245 2287 et
1264 2249 1323 2289 ma-

233 2323 286 2359 eur.
308 2336 335 2345 -
359 2311 442 2374 mepta
467 2309 534 2374 ρὶὸα]
559 2311 652 2373 Neque
678 2311 761 2361 artili-
797 2323 856 2362 rem
881 2309 1000 2360 vitellum
1025 2310 1162 2362 cohibent.
1205 2313 1244 2362 De
1271 2313 1324 2363 hoe

233 2385 308 2434 close
326 2381 483 2448 explicanda
503 2384 610 2436 videtur
631 2386 699 2436 haec
721 2383 761 2436 le-
797 2386 858 2436 vide
884 2385 1025 2436 Historiam
1051 2386 1146 2437 Faetus
1174 2387 1323 2450 tlussipou-

234 2458 287 2508 etio
301 2455 351 2520 (alii
363 2459 435 2508 euim
447 2460 656 2524 interpretantur
668 2474 759 2525 «pura,
797 2461 851 2510 tani
864 2474 890 2525 p.
904 2459 945 2510 73.
959 2463 986 2511 et
997 2461 1095 2512 iterum
1105 2474 1132 2525 p.
1147 2461 1230 2524 466»)
1240 2489 1268 2498 -
1278 2463 1324 2512 Ρο-

233 2545 350 2596 quorum
368 2531 473 2586 vitellus
484 2534 518 2584 ab
531 2533 666 2586 albumine
683 2549 762 2601 pror·
797 2536 864 2599 nero]
880 2548 1034 2600 «apponere
1052 2536 1079 2586 ln
1096 2547 1217 2585 mensa.»
1262 2535 1320 2587 vid.
1362 2587 1367 2594 ,

233 2619 281 2658 sus
299 2609 438 2672 separatus
456 2612 532 2670 est,»
550 2609 592 2660 ulii
605 2623 690 2674 «quae
702 2622 761 2660 ma·
798 2612 850 2661 Sat.
864 2611 894 2671 6,
913 2609 943 2672 6,
960 2606 1001 2660 63.
1023 2637 1050 2646 -
1068 2623 1166 2660 mern
1182 2611 1245 2672 eet]
1269 2612 1323 2664 Uti-

232 2684 274 2746 gie
286 2681 425 2734 abundant
438 2683 603 2746 ethomme,-
625 2683 668 2735 alii
685 2684 761 2736 deni-
798 2697 850 2748 que
863 2698 896 2734 ex
913 2685 1037 2749 opinione
1054 2687 1215 2736 rusticorum
1229 2687 1324 2736 homa-

233 2770 288 2822 que
306 2757 340 2808 de
357 2756 438 2808 vitelii
456 2757 544 2809 colore
557 2757 696 2822 albicante)
715 2773 762 2810 ne-
798 2771 903 2809 norum.
947 2757 1050 2809 Colum.
1072 2759 1101 2820 8,
1127 2761 1158 2822 6,
1185 2760 1230 2809 ll:
1261 2760 1323 2811 Cum

233 2845 288 2896 que
306 2845 368 2884 eum
386 2833 505 2884 Bentleio
526 2832 636 2898 aliisque
652 2837 761 2885 mutan·
799 2833 854 2896 quis
869 2833 933 2883 uolet
950 2847 1027 2896 quom
1040 2833 1165 2896 plurimos
1179 2845 1264 2883 mures
1275 2847 1323 2884 em-

233 2907 283 2967 da;
302 2907 352 2958 sed
363 2907 512 2960 audiendus
523 2910 565 2960 est
580 2909 688 2960 Denter:
709 2913 758 2960 «M.
797 2909 876 2969 eludi,
896 2907 1040 2972 tempestiuo
1056 2919 1170 2968 quaeque
1184 2911 1208 2958 et
1229 2907 1324 2958 areth·

232 2983 341 3043 66666,
364 2983 408 3044 put
430 2997 448 3032 a
461 2984 518 3046 pris
534 2997 561 3034 ee
576 2989 693 3047 precepta
709 2983 762 3036 tre‘s
797 2985 863 3032 mmo
887 2995 936 3032 ova
959 2982 1083 3042 mebeten
1107 2986 1132 3030 et
1154 2987 1244 3031 mae
1266 2995 1324 3032 cum

232 3059 418 3119 mmmmm,
446 3071 477 3108 ue
500 3063 561 3120 peut
586 3060 690 3122 soumis·
714 3073 761 3122 que
797 3057 916 3120 sanium,
935 3069 1012 3118 quum
1032 3055 1219 3106 rotundissimo.
1254 3055 1320 3108 Ptin.

233 3132 450 3195 Cuttuedtsomte
472 3133 507 3184 tes
531 3134 593 3197 ceusu
615 3135 686 3199 toups
706 3139 762 3184 sont
799 3131 830 3181 ll.
849 3133 879 3181 N.
900 3129 940 3180 ⁴0.
960 3129 984 3192 5.
1002 3129 1046 3180 il:
1077 3131 1208 3180 Felsinam
1231 3131 1321 3192 ommi,

229 3208 289 3269 phas
305 3206 390 3256 bluncs
406 3221 454 3268 que
472 3208 506 3258 les
521 3210 612 3270 remis,
639 3223 686 3259 ear
708 3209 762 3259 catu
799 3218 864 3267 quoe
879 3204 1031 3254 rotundiora
1046 3204 1196 3268 pipuuutur,
1222 3205 1323 3266 ratique

231 3288 269 3333 eu
283 3282 359 3345 saue.
394 3283 427 3332 m
448 3283 467 3332 tl
489 3289 576 3334 trouve
588 3284 647 3346 ptus
666 3284 761 3346 imper-
797 3293 903 3330 murem.
939 3279 1121 3340 Contrarium,
1146 3279 1175 3328 ut
1192 3277 1221 3328 m
1237 3279 1264 3329 in
1282 3279 1322 3330 bis

231 3361 312 3409 thart
337 3372 425 3409 eicere
450 3358 512 3421 quil
536 3359 587 3408 diae
610 3359 683 3421 qu'tts
707 3363 762 3410 soret
798 3355 922 3406 historiae
940 3367 972 3404 ac
996 3351 1179 3419 philosophiae
1197 3352 1323 3404 naturalis

228 3434 290 3496 plen
314 3433 412 3495 mnes,
434 3447 515 3496 poree
540 3434 614 3496 qu’its
636 3434 703 3497 sonte
727 3435 761 3484 tea
798 3423 971 3490 ὑποθέσεσι,
990 3427 1071 3478 tradit
1085 3427 1241 3480 Aristoteles
1254 3429 1320 3480 llist.

228 3510 430 3573 potrtetseuttm¹
466 3509 761 3572 Uestpuurquoiita
797 3505 926 3566 humb,
946 3505 974 3564 6,
993 3505 1021 3554 6τ
1040 3495 1323 3569 ἔστιδὲτὰμὲνμα-

231 3586 336 3650 cohme
350 3585 378 3635 et
393 3587 425 3634 ut
440 3585 525 3648 magis
542 3582 611 3634 alma
629 3584 758 3636 rotundis.
798 3575 853 3652 κρὰ
870 3581 919 3630 καὶ
937 3573 1007 3643 ὀξέα
1023 3575 1080 3628 τῶν
1091 3573 1156 3645 ᾠῶν
1166 3573 1267 3643 θήλεα,
1286 3575 1322 3627 τὰ

233 3660 420 3723 erumpimus
430 3656 592 3722 magisalma
597 3657 761 3723 ,plusuour-
797 3653 828 3704 <tt
862 3649 1024 3744 στρογγύλα
1057 3654 1107 3702 um
1141 3650 1323 3740 περιφέρειαν

232 3737 320 3786 risans
333 3733 559 3798 (utalrnaubera,
579 3733 758 3795 almauutrix‚
796 3724 904 3790 axam
920 3724 1045 3780 κατὰτὸ
1067 3720 1253 3798 ὀξὺαρρενα.
1276 3727 1322 3778 ubi

232 3809 320 3862 almus
335 3823 408 3874 ager,
421 3808 490 3872 alia).
503 3809 570 3859 laub
580 3809 763 3860 6616666666-
796 3807 931 3856 Bekherus
969 3805 1106 3869 sapienter
1141 3802 1269 3854 abstinuit
1307 3815 1322 3852 a

231 3891 299 3937 mett
312 3899 381 3948 pour
397 3885 446 3946 tui,
465 3883 534 3934 alma
546 3889 582 3935 est
597 3899 633 3934 un
648 3890 701 3934 mot
717 3885 761 3946 qui
797 3881 1001 3970 trapspositione
1019 3878 1238 3929 Schneideriaua:
1257 3873 1323 3944 ᾠῶν

231 3975 266 4011 nu
281 3961 395 4023 touy'om
411 3959 465 4011 mut
485 3964 508 4010 et
531 3959 574 4022 nui
592 3973 624 4010 ue
639 3960 717 4018 reputt
733 3961 760 4010 ai
796 3949 947 4028 &prisea--
936 3949 1014 4018 -ὀξ6
1034 3955 1071 4004 θν
1064 3951 1190 4018 ’μ-λεα
1214 3954 1324 4005 cohibent

232 4037 255 4086 ie
267 4035 328 4099 ptus
342 4037 370 4086 nt
386 4036 409 4086 te
424 4035 513 4085 moins.
547 4035 647 4084 tumuit
662 4035 696 4085 tes
712 4035 761 4084 lu
796 4032 931 4096 cattoseJ«
919 4029 1114 4090 «circumdant,
1134 4029 1323 4093 etpropterid

232 4112 362 4170 ituu'ont
377 4111 414 4160 dit
429 4108 609 4174 megistum,
627 4110 655 4160 ni
672 4109 759 4160 miuus
797 4108 895 4171 ipsum,
906 4105 979 4169 quod
990 4105 1092 4164 ruthae,
1106 4105 1224 4168 «spissae
1237 4116 1268 4152 ac
1281 4103 1324 4152 tir-

233 4185 313 4238 alma‚
348 4187 417 4236 itae
435 4185 491 4248 fuet
507 4185 692 4250 vimuluaper.
711 4185 761 4235 lio-
798 4193 858 4231 mae
876 4179 1035 4240 materiae»,
1055 4181 1130 4240 sunt,
1157 4178 1229 4229 haud
1246 4177 1321 4230 tacite

232 4275 294 4324 ruet
310 4273 342 4312 ne
358 4262 439 4312 donne
454 4273 482 4311 ce
497 4261 626 4311 smthnent
643 4259 660 4310 6
675 4260 761 4311 Catius
799 4269 862 4310 cum
884 4255 1019 4306 albumine
1043 4256 1172 4307 miscetur
1193 4251 1323 4305 vitellus.»
