3178 4972
607 445 665 495 nin.
685 447 703 494 ι.
738 445 837 496 sersr.
856 447 919 498 xvi.
1243 449 1299 517 53l

264 597 419 664 Detulerit
440 599 544 666 fasces
569 600 715 687 indigno,
744 601 891 670 detrahet
912 603 1006 670 idem.

262 721 363 796 Pone,
387 741 495 786 meum
517 731 580 788 est:
605 723 716 810 inquit.
761 725 849 789 Pono
871 725 1035 813 tristisque
1058 727 1185 794 recedo.
1262 733 1303 796 35

263 840 350 906 ldom
373 843 400 907 si
423 841 539 910 elamet
560 843 677 938 iurem,
707 855 803 931 neget
824 865 899 912 esse
921 847 1090 933 pudicum,

261 961 439 1028 Contendat
460 963 578 1049 laqueo
600 964 718 1030 collum
741 967 901 1052 pressisse
923 978 1107 1054 patemum;

260 1083 408 1148 llordear
430 1085 612 1171 opprobriis
635 1085 722 1152 falsis
745 1097 931 1174 mutemque
953 1088 1105 1154 oolores‘l

262 1203 374 1268 Falsus
397 1202 500 1270 bonor
523 1205 609 1270 iuvat
632 1216 664 1271 et
685 1207 823 1274 mendax
845 1208 975 1274 infamia
997 1220 1094 1276 terret

260 1327 365 1404 Quem
378 1326 438 1391 nisi
450 1325 641 1392 mendosum
655 1337 686 1392 et
701 1326 953 1394 medicandum?
974 1331 1029 1395 Vir
1046 1330 1150 1396 bonus
1169 1345 1218 1398 est

1030 1453 1128 1540 quis?
1263 1458 1304 1522 l0

249 1617 287 1667 xit
297 1615 438 1667 Bentleiue.
456 1645 481 1652 -
495 1617 535 1667 38.
545 1617 653 1667 comen
664 1631 725 1668 cum
738 1618 822 1667 Codd.
832 1617 893 1680 aliq.
904 1621 1017 1669 Pessow.
1038 1623 1077 1684 (Ut
1088 1636 1145 1682 nos,
1158 1623 1268 1689 bSEop.l

252 1719 278 1728 -
297 1691 398 1741 ederes.
417 1692 505 1741 Fuluus
521 1692 638 1742 distinxit
653 1689 796 1742 Bentleius.
812 1719 838 1728 -
858 1691 898 1742 lo.
911 1697 934 1742 et
944 1695 1088 1744 mmduaem
1099 1695 1179 1760 bscp,
1192 1699 1267 1759 LtOs,

248 1771 271 1815 et
295 1767 435 1815 meridiem
460 1780 475 1815 e
501 1765 607 1818 duobus
632 1768 749 1818 llouaee.
770 1767 907 1830 antiquiss.
927 1769 1076 1818 lloeheder.
1097 1772 1136 1832 (lit
1153 1785 1214 1834 nos,
1235 1775 1267 1834 E,

249 1840 436 1904 Porphyrionis
448 1839 494 1890 Ed.
507 1841 633 1904 princeps
645 1839 732 1902 titia,
746 1843 871 1905 quattuor
882 1840 1015 1902 Blandin.‚
1030 1847 1084 1894 tres
1096 1843 1138 1894 ulii
1150 1847 1267 1910 Cruquii,

250 1929 295 1977 γκ,
314 1917 420 1976 septem
439 1913 566 1972 potuero,
587 1915 619 1973 C,
639 1913 783 1974 Bentleius‚
803 1916 865 1976 Fu.)

217 2059 329 2124 populus
363 2063 496 2112 llomanus
530 2059 679 2110 deluerit.»
711 2089 738 2098 -
778 2066 819 2112 rat
835 2061 952 2124 scelera,
978 2079 1047 2128 quae
1065 2067 1091 2116 in
1109 2069 1190 2130 ipsius
1207 2082 1302 2133 perso-

214 2135 287 2199 Pooe]
315 2137 493 2186 alienunciato
516 2137 569 2198 iam
591 2136 630 2194 ei,
658 2149 739 2198 quam
779 2150 840 2188 nem
857 2139 967 2189 minime
980 2140 1125 2202 cadebant,
1144 2155 1205 2193 uum
1221 2144 1302 2194 homo

215 2223 276 2260 meo
294 2210 423 2260 arbitratu
438 2210 633 2271 ubisoncensi,
651 2209 739 2260 bonae
777 2225 842 2262 sane
861 2214 984 2264 essetab
1003 2217 1075 2264 omni
1088 2219 1200 2279 quaestu
1214 2215 1302 2268 illicito

215 2283 301 2334 lamae
327 2285 430 2334 virtutis
449 2298 481 2334 ae
500 2283 673 2348 prudentiae;
701 2285 739 2334 sie
777 2287 893 2349 alienus,
912 2290 1027 2354 pudieus
1046 2292 1071 2341 in
1088 2291 1219 2343 aetatulae
1237 2293 1303 2344 liure

217 2360 290 2408 enim
307 2360 372 2409 mibi
388 2373 459 2410 nunc
475 2359 589 2425 placet·
610 2387 637 2396 -
658 2373 741 2410 meum
778 2363 839 2424 [Sal.
853 2363 914 2424 l,e‚
924 2365 985 2426 εἰ),
1000 2366 1082 2428 patris
1094 2367 1301 2418 amantissimus.

215 2434 257 2497 eet]
285 2433 333 2484 «ld
351 2435 422 2498 quod
445 2433 514 2483 ultro
534 2435 580 2484 tibi
597 2433 739 2498 aliquando
778 2437 836 2499 (Pro
864 2451 940 2488 mero
969 2439 1027 2488 loeo
1058 2441 1193 2490 communi
1221 2439 1303 2491 babel

215 2507 291 2568 dedi,
311 2511 339 2558 tu
355 2511 477 2573 precario
487 2509 636 2573 possides.»
651 2537 679 2548 -
695 2511 741 2560 tri-
776 2513 905 2561 Diintzer:
925 2513 963 2561 «si
975 2511 1090 2574 populus
1102 2515 1233 2564 insontem
1245 2527 1304 2566 see·

213 2584 305 2644 sitique
319 2585 415 2648 recedo]
441 2585 542 2635 «Aliter
558 2586 615 2634 lieri
632 2583 738 2646 nequit,
776 2581 862 2633 lerum
875 2583 1023 2643 insimulet,
1043 2587 1100 2634 iana
1113 2587 1301 2638 mordeatur‘l»

215 2669 295 2720 mam
314 2660 355 2716 ut,
374 2659 424 2708 elei
441 2659 538 2708 invitus
553 2659 738 2720 maestitiaque
777 2669 845 2719 quae
863 2661 953 2707 nmen
970 2659 1037 2708 ratio
1054 2659 1117 2708 mihi
1131 2658 1253 2723 languida
1265 2664 1304 2711 vl-

214 2730 340 2790 allectns,
367 2729 457 2796 populi
481 2733 559 2783 iussis
577 2730 738 2794 obsequar.»
777 2731 874 2792 detur.)
889 2755 916 2766 -
935 2732 1037 2795 colores]
1055 2731 1164 2782 Pluralie
1183 2734 1303 2786 firmatus

214 2805 318 2854 llemor
331 2805 443 2856 tortasse
455 2808 513 2855 erat
525 2807 628 2856 Lucret.
642 2804 666 2866 3,
679 2806 737 2854 995.
777 2817 791 2852 a
809 2803 878 2853 meis
890 2804 974 2854 Codd.
989 2803 1120 2866 significat
1136 2819 1188 2855 non
1207 2808 1300 2868 semel,

215 2879 339 2929 beelim:
372 2880 492 2942 Sisyphus
515 2881 542 2928 io
564 2881 619 2928 oua
643 2891 740 2941 quoquae
776 2877 825 2927 sed
850 2877 946 2927 erebro
973 2876 1100 2943 pallorem
1118 2879 1300 2944 ruboremque

212 2953 282 3002 nobis
302 2960 361 3004 aruo
382 2955 466 3004 uetitos
482 2959 533 3015 eet,
561 2955 740 3016 Quipetereu
777 2951 815 3001 ire
833 2954 860 3001 et
880 2952 978 3001 redire.
1006 2953 1125 3017 Propert.
1143 2955 1171 3014 l,
1190 2955 1234 3015 lli,
1253 2955 1299 3005 39:

210 3029 402 3091 pupillosque&
423 3041 559 3090 meruique
575 3041 672 3078 semmei
687 3029 739 3077 lm·
777 3027 838 3088 Quis
858 3031 881 3076 te
901 3027 1004 3090 copebut
1019 3028 1109 3076 mutem
1126 3029 1222 3090 pallere
1238 3031 1303 3082 culo·

213 3101 285 3162 bibit,
309 3107 333 3152 et
348 3116 444 3166 seroper
459 3104 539 3153 uictus
555 3103 680 3164 tristisque
696 3115 739 3152 re·
775 3099 834 3150 res?
859 3101 967 3151 Lucian.
989 3101 1055 3150 Eun.
1078 3102 1126 3150 ll:
1158 3101 1188 3164 ἐς
1209 3105 1300 3174 μυρία

212 3177 284 3227 eadit.
775 3169 957 3243 τραπόμενος
984 3171 1134 3246 χρώματα.
1167 3176 1301 3228 Bentleius

245 3251 349 3302 ae-ae.
377 3251 453 3315 idem]
481 3252 575 3302 aldem
600 3249 693 3314 volgus
716 3251 737 3301 si
776 3247 881 3298 subluto
903 3249 1082 3312 interrogandi
1103 3251 1178 3312 signo
1196 3253 1257 3313 pust
1272 3265 1299 3300 v.

212 3324 278 3376 laisa
303 3325 447 3390 opprobria
471 3326 498 3376 iu
520 3337 564 3376 me
588 3326 680 3375 iecerit
698 3325 738 3387 (id
775 3323 869 3372 colores
884 3335 949 3374 saue
962 3325 1053 3372 contra
1069 3327 1166 3387 poetae
1181 3324 1299 3374 mentem

213 3399 285 3463 quod
297 3400 368 3450 haud
378 3399 642 3464 minusfloripotest,
656 3413 737 3462 quam
775 3395 863 3447 locum
881 3397 920 3448 sio
936 3399 1125 3460 interpretatus
1141 3401 1199 3448 est:
1219 3399 1300 3448 aldem

211 3477 241 3524 ut
259 3473 332 3524 falsis
346 3473 469 3524 laudibus
482 3487 525 3524 me
538 3475 655 3533 oneret),
674 3473 738 3524 stul
776 3483 838 3534 ego,
866 3472 911 3535 qui
928 3471 1000 3522 lalsis
1018 3473 1090 3535 prius
1107 3470 1230 3522 laudibus
1247 3474 1301 3522 cri-

212 3549 255 3597 tus
266 3547 387 3610 prolecto
399 3560 503 3610 essem,
520 3549 543 3598 si
554 3547 615 3598 talia
627 3549 737 3598 erimine
775 3548 831 3594 stas
849 3545 1001 3608 erigebam,
1019 3547 1139 3596 mordear
1155 3548 1235 3596 eliam
1253 3560 1300 3608 op-

211 3633 256 3672 ine
274 3620 463 3686 perturbarent
480 3636 512 3672 ae
528 3623 562 3673 da
575 3623 654 3672 animi
667 3625 737 3672 statu
770 3619 882 3682 probriis
905 3619 976 3682 sutrii
992 3623 1059 3679 cet.;
1088 3621 1209 3670 eiusdem
1227 3619 1298 3668 enim

212 3695 383 3746 delicerent·
406 3723 433 3732 -
451 3701 522 3760 nepot
545 3709 595 3747 ease
609 3697 736 3760 podium]
775 3698 817 3745 eet
834 3693 898 3746 laiso
915 3695 1017 3746 bonore
1034 3695 1117 3746 iuvari
1136 3695 1163 3744 el
1174 3693 1298 3743 mendaci

213 3770 251 3818 usl
259 3769 415 3820 criminetur
424 3783 467 3820 me
477 3770 617 3821 muliebria
627 3783 738 3835 passum
774 3770 881 3821 inlamia
898 3769 1020 3819 terreri.»
1049 3770 1149 3818 Verum
1171 3767 1222 3816 hoe
1239 3781 1298 3818 ma·

212 3854 299 3894 esse.»
317 3843 550 3906 Tao.Anu‚l‚73:
569 3845 738 3894 utimumcoo-
774 3845 868 3895 nilesto
895 3843 974 3894 dicit:
1003 3843 1129 3894 «Minime
1152 3854 1201 3905 pro
1224 3843 1297 3891 certo

207 3917 408 3979 poeeiosamem.
428 3918 480 3970 Clr.
494 3917 568 3969 Woll
579 3917 613 3968 ad
626 3919 735 3969 sueton.
773 3919 925 3968 huiusmodi
943 3919 1093 3980 iniquorum
1110 3927 1234 3966 meorum
1248 3918 1298 3966 eri·

211 3991 300 4040 octav.
312 3992 356 4040 ll:
370 3991 505 4054 infamiam
513 3993 684 4054 impudicitiae
693 3993 737 4054 sn-
773 3991 889 4042 minibus
901 4005 1018 4056 pungar,
1040 4001 1237 4040 eommovear„
1255 3991 1297 4039 sio

209 4065 301 4116 elilim
315 4067 443 4127 nstttwil.
460 4093 487 4104 ν
506 4068 595 4128 lupum
609 4066 735 4130 pressisse]
773 4067 866 4114 Graeci
883 4063 1055 4124 δάκνεσθαι,
1074 4061 1228 4125 κνίζεσθαι.

211 4139 334 4190 usitatius
362 4143 403 4191 est
422 4142 528 4190 cambes
549 4142 668 4205 srurtpere
684 4141 736 4190 nli-
806 4139 911 4190 lli-ta.
940 4137 1091 4199 murm]
1122 4137 1294 4188 «vitiosum»

209 4212 281 4262 udus
296 4213 446 4278 luqueupm
460 4215 628 4278 sbuopulure.
648 4214 686 4265 Cl.
701 4214 735 4264 ad
773 4217 864 4263 Ponrn.
893 4215 1052 4262 «insanum»
1081 4213 1173 4274 (sensu
1199 4211 1294 4262 saltem

210 4286 258 4336 0d.
272 4287 298 4348 2,
312 4287 352 4348 43,
365 4290 390 4338 li.
407 4311 434 4326 ·-
453 4289 511 4338 Tria
528 4291 618 4340 autem
629 4300 735 4338 memo·
772 4287 878 4348 Stoico.)
890 4287 974 4337 Coun.
986 4286 1064 4342 Cnuo.
1076 4287 1294 4349 —medieoodmnl
