3130 4966
602 408 661 458 nvn.
680 409 700 458 1.
736 409 803 460 sar.
824 407 864 458 vv.
1238 407 1278 472 77

227 566 297 630 Non
321 585 382 652 ego
409 585 482 630 sum
506 563 600 651 Capri
623 584 731 652 neque
754 563 857 631 Sulci:
881 583 940 632 cur
962 573 1087 632 metuas
1109 565 1186 631 me?
1236 565 1276 629 70

226 685 319 752 Nulla
349 685 485 752 taberna
507 707 598 753 meos
620 685 739 754 habeat
760 707 868 773 neque
891 684 956 773 pila
979 685 1119 764 libellos,

226 807 308 887 Quis
331 827 445 874 manus
469 807 598 874 insudet
619 806 703 895 volgi
726 793 1005 894 Heimogeuisque
1028 807 1153 895 Tigelli:

225 931 293 996 Neo
315 929 417 996 recito
441 929 594 1017 cuiquam
616 929 676 995 nisi
699 929 827 1006 amicis,
852 927 950 1016 idque
973 939 1120 1006 coactus,

129 1117 136 1128 ,
223 1052 296 1115 Νοιι
316 1050 424 1117 ubivis
447 1071 598 1118 coramve
621 1049 829 1139 quibuslibet.
873 1052 909 1115 ln
931 1050 1038 1117 medio
1061 1052 1117 1138 qui

223 1171 352 1259 Scripta
373 1172 442 1238 loro
467 1171 617 1250 recitent,
641 1181 716 1238 sunt
737 1170 826 1238 multi
849 1171 972 1259 quique
994 1171 1152 1240 lavantes:
1233 1175 1274 1239 75

245 1361 288 1409 70.
316 1373 372 1409 mm
398 1359 482 1411 codd.
502 1361 563 1424 aliq.
583 1361 726 1410 Torrentii:
752 1361 800 1409 sim
823 1359 1035 1424 Bscdp,LCtFll,
1064 1361 1149 1412 Benll.
1169 1365 1240 1426 (curu

213 1433 352 1493 omnibus,
366 1437 395 1483 ut
411 1435 526 1496 videtur,
546 1435 620 1498 suis),
637 1435 661 1484 J.
684 1461 711 1471 -
731 1435 819 1496 Cuprii
830 1449 869 1483 νω
882 1437 909 1484 et
924 1449 965 1498 pr.
984 1453 1011 1496 κ,
1031 1437 1057 1486 F.
1072 1464 1100 1472 -
1123 1437 1163 1487 73.
1176 1437 1236 1502 Nec]

212 1509 271 1557 Nou
289 1511 417 1572 quattuor
429 1511 555 1572 Potlierii,
567 1511 628 1561 LCt.
648 1511 687 1573 (ut
698 1521 755 1568 nos,
774 1508 874 1574 bScdp,
893 1508 1003 1560 Bentleii
1021 1509 1105 1561 codd.
1125 1512 1239 1575 ournes.)

216 1609 243 1618 -
267 1583 370 1632 recitem
395 1597 457 1634 cum
486 1583 569 1634 codd.
599 1583 718 1634 Lambini
744 1583 885 1634 Bentleius.
915 1610 941 1620 -
971 1587 1106 1647 quicquum
1131 1600 1146 1636 e
1172 1587 1238 1638 cod.
1309 1647 1311 1652 Ι

210 1655 328 1720 magdal.
349 1659 381 1721 (v)
400 1658 482 1708 idem.
502 1657 590 1724 (recito
607 1660 726 1722 cuiquam
742 1659 825 1709 nostri
838 1661 865 1708 et
882 1659 998 1709 Pottierii
1016 1661 1130 1723 omnes.)
1151 1689 1178 1697 —
1198 1663 1239 1712 75.

211 1733 325 1782 reritout
341 1731 379 1782 bd
399 1733 460 1796 (nou
477 1734 548 1798 Sep).

177 1888 334 1955 bibliopolis
355 1904 409 1942 non
431 1893 622 1944 commisisset:
649 1905 710 1943 me·
748 1889 818 1954 Sar.)
831 1888 1130 1953 legendumquicquuut,
1144 1895 1274 1944 cumcrti-

178 1966 272 2016 mento
296 1963 377 2015 modo
400 1967 549 2025 Sosiorum;
577 1979 608 2017 ac
628 1968 650 2018 si
676 1979 709 2017 eu
748 1977 837 2026 quum,
855 1963 1178 2026 utbuioloooconvenit,
1196 1981 1274 2031 prse-

176 2038 219 2088 vel
248 2038 325 2088 domi
358 2041 510 2091 retinuisset
540 2040 582 2092 vel
615 2043 709 2106 paucis
747 2039 830 2090 traete
857 2041 950 2102 neget:
986 2053 1039 2090 une
1065 2041 1110 2090 uui
1137 2041 1273 2104 quidem.»

178 2112 321 2164 dumtaxat
348 2127 411 2164 cum
439 2115 531 2166 amicis
557 2115 710 2166 eommuni-
747 2116 839 2178 Neque
857 2127 923 2163 vero
940 2127 1170 2177 supervacaneum
1187 2119 1229 2166 est
1245 2131 1270 2166 v.

178 2190 281 2248 cesset,
303 2187 388 2250 unde,
408 2201 525 2253 quaeso,
543 2192 654 2254 repente
670 2192 710 2239 tot
747 2187 905 2250 quibuslibet,
924 2189 1050 2251 qnoniam
1067 2189 1197 2252 siguificat
1214 2203 1273 2240 ma-

178 2275 275 2312 eorum
287 2263 504 2327 vituperatores?
521 2291 549 2300 -
565 2261 708 2328 pilo]1tnle
747 2261 787 2313 los
810 2265 902 2326 poetas
920 2261 1150 2326 qualibuscunque
1167 2263 1274 2315 audito-

179 2335 308 2388 tabernas
337 2336 363 2387 in
392 2336 538 2402 porticibus
567 2337 708 2388 collocutus
747 2335 822 2388 ribus
839 2337 978 2386 contentos
997 2349 1065 2387 esse.
1102 2337 1206 2401 Epicuri
1224 2353 1274 2390 au-

178 2409 278 2462 librarii
305 2411 442 2462 habebant
464 2413 542 2475 pilas,
570 2411 708 2464 columnas
747 2415 801 2462 tem
820 2413 878 2461 erut
893 2412 1082 2474 praeceptum,
1106 2406 1157 2461 τὸν
1173 2408 1283 2474 σοφὸν.

179 2487 300 2549 porticus
320 2487 498 2546 sustinentes,
526 2487 624 2550 quibus
648 2485 708 2552 pilis
746 2487 795 2536 καὶ
823 2483 1037 2555 συῃράμμαια
1068 2484 1271 2552 καταλείψειν,

179 2559 281 2611 iudices
300 2558 445 2622 librorum,
465 2573 532 2624 quos
547 2561 573 2611 in
590 2561 709 2612 tabernis
746 2554 781 2610 ori
807 2563 992 2630 πανηγυριεῖν
1014 2557 1055 2610 tt.
1091 2560 1164 2623 Dios.
1185 2562 1271 2612 Laert.

179 2635 347 2696 vendebant,
366 2634 436 2685 alfini
450 2637 533 2684 eruut.
563 2637 593 2686 A.
607 2637 634 2686 Ρ.
648 2635 706 2685 373.
747 2635 791 2694 40,
811 2635 867 2684 449.

179 2708 289 2760 llartial.
305 2710 333 2770 4,
353 2710 415 2771 447,
435 2710 480 2759 to:
504 2710 599 2760 Contra
615 2709 709 2761 Caeso·

179 2784 214 2831 ris
228 2783 369 2845 astrorum
389 2783 508 2846 tobuuo,
533 2785 639 2847 Scriptis
657 2799 709 2848 po-
778 2782 868 2834 'tt-80.
885 2785 915 2833 lu
931 2784 1091 2848 melioret]
1110 2785 1274 2836 Nouadver-

179 2858 253 2908 uicus
272 2857 333 2906 diue
352 2861 376 2908 et
398 2859 456 2909 iude
477 2860 547 2920 totis,
575 2859 665 2909 Οιιιιιιι
680 2865 708 2910 ut
746 2859 845 2908 sarium
863 2856 1017 2921 loquentem
1036 2858 1149 2920 inducit,
1173 2861 1202 2910 ut
1217 2859 1274 2909 volt

179 2932 225 2981 cuc
239 2931 360 2996 perteque
376 2935 475 2994 poetas.
494 2934 526 2984 Et
537 2933 572 2984 de
590 2935 650 2984 vino
668 2934 705 2984 ld.
746 2933 851 2984 Corum.
860 2935 952 2997 cruq,
963 2933 1012 2984 sed
1021 2934 1073 2984 hoc
1080 2933 1155 2984 dicit:
1170 2934 1272 2984 «Probe

180 3005 206 3066 i,
224 3007 271 3068 tit,
302 3007 333 3055 δι
362 3007 442 3056 Να44α
467 3009 659 3071 cutmotispilu
674 3015 709 3060 est
745 3007 900 3068 novisses,
925 3009 970 3070 qui
987 3006 1029 3057 vel
1047 3008 1073 3059 in
1092 3007 1181 3057 medio
1199 3007 1271 3066 loro,

177 3083 327 3142 morcincto
350 3082 446 3146 loqeuis
471 3081 505 3132 ab
531 3083 706 3134 institoribus.
745 3081 773 3130 id
794 3083 836 3131 est
856 3080 965 3145 dempta
987 3081 1151 3145 hyperbole,
1179 3095 1272 3133 coram

180 3154 258 3208 Paulo
278 3154 356 3205 aliter
366 3153 540 3206 scholiastae:
560 3155 708 3221 «bibliopo-
746 3155 860 3205 maxima
878 3154 1030 3205 auditorum
1042 3168 1140 3206 corona
1152 3159 1272 3207 carmina

180 3229 219 3280 lue
235 3229 281 3281 vel
299 3229 426 3282 tabernae
442 3230 579 3282 habebant
599 3231 642 3282 vel
664 3245 708 3283 ar·
747 3229 885 3280 recitent.»
906 3255 929 3268 -
952 3229 1077 3294 bouum]
1096 3231 1138 3279 «in
1158 3229 1271 3292 balneis,

180 3306 262 3356 maria
281 3304 354 3369 apud
371 3303 465 3368 pilas.»
485 3333 512 3341 -
534 3307 710 3370 Heriuoqeuir-
746 3303 809 3366 quia
825 3303 852 3353 in
869 3301 928 3354 loco
945 3303 1073 3354 lornicuto
1090 3305 1208 3354 suaviter
1227 3317 1274 3355 re-

180 3393 225 3442 que
243 3379 338 3444 liqellr]
356 3380 456 3430 diversi
473 3381 564 3444 utique
582 3395 598 3430 a
615 3382 648 3433 u.
665 3381 709 3431 rt·
746 3379 824 3428 sonat
845 3378 981 3429 recitantis
1000 3389 1079 3428 vox.»
1113 3377 1223 3430 Martial.
1241 3378 1271 3440 3,

181 3452 255 3516 gellio
275 3453 375 3514 Sardo,
394 3455 458 3504 tunc
474 3457 594 3517 mortuo,
612 3457 642 3505 ut
659 3455 708 3506 de-
746 3451 790 3513 tt,
810 3453 851 3503 42.
875 3452 909 3502 ad
920 3453 1104 3503 recitatorem:
1123 3454 1153 3504 lu
1164 3454 1274 3504 domos

181 3529 340 3580 monstravit
355 3529 518 3580 Kircbnerus
536 3530 566 3590 Q.
580 3530 611 3580 H.
625 3543 651 3594 p.
664 3529 706 3582 42.
744 3527 831 3591 meio:
856 3540 932 3577 souos
956 3528 991 3576 od
1011 3540 1109 3578 curun.
1143 3527 1274 3579 Videlicet

181 3601 334 3654 Admodum
367 3602 437 3654 salse
470 3603 602 3667 significat
637 3605 708 3656 hunc
746 3603 848 3652 circum
881 3601 988 3652 labrum
1022 3603 1047 3651 in
1081 3600 1184 3653 balneis
1215 3605 1273 3653 erat

181 3677 377 3728 modulatorem
399 3679 425 3728 iu
449 3678 532 3730 rebus
555 3678 589 3728 ed
614 3681 707 3743 poesin
746 3674 850 3738 schola,
869 3675 1272 3739 quamvocnbnut,ubiamicis

182 3752 364 3816 spectantibus
375 3764 462 3816 aeque
480 3753 635 3817 imperitum
647 3765 708 3804 esse
746 3751 864 3801 carmina
887 3751 935 3800 ista
958 3749 1087 3800 audituris
1111 3749 1184 3801 locus
1202 3752 1269 3800 erat.

183 3839 212 3876 ac
227 3825 346 3890 volgum.
381 3829 420 3877 be
438 3827 547 3878 bomine
566 3828 619 3877 iam
639 3841 709 3878 mou-
745 3827 847 3875 Vitnrv.
861 3827 889 3886 5,
909 3826 955 3875 to:
974 3825 1080 3874 Sebolru
1094 3824 1272 3875 outemlobro-

183 3901 226 3952 tuo
243 3902 346 3952 dietum
364 3903 437 3952 esset
453 3901 600 3952 inficetum.
616 3929 643 3938 -
657 3903 709 3953 Nec
744 3913 803 3950 rum
819 3900 857 3949 ita
876 3901 934 3964 fleri
951 3904 1048 3962 oportet
1068 3900 1205 3962 spatiosos,
1228 3905 1272 3962 ut,

182 3976 256 4026 recito
278 3976 406 4038 cuiquam]
431 3975 470 4026 Ad
493 3990 519 4025 v.
537 3977 615 4026 recito
631 3975 707 4026 lacile
744 3987 802 4025 mou
814 3973 914 4037 priores
930 3974 1107 4037 occupaverint
1123 3975 1194 4035 ὶοαα,
1218 3974 1272 4024 cir-

184 4050 338 4111 cogitatione
353 4048 493 4114 suppletur
504 4061 537 4100 ex
549 4062 575 4098 v.
589 4051 630 4098 rt.
642 4063 709 4100 meos
745 4054 939 4112 cumspectouter
953 4049 1044 4110 reliqui
1061 4055 1125 4100 reeb
1136 4055 1204 4100 sture
1211 4061 1274 4111 poa-

184 4120 284 4186 libelloa,
303 4137 354 4174 nec
370 4126 529 4188 propterea,
556 4123 628 4188 quod
645 4137 708 4174 ver-
745 4126 802 4174 siut.
838 4126 940 4174 Seneca
960 4125 1144 4188 specimen
1160 4121 1273 4174 balneu-

185 4193 247 4247 bum
275 4199 428 4249 accusativo
457 4211 549 4250 carere
586 4197 706 4260 videtur,
746 4209 805 4248 rum
828 4198 998 4248 incommode
1018 4199 1070 4248 hoc
1088 4210 1195 4262 quoque
1213 4211 1274 4250 me·

186 4281 245 4320 cum
266 4285 321 4322 uno
344 4273 410 4322 Cod.
433 4272 517 4324 Reutl.
543 4273 578 4334 (et
597 4273 707 4323 Gesneri
747 4273 848 4321 morat:
880 4271 964 4322 Adiice
980 4299 994 4308 -
1011 4273 1125 4334 -illum,
1156 4273 1197 4321 cui
1221 4287 1273 4322 uon
