3018 4970
586 451 807 502 snsrourrcn.
1181 442 1243 508 765

199 612 265 678 Nec
290 629 420 696 semper
442 607 533 674 leriet
555 607 774 694 quodcunque
796 603 968 670 minabitur
989 623 1094 670 arcus.
1181 602 1243 668 350

198 733 317 798 Verum
342 729 396 800 ubi
419 729 512 817 plura
535 730 635 796 nitent
658 729 689 793 in
711 727 866 802 carmine,
891 746 955 792 nou
978 746 1039 812 ego
1060 725 1173 813 paucis

199 850 356 920 Offendor
377 849 526 926 maculis,
549 869 632 937 quas
654 859 709 915 aut
730 849 854 915 incuria
874 848 955 914 ludit

198 975 261 1039 Αιιι
282 971 423 1038 bumana
444 989 559 1058 parum
581 971 665 1038 cavit
686 979 808 1036 nature.
854 969 940 1049 Quid
960 989 1039 1056 ergo
1061 969 1135 1036 est?

200 1093 240 1160 Ut
261 1093 399 1180 scriptor
421 1092 448 1158 si
471 1101 585 1179 peccat
605 1090 692 1159 idem
714 1090 863 1157 librarius
889 1111 1009 1178 usque,

199 1213 354 1292 Quamvis
377 1223 427 1280 est
448 1213 602 1292 monitus,
627 1213 720 1278 venie
743 1222 849 1290 ceret;
872 1222 906 1276 ut
928 1210 1133 1279 citharoedus
1181 1214 1243 1278 355

201 1334 347 1408 Ridetur,
371 1332 494 1402 cborda
515 1334 571 1420 qui
593 1352 723 1420 semper
745 1332 875 1400 oberrat
896 1333 1027 1400 eadem:

189 1503 271 1554 edere
297 1502 405 1554 volebet
431 1503 572 1567 cruquius.
594 1529 620 1540 —
639 1503 696 1554 350.
715 1515 861 1565 qrmcrmqus
876 1515 917 1568 pr.
936 1502 954 1553 d
972 1503 1057 1554 etalii
1075 1503 1160 1555 Codd.
1182 1535 1207 1542 -

188 1577 245 1627 353.
265 1581 347 1640 erpost
362 1577 396 1636 B,
415 1589 475 1640 erqo
493 1577 601 1638 (omisso
619 1576 702 1628 verbo
719 1577 894 1640 substantivo)
912 1579 973 1628 Lct.
995 1606 1022 1614 —
1041 1577 1097 1630 sat.
1115 1580 1148 1630 Ει
1164 1593 1211 1631 su-

187 1663 290 1715 perser.
308 1665 327 1700 ιι
348 1650 375 1701 b.
397 1678 424 1687 -
443 1651 500 1701 355.
520 1656 544 1700 et
566 1651 625 1701 BbT
648 1654 674 1701 et
695 1664 764 1701 corr.
784 1665 807 1701 c.
828 1651 863 1713 (ιιι
880 1651 896 1700 S
914 1654 942 1702 et
958 1664 998 1717 pr.
1018 1665 1046 1714 c,
1066 1669 1100 1703 ιω
1114 1655 1207 1705 etvar.

186 1723 248 1775 leot.
268 1725 305 1786 σ.)
328 1753 353 1761 -
374 1723 430 1775 356.
450 1725 546 1776 oberret
562 1725 602 1776 bT
620 1727 680 1787 (uon
698 1726 789 1788 Bscd).

154 1867 183 1914 vi
200 1863 322 1918 evolsum
339 1877 401 1916 esse
418 1865 452 1916 ab
470 1867 515 1927 iis,
535 1867 580 1929 qui
592 1865 683 1916 melio-
720 1863 863 1929 discipulos
884 1865 974 1916 docuit
995 1879 1113 1931 nuperus
1133 1869 1243 1932 quidem

153 1950 216 1989 rem
233 1940 303 1989 Artis
320 1940 440 2002 poeticae
459 1940 580 1991 ordinem
600 1953 682 2004 quam
721 1938 820 2000 editor,
840 1939 890 2010 sed
901 1939 1012 2004 simplex
1024 1941 1150 1992 futurum.
1164 1970 1191 1979 -
1203 1945 1244 2008 {tc-

155 2013 203 2076 qui
220 2011 320 2076 placuit
336 2015 444 2063 lloretio
459 2015 508 2078 ipsi
520 2015 681 2066 constituere
719 2014 763 2078 dit]
782 2014 922 2064 Continuat
942 2015 1127 2078 metaphoram
1149 2029 1243 2069 mecu-

154 2088 337 2137 oouatisuuti
353 2087 683 2139 SicBouhieriusvv.3l‘l-
719 2086 773 2148 lae,
800 2099 870 2150 quae
892 2087 997 2138 iortulte
1017 2087 1109 2152 liquidi
1133 2089 1243 2143 alicuius

153 2161 214 2212 360.
232 2161 371 2212 collocavit
387 2166 448 2226 post
465 2175 490 2212 v.
504 2162 571 2224 ³78,
590 2161 682 2213 Molle·
719 2163 873 2226 aspersione
883 2163 974 2212 oritur.
985 2162 1066 2213 Simul
1075 2164 1174 2229 optime
1181 2179 1244 2216 con-

152 2238 220 2286 veut
236 2239 297 2300 post
312 2250 338 2286 v.
351 2235 408 2287 stt.
435 2237 488 2287 Sed
511 2239 619 2301 praeter
635 2249 683 2287 su-
718 2235 791 2286 veuit
807 2235 929 2286 tercurtae.

152 2311 247 2375 pertus
263 2310 315 2360 boo
333 2323 416 2360 unum
435 2310 587 2375 exemplum
607 2311 682 2362 istius
775 2323 778 2331 ¹

152 2385 272 2434 insanias
289 2385 410 2445 criticae,
430 2397 526 2449 queea
542 2387 681 2435 Freuclsco
751 2384 872 2437 essese.
892 2389 1026 2454 Qutdorpo
1038 2391 1099 2456 esti]
1116 2391 1240 2456 «Verum,

153 2459 262 2509 Sanctio
274 2460 404 2523 originem
414 2461 500 2522 traxit,
511 2459 591 2511 enimi
601 2471 681 2510 causa
718 2461 748 2508 ut
763 2459 874 2522 video‚»
892 2462 990 2525 iuquit,
1016 2465 1174 2516 «iustissima
1192 2469 1242 2518 hac

152 2545 322 2584 memorasse
340 2533 461 2584 sulficiet.
490 2535 609 2585 Cerritus
625 2535 682 2598 qui·
718 2535 889 2584 excusatione
918 2535 992 2586 abuti
1024 2542 1137 2602 possunt
1163 2542 1243 2592 etiam

153 2609 219 2658 dem
245 2605 287 2658 ille
314 2607 465 2658 Praedilrotr
487 2607 522 2658 eb
539 2609 590 2660 beu
608 2611 681 2659 certe
718 2605 780 2656 meli
789 2611 1012 2672 poetee,quorum
1020 2611 1165 2664 defensioni
1175 2616 1244 2666 iam·

152 2680 263 2732 stultitia
275 2681 424 2745 sibiuevitl
436 2683 498 2732 Tota
512 2685 602 2732 autem
613 2684 681 2734 baec
718 2681 772 2730 iem
791 2693 959 2732 occurram.»
982 2685 1068 2747 Patet,
1089 2689 1120 2736 ut
1138 2689 1241 2754 opinor,

152 2756 277 2806 doctrine
286 2755 320 2806 de
330 2756 452 2808 modeste
460 2757 609 2808 iudicandis
618 2759 682 2808 scri·
717 2767 761 2805 vv.
774 2754 917 2805 dli-353:
942 2757 1133 2810 Surb-cccc
1148 2769 1243 2813 actore

152 2830 276 2896 ptoribus
294 2831 427 2894 primariis
444 2833 550 2895 egregie
562 2833 680 2896 exposite
718 2841 888 2893 nequaquem
900 2841 961 2880 eum
973 2833 1162 2896 interpretibus
1174 2849 1243 2888 uou-

153 2908 198 2956 est
210 2917 225 2954 a
239 2905 366 2968 Dionysio
377 2905 494 2968 Longino
506 2905 545 2955 33.
560 2919 586 2970 p.
600 2905 640 2957 ta.
655 2910 682 2957 et
718 2901 796 2954 uullis
819 2903 976 2955 tribuendos
993 2919 1054 2956 esse
1072 2907 1134 2958 licto
1150 2911 1241 2962 nescio

153 2979 196 3030 36.
214 2990 242 3042 p.
255 2979 296 3028 ιιι.
315 2979 414 3042 Egger:
433 2978 550 3030 ἐκείνων
560 2977 618 3029 τῶν
629 2973 681 3029 eiv-
719 2978 762 3027 eui
778 2977 945 3040 edversario,
965 2979 1013 3030 sed
1025 2981 1131 3034 intimos
1145 2985 1243 3035 lloratii

153 3050 231 3124 δρῶν
249 3049 307 3102 τῶν
323 3051 354 3102 ἐν
371 3047 469 3118 λόγοις
487 3051 681 3120 pernoscatis
718 3063 814 3101 sensus
840 3053 999 3116 exprimere.
1036 3058 1092 3105 «st
1116 3058 1138 3107 si
1163 3057 1243 3108 iutilis

154 3120 282 3190 ἕκαστος
294 3119 409 3177 ἅπαντα
419 3123 455 3176 τὰ
466 3123 627 3192 σφάλματα
638 3127 682 3180 ἑνὶ
719 3125 834 3189 scriptor
842 3125 939 3177 eadem
947 3131 1102 3192 purgatione
1110 3133 1241 3195 ususerit,

153 3199 302 3267 ἐξωντιτιιι
319 3199 456 3264 πολλάκις
478 3199 682 3274 κατορθώματι
718 3199 787 3250 illico
805 3213 868 3250 sum
886 3201 1242 3269 reiutebimusetqueveuie
1324 3261 1328 3270 ,

153 3275 216 3328 κτλ.
230 3301 259 3313 -
272 3289 351 3340 neque
366 3277 460 3326 chordo
477 3277 538 3341 oet]
557 3279 683 3342 Proponit
718 3287 829 3338 prorsus
851 3275 987 3338 iudignum
1005 3277 1191 3330 babebimus.»
1213 3307 1240 3318 -

154 3350 255 3416 duplex
274 3349 428 3415 exemplum
441 3351 539 3402 erroris
551 3363 603 3400 nou
616 3365 682 3401 eou-
717 3350 825 3410 scriptor
836 3375 873 3387 --
884 3349 1016 3413 librarius]
1042 3365 1170 3414 «servus,
1197 3357 1242 3418 qui

154 3425 225 3480 sulto
236 3427 283 3476 aut
293 3425 381 3475 iudicii
393 3427 522 3490 pravitate
534 3427 680 3486 commissi,
717 3421 800 3472 libros
817 3423 944 3476 describit
955 3425 997 3475 vel
1009 3425 1117 3477 domiuo
1129 3427 1243 3480 litterato

154 3499 204 3552 sed
222 3501 311 3564 potius
326 3501 508 3551 instrumentis
519 3501 607 3550 miuus
618 3511 682 3564 per·
717 3494 760 3546 vel
782 3495 974 3562 bibliopolam»
997 3499 1031 3550 de
1055 3513 1169 3565 quorum
1194 3516 1244 3553 ne·

153 3575 232 3628 iectis
252 3576 298 3624 aut
319 3573 362 3624 elli
378 3575 452 3624 casui
469 3573 617 3624 tribuendi:
645 3574 682 3626 si·
718 3569 840 3633 gligentia
857 3585 938 3636 saepe
955 3575 1100 3638 scriptores
1123 3588 1243 3640 conque-

155 3647 235 3699 mlles
256 3649 347 3698 autem
369 3649 452 3698 etiam
475 3649 501 3698 iu
518 3645 682 3698 carminibus
718 3646 821 3694 ruutur.
840 3646 894 3695 Cic.
907 3647 940 3696 ed
956 3648 986 3707 Q.
1000 3648 1109 3700 tratrem
1120 3649 1148 3712 3,
1168 3652 1197 3708 s.
1211 3651 1240 3701 6:

154 3721 305 3788 pangendis
322 3721 446 3772 occidere
463 3733 541 3772 casus
553 3721 682 3772 adversos
718 3720 757 3768 De
771 3720 868 3769 Latinis
885 3719 986 3784 (libris),
1014 3736 1063 3785 quo
1079 3737 1119 3773 me
1134 3729 1241 3787 certam,

154 3795 319 3860 significans,
339 3795 436 3858 quibus
450 3807 512 3845 mox
524 3797 683 3844 annumeret
717 3795 817 3843 neae:
839 3793 878 3843 ito
893 3797 1007 3848 mendose
1022 3803 1046 3848 et
1061 3797 1204 3848 scribuntur
1220 3805 1244 3850 οι

155 3873 238 3922 etium
255 3870 386 3920 lucuriem
407 3867 523 3932 aliquam
540 3869 682 3919 excusabi-
716 3873 830 3918 ιιοιιιιιιιιι,
856 3869 966 3919 Martisl.
978 3873 1005 3933 ι,
1018 3872 1042 3933 8,
1056 3871 1086 3922 3:
1103 3873 1194 3922 Nocttit
1210 3873 1243 3924 li-

154 3945 208 3997 lem
226 3942 270 3994 vel
287 3944 420 3994 humanae
437 3946 548 3993 naturae
560 3943 682 4006 quemvis
718 3942 819 3991 brertm
829 3943 878 3991 illis
894 3943 1016 4008 (obortis).
1028 3952 1155 4009 -peceat
1168 3948 1241 4013 idern]

154 4017 683 4086 perlectissimequaequeatiecteutlsin-
718 3999 904 4080 provulgari:
932 4019 977 4068 ein
998 4021 1095 4072 eodem
1113 4026 1240 4086 peccam

154 4094 320 4144 tirmitetem.
340 4118 367 4127 -
385 4090 533 4154 ιιιιιιιτιιιιιι]
553 4090 683 4141 ιιιιιιιιιιὶ-
720 4090 811 4140 «idem
832 4094 973 4154 peceatum
993 4106 1103 4159 semper
1118 4097 1243 4146 commit·

155 4173 202 4218 tur
217 4167 309 4224 ierire,
328 4177 384 4227 quo
400 4177 462 4215 eum
477 4166 603 4228 sagittarii
620 4178 682 4215 ocu-
718 4165 774 4214 tit.»
801 4164 844 4213 Sic
861 4165 940 4214 etiem
959 4167 1013 4216 Cio.
1028 4167 1061 4217 de
1073 4171 1103 4218 N.
1117 4171 1148 4220 D.
1163 4172 1186 4230 t,
1201 4171 1240 4230 lb,

155 4241 198 4292 lus
214 4251 367 4303 manusque
384 4239 497 4303 dirigit.»
510 4267 536 4275 -
554 4239 681 4303 Offendor]
720 4239 747 4289 3l
763 4251 768 4286 :
786 4237 967 4300 Konopion„
978 4241 1064 4289 eaden
1078 4243 1131 4304 sere
1144 4248 1240 4306 peccat.

155 4317 215 4367 ιιοιι
233 4315 276 4364 est
293 4312 405 4365 «modus
425 4311 636 4377 coniecturalis·
654 4316 684 4364 ut
722 4339 749 4351 -
767 4311 877 4377 οιιιτιιι]
901 4313 965 4376 «qui
985 4314 1125 4366 incudem
1142 4317 1241 4369 chordo
