3156 4972
303 387 366 454 296
690 390 820 440 nonani
837 391 1019 444 sarrnnauu

347 545 428 614 Utne
450 554 555 632 tegam
578 565 696 632 spurco
718 547 839 614 Damae
862 546 969 614 latus?
991 547 1085 615 Haud
1111 549 1153 614 ita
1176 549 1288 617 Troiae

346 668 396 734 lile
419 666 505 753 gessi
528 676 656 733 certans
678 688 808 756 semper
830 669 1028 736 melioribus.
1073 672 1156 757 Ergo

345 790 474 875 Pauper
495 789 569 855 eris.
613 791 741 856 Fortem
763 788 826 857 hoo
847 791 990 857 animum
1011 791 1150 859 tolerare
1173 792 1309 873 iubeb03
1346 794 1385 858 ιθ

345 910 384 976 Ει
405 909 569 997 quondam
590 911 713 978 maiora
735 911 801 977 tuli.
846 913 890 977 Tu
912 911 1073 999 protinus,
1097 913 1184 980 unde

344 1031 478 1098 Divitias
501 1008 653 1120 aerisque¹
674 1053 782 1109 ruam,
807 1032 859 1101 dio
881 1053 999 1120 augur,
1023 1053 1168 1101 acervos.

344 1152 416 1218 Dixi
439 1152 593 1240 equidem
618 1163 650 1220 et
671 1153 760 1221 dico:
784 1164 894 1241 captes
917 1163 1040 1221 astutus
1062 1154 1186 1244 ubique

346 1276 548 1341 Testamenta
569 1294 697 1352 senum,
721 1295 800 1352 neu,
824 1276 851 1342 si
869 1275 959 1342 valer
979 1297 1064 1342 unus
1086 1287 1119 1343 et
1141 1276 1221 1343 alter

345 1394 569 1462 Insidiatorem
590 1416 747 1483 praeroso
768 1396 885 1484 fugerit
906 1396 1015 1473 harno,
1347 1400 1386 1466 25

370 1574 410 1625 rs.
429 1575 490 1625 taur
506 1571 536 1626 n.
557 1602 586 1612 -
614 1549 682 1627 irata
699 1577 728 1626 s.
749 1603 777 1612 -
803 1575 844 1626 ao.
862 1574 948 1626 mano
964 1574 991 1626 n.
1012 1602 1041 1612 -
1068 1577 1109 1626 ar.
1128 1578 1225 1628 marea
1250 1579 1355 1641 (animo)

269 1693 273 1706 ‚
335 1649 365 1699 E.
386 1675 413 1686 -
428 1655 550 1712 protonat
565 1649 650 1702 Bentl.
671 1680 698 1689 -
722 1651 764 1701 it.
783 1663 872 1702 aruum
888 1666 916 1713 o,
941 1657 1040 1703 simum
1057 1653 1198 1704 Schrader.
1219 1679 1247 1692 -
1267 1653 1309 1706 il.
1326 1667 1357 1704 na

337 1737 471 1789 superscr.
489 1739 508 1775 ο
523 1723 550 1774 b.

304 1876 477 1926 animadverti
490 1877 827 1940 nonpoterat‚uterprio-
864 1875 916 1925 ooeit
931 1877 1035 1926 Moroos
1052 1877 1146 1927 Danau.
1182 1877 1261 1928 «ilino
1276 1885 1387 1928 οοιοον-

302 1965 361 2003 rem
382 1951 472 2004 locum
492 1953 519 2002 in
535 1950 697 2002 ambulando
714 1964 827 2015 oocupa·
862 1949 917 2013 sene
928 1951 1119 2001 Sctooonaeeto.»
1138 1950 1244 2002 Cisal.
1259 1953 1329 2014 ι,6,
1347 1951 1385 2002 38.

302 2029 370 2077 ret.»
399 2053 426 2062 -
455 2027 515 2076 Utna
539 2026 602 2090 eat]
628 2027 655 2076 in
680 2039 760 2089 prosa
784 2038 824 2075 or.
866 2048 894 2060 -
932 2025 1044 2089 eertum]
1079 2025 1249 2077 «aemulatus
1281 2039 1388 2091 semper

304 2114 405 2165 «egone
422 2103 452 2150 ut
469 2102 591 2164 tegam‘lr
620 2101 724 2152 Terent.
744 2098 825 2156 Andr,
864 2097 992 2150 Achillem
1010 2102 1037 2149 et
1057 2101 1191 2150 Aiacem.»

304 2177 333 2236 t,
352 2176 380 2236 5,
404 2175 453 2224 28:
482 2175 545 2224 Eine
566 2185 612 2237 epo
633 2178 662 2223 ut
686 2173 828 2224 adversor?
896 2175 985 2224 20-26.
1004 2174 1057 2238 ltoe]
1076 2188 1129 2225 non
1148 2175 1329 2238 «paupertatis
1347 2175 1388 2224 in·

303 2249 372 2298 Seite
396 2249 475 2298 heros
492 2260 546 2298 non
562 2249 619 2299 sine
637 2246 723 2311 alique
740 2249 828 2298 retra·
864 2249 1051 2299 oommodum»
1075 2249 1112 2312 (ut
1133 2251 1272 2302 Daoierins
1294 2249 1387 2314 allique

303 2323 417 2373 statione
450 2323 566 2372 Tiresiae
600 2322 827 2373 exhortationibus
865 2325 1058 2388 exposuerunt,
1071 2323 1098 2374 id
1111 2323 1182 2387 quod
1195 2327 1389 2390 propepugnat

303 2410 398 2448 aurern
418 2396 540 2461 praebet.
561 2423 589 2434 -
607 2396 826 2461 iopam--tatusJ
865 2410 927 2448 oum
944 2411 1021 2462 seqq.
1048 2398 1082 2448 Ta
1099 2398 1218 2460 protinas
1240 2399 1317 2464 eet),
1341 2397 1388 2450 sed

303 2474 395 2522 luven.
406 2471 431 2531 3,
445 2470 507 2520 tat:
531 2471 623 2520 Divitis
633 2473 672 2520 irio
683 2472 749 2520 serui
758 2471 829 2520 otau-
865 2469 950 2522 «hino
966 2474 1053 2537 ipsam
1076 2473 1260 2536 ignominiam,
1288 2476 1317 2524 ut
1340 2473 1389 2523 lro·

303 2547 339 2596 dit
370 2545 437 2595 tatas
462 2547 630 2608 inpaaoomm
655 2547 746 2596 Filias:
781 2546 827 2596 ubi
864 2547 928 2596 mini
955 2546 1076 2611 improbo
1098 2549 1179 2610 atque
1205 2547 1298 2598 interni
1323 2546 1388 2597 lutus

303 2619 402 2672 schol:
422 2620 463 2671 «in
480 2619 742 2671 sinistraambutat.»
761 2623 828 2671 Sue-
864 2624 965 2684 tegam,
984 2623 1117 2684 patienter
1133 2620 1283 2681 tolerabo;»
1304 2624 1334 2671 ut
1349 2633 1389 2670 re·

303 2698 359 2746 ton.
378 2693 469 2746 Claud.
489 2694 537 2745 il:
567 2696 664 2746 Plautio
688 2697 828 2746 ovationem
865 2699 907 2746 ote
932 2695 1122 2760 interpretetus
1148 2698 1190 2746 est
1214 2697 1341 2746 llilntzer.
1361 2721 1387 2732 ·-

303 2770 411 2820 decrerat
434 2768 575 2832 (Claudius)
597 2771 756 2834 inpressoque
780 2785 827 2820 or·
864 2770 971 2820 tolerare
987 2769 1081 2834 iubeto]
1105 2769 1215 2820 Parodia
1238 2770 1387 2828 Homerica,

303 2843 357 2894 loru
373 2843 472 2893 obuiam
491 2857 641 2908 propraetor
659 2849 683 2895 τι
706 2847 734 2895 in
750 2846 828 2908 Capi-
864 2845 959 2910 Odyss.
971 2859 1001 2906 ο,
1017 2845 1060 2894 ta:
1080 2843 1200 2895 Τέτλαθι
1211 2840 1262 2909 δή,
1275 2841 1397 2916 κρατοίη·Ι

303 2919 390 2968 lolium
406 2920 474 2968 eunti
490 2924 513 2968 et
529 2921 586 2970 inda
595 2921 828 2970 rursusreuerteeti
864 2919 913 2968 και
938 2915 1075 2989 κύντερον
1100 2913 1172 2968 ἄλλο
1198 2920 1261 2968 τοτ’
1290 2916 1387 2984 ἔτλης,

303 2994 384 3044 tatas
401 2995 486 3044 texit.
522 2995 673 3060 Eutrop.l,
694 2995 738 3046 ta:
767 2997 828 3046 Tam
865 2995 1008 3058 quoquest
1024 2993 1168 3057 proverbio
1186 2993 1390 3046 insohollsute-

302 3069 382 3119 doilis
397 3069 466 3119 eirea
483 3071 605 3131 quosdam
621 3071 715 3120 nmmos
734 3072 828 3121 exstitit
864 3069 970 3120 bantur.
1006 3069 1110 3119 Maxim.
1125 3069 1186 3131 Tyr.
1200 3069 1282 3128 t‚·T:
1299 3063 1390 3134 Ἀνάγ-

304 3143 457 3208 (Claudius),
474 3146 729 3197 denuntiantium
739 3148 828 3197 triam-
864 3160 902 3209 κη
919 3138 970 3192 τὸν
981 3137 1176 3215 ἀνθρωπίνοις
1193 3139 1389 3208 συμπτώμασι

298 3221 420 3282 plantem
440 3221 492 3282 ipsa
506 3226 650 3283 sequeretur
665 3226 689 3272 at
710 3235 828 3272 conscea-
865 3215 1108 3290 περιβαλλόμενον
1135 3213 1275 3280 πολλάκις
1299 3215 1387 3284 βοᾷν·

302 3296 369 3346 tona
394 3295 545 3356 Capitolium
573 3295 679 3345 laeuus
705 3297 827 3346 incedo-
865 3293 986 3345 Τέτλαθι
1003 3291 1062 3343 κτλ.
1084 3318 1110 3329 -
1127 3293 1252 3358 pretinm]
1271 3293 1386 3353 anirg.

301 3373 359 3418 rot.
399 3368 487 3432 Tepora
511 3369 578 3419 latua
599 3369 737 3431 dicebant,
764 3371 826 3433 quia
864 3367 1043 3430 Aen.3‚llti.
1063 3367 1323 3430 edebantprotenas,
1342 3363 1388 3416 sed

302 3441 408 3494 laevum
434 3441 501 3493 latus
523 3443 653 3494 infirmius
670 3447 697 3494 et
718 3458 827 3508 aggres-
864 3445 981 3506 Wagner
993 3444 1018 3493 in
1032 3441 1098 3493 Edit.
1113 3444 1234 3505 Ortlrogr.
1244 3442 1389 3504 protinuse

301 3517 369 3569 sioni
392 3517 476 3579 magis
499 3519 648 3580 expositum
674 3522 724 3570 est.
760 3520 826 3572 lluic
864 3519 929 3569 Cod.
949 3517 1077 3568 Medioao.
1103 3543 1130 3552 -
1155 3519 1240 3578 mm]
1265 3527 1386 3574 «eruam,

302 3587 498 3663 ἀντίστροφον
516 3595 570 3642 est:
598 3595 664 3654 quod
676 3593 827 3656 primosta-
863 3607 978 3658 propere
1004 3593 1068 3644 milri
1099 3605 1219 3657 parem.»
1259 3591 1291 3640 V.
1317 3600 1389 3639 ram

302 3669 347 3718 tim
363 3668 417 3729 dio,
437 3666 574 3730 (Traiane)
593 3667 659 3716 tutus
679 3673 750 3719 tamn
770 3683 826 3720 ere-
863 3668 998 3718 transitive
1016 3669 1173 3730 usurpatum
1190 3667 1245 3726 est,
1263 3663 1387 3714 ulPlaut.

301 3744 371 3793 dores
386 3741 524 3791 omnitusn
551 3740 616 3792 Pliu.
630 3743 725 3805 Paneg.
739 3743 780 3794 23.
796 3772 822 3780 -
862 3741 971 3802 ltudel,
985 3742 1013 3802 6,
1026 3743 1071 3793 ta:
1090 3741 1128 3792 lot
1142 3749 1391 3800 nioeormoraposto

299 3817 408 3882 Domus]
427 3816 543 3866 «homini
559 3814 636 3865 alicui
653 3815 695 3865 vili
713 3831 745 3867 nc
762 3831 826 3882 per·
862 3817 947 3867 αιτιοι
963 3817 1071 3867 divitius.
1107 3817 1178 3880 virg.
1201 3817 1247 3866 Ge.
1272 3816 1300 3876 l,
1324 3813 1387 3864 tos:

300 3893 369 3952 dito,
389 3890 496 3955 qualern
508 3893 536 3940 tu
548 3890 739 3955 descripsisti.»
767 3895 825 3943 Non
861 3891 1020 3954 cumulosque
1031 3892 1083 3941 mit
1092 3891 1158 3940 moto
1171 3890 1274 3954 pinquis
1285 3899 1388 3938 arenas.

300 3967 407 4018 videtur
422 3979 538 4030 persona
556 3967 643 4025 certa,
669 3979 739 4029 quae
761 3969 824 4018 tuno
861 3969 926 4017 Aen.
946 3967 991 4028 ιι,
1010 3967 1076 4016 att:
1106 3971 1130 4015 ot
1154 3965 1261 4030 oooptso
1283 3962 1390 4014 ποιοτι

300 4043 326 4091 in
350 4041 415 4090 vivis
437 4041 526 4105 luerit,
553 4041 601 4092 sed
625 4053 723 4091 nonren
747 4055 824 4092 conr·
862 4039 993 4104 (celeriter
1020 4038 1192 4104 colligebant)
1223 4039 1284 4088 Ossa
1315 4035 1385 4099 socia.

300 4128 381 4167 mune
406 4115 520 4166 hominis
538 4113 640 4166 servilis
665 4114 716 4166 loci
741 4118 822 4178 atque
861 4113 945 4166 codd.
967 4113 1027 4180 aliq.
1049 4127 1138 4164 mrum
1166 4115 1208 4164 est
1235 4110 1386 4176 glossema3

300 4187 409 4248 indolis,
435 4191 465 4239 ut
490 4203 549 4240 mox
576 4205 601 4240 v.
624 4191 679 4240 tot.
699 4191 727 4239 et
751 4190 822 4255 apud
859 4196 956 4241 siniam
972 4192 1063 4240 autern
1080 4188 1144 4254 illud
1156 4187 1296 4238 Schraderl
1310 4182 1387 4237 tillxls

298 4265 419 4315 Persium
441 4265 469 4327 a,
496 4265 545 4314 78:
571 4271 694 4317 monento
717 4265 824 4316 turbinis
859 4266 1038 4331 impatientiae
1048 4265 1119 4316 haud
1133 4265 1259 4316 convenil
1267 4274 1298 4313 ac
1309 4271 1390 4325 prae·
