3174 4974
576 475 636 526 ue.
655 475 686 526 44.
722 476 820 528 erist.
840 478 859 526 1.

213 631 260 697 Ne
282 630 417 698 rubeam
438 631 548 718 pingui
572 631 709 698 donatus
731 647 882 712 munere,
907 644 1025 702 44004

214 753 295 818 Cum
317 753 474 842 scriptore
496 773 570 820 mco
593 773 691 841 capsa
713 765 882 843 porrectus
905 765 1017 844 aperta

214 873 348 960 Deierpr
369 875 402 941 in
423 875 531 944 vicum
552 875 744 944 vendentem
767 875 840 943 thus
863 887 896 944 ot
916 877 1035 946 odores

213 997 252 1062 Et
270 997 366 1084 piper
387 1006 419 1064 et
441 996 600 1086 quidquid
622 996 741 1064 chartis
763 999 910 1066 amicitur
933 1000 1058 1088 ineptis.
1194 1003 1257 1071 270

204 1197 329 1260 quattuor
346 1194 486 1256 Schmidii,
506 1197 592 1246 Lexic.
611 1197 682 1258 44444,
703 1197 736 1259 C,
755 1196 888 1248 Bentleius
907 1202 934 1248 et
950 1201 983 1250 44.
1005 1227 1032 1236 -
1050 1201 1108 1251 469,
1125 1203 1225 1252 odorem

205 1269 258 1319 duo
276 1268 410 1319 Schmidii.
429 1296 454 1306 -
475 1271 533 1320 470.
553 1271 678 1334 amicitur]
696 1273 839 1322 involvatur
855 1274 958 1337 primus
975 1275 1100 1326 Schmidii
1118 1289 1133 1326 e
1153 1275 1226 1340 glos-

205 1348 317 1395 semate.
338 1369 365 1380 -
385 1345 500 1408 innuptis
518 1345 583 1396 Cod.
598 1344 641 1396 Sil.
654 1359 778 1411 unusque
797 1347 874 1398 Feae.
894 1347 933 1411 (V.
946 1348 985 1411 P.)

172 1515 263 1564 manet
279 1513 366 1576 imago
383 1527 409 1562 v.
426 1519 568 1576 porrectus,
587 1513 609 1564 si
627 1510 697 1563 mul·
733 1525 837 1564 400044.
858 1538 886 1549 -
904 1514 996 1576 metm]
1013 1515 1137 1566 Tuscum.
1156 1517 1204 1568 Hic
1220 1519 1259 1569 vi-

172 1585 256 1637 444040
272 1591 428 1652 porrectum
444 1588 530 1650 videt,
550 1587 623 1652 quod
640 1587 697 1637 fieri
734 1599 782 1638 cus
800 1587 861 1650 (Sat.
874 1589 903 1648 4,
922 1588 953 1649 3,
972 1589 1039 1652 4484
1065 1590 1092 1639 iu
1114 1589 1258 1644 14004044-

171 1674 223 1711 000
242 1664 331 1725 potest
345 1663 371 1712 iu
383 1676 462 1727 capsa
475 1667 578 1726 000440,
597 1661 695 1712 clausa.
733 1665 803 1713 riore
816 1661 892 1714 Urbis
903 1665 974 1724 erat;
992 1664 1054 1714 hinc
1064 1667 1172 1729 proprie
1183 1679 1260 1718 usur·

171 1737 252 1788 444044
269 1737 336 1786 Fen:
365 1739 477 1802 «Aptius
495 1742 537 1790 444
552 1751 578 1787 v.
597 1741 696 1800 operm,
733 1740 780 1802 pat
797 1751 821 1786 v.
840 1737 948 1799 datam.
965 1763 990 1776 -·
1011 1740 1106 1804 Mores]
1125 1739 1258 1805 «liquores

170 1814 201 1862 ut
225 1811 294 1862 liber
319 1811 414 1864 nullius
437 1815 532 1877 pretii,
559 1816 697 1876 tamquam
734 1812 860 1862 odoratos
877 1813 958 1875 44004
970 1815 1131 1875 unguenta.»
1146 1840 1174 1850 -
1188 1817 1260 1879 quta.

172 1886 287 1936 cedaver
299 1887 413 1950 ignobile
425 1888 459 1938 ed
471 1886 602 1952 puticules
614 1887 698 1938 omni·
734 1885 801 1951 quid]
820 1887 849 1935 ut
865 1885 983 1936 scombri
1002 1887 1082 1949 (Pers.
1098 1888 1127 1948 4,
1142 1888 1193 1954 43.)
1211 1904 1259 1940 04-

171 1958 222 2010 bus
238 1959 355 2020 visibile,
384 1960 484 2010 teratur
505 1962 531 2010 in
555 1973 636 2024 capsa
653 1959 697 2010 viii
734 1964 844 2024 tereque
861 1957 986 2022 44404444.
1012 1959 1065 2010 Cir.
1083 1963 1159 2013 Mart.
1172 1964 1202 2026 6,
1215 1966 1257 2028 644,

171 2037 264 2098 apertu
287 2033 390 2085 cunctis
414 2033 514 2085 derisui
532 2036 559 2084 44
576 2038 697 2094 contem·
735 2035 764 2084 7:
785 2035 866 2096 Quum
882 2033 954 2083 matti
971 2035 1051 2084 tineus
1067 2042 1177 2098 puscrmt
1192 2037 1259 2088 blut-

171 2109 226 2172 ptui
250 2108 276 2157 in
293 2109 381 2158 vicum
403 2109 552 2158 thurarium
569 2110 697 2159 amicieu-
734 2114 821 2170 404004
838 2109 935 2171 diserti,
953 2109 986 2160 Et
1003 2111 1127 2160 redimunt
1143 2112 1189 2161 4044
1201 2127 1259 2162 cur-

171 2181 212 2232 dis
238 2181 380 2242 scombris,
413 2183 538 2246 thurique
562 2185 588 2234 et
613 2183 697 2248 piperi
733 2175 803 2232 minis
815 2183 1185 2248 4404000044-4000444]444οο
1194 2201 1258 2238 casu

172 2255 360 2320 excipiendis.»
390 2258 524 2320 (Ceterum
554 2260 696 2308 auctoritas
733 2256 978 2308 Wakefieldiiconi.
993 2259 1259 2320 inemptitconflrma-

171 2334 281 2382 externa
291 2333 429 2395 utriusque
441 2330 560 2382 lectionis
569 2338 660 2395 opertu
671 2335 698 2384 44
734 2335 777 2381 tur
792 2345 807 2381 e
826 2331 910 2382 codd.
923 2330 984 2396 aliq.
998 2334 1025 2382 et
1037 2333 1102 2383 edd.
1116 2337 1181 2385 vett.
1195 2336 1258 2400 (uon

170 2411 267 2468 opertu,
287 2409 315 2456 ut
332 2406 415 2456 habet
430 2407 496 2457 Veu.
510 2406 595 2470 4484,
613 2421 696 2473 prope
733 2410 822 2458 tamen
834 2409 901 2459 Veu.
915 2407 997 2471 4484.)
1022 2408 1090 2470 Sed,
1108 2411 1138 2459 ut
1153 2412 1258 2462 4400440

171 2493 220 2546 par
245 2482 296 2531 est.
328 2483 453 2532 Nostram
475 2481 599 2545 praetulit
616 2483 696 2533 etiam
732 2481 863 2534 vocabulo
888 2483 989 2544 ineptis,
1016 2483 1089 2546 quod
1116 2482 1258 2536 subridere

171 2554 362 2618 wyttenbach.
376 2557 449 2607 44440.
460 2557 582 2608 4400404.
593 2558 695 2621 04474.)
732 2571 781 2608 004
799 2558 882 2620 cogit,
902 2554 985 2606 multo
1003 2559 1089 2621 aptius
1101 2555 1188 2608 claudi
1203 2560 1259 2622 epi·

172 2631 221 2680 440
246 2628 335 2680 multis
358 2632 385 2679 44
407 2630 485 2680 bonis
501 2629 575 2682 libris
593 2644 625 2682 cx
642 2631 697 2681 ire·
733 2629 827 2682 stolam
849 2643 973 2694 quamv.
991 2631 1118 2693 innuptis,
1142 2631 1256 2691 accedit,

171 2707 261 2768 004044
274 2704 428 2754 0004044404
441 2710 537 2766 opertu,
552 2704 625 2767 quud
637 2707 696 2768 004-
732 2704 805 2769 quod
832 2718 857 2754 v.
886 2705 1024 2764 inerrptus,
1051 2703 1097 2753 ubi
1125 2707 1259 2768 reperitur

169 2777 222 2829 bus
238 2777 341 2842 piacet,
360 2779 391 2829 iis
403 2777 550 2828 videndum
568 2781 610 2828 444
626 2778 695 2828 male
733 2775 823 2844 (Epod.
837 2777 862 2836 4,
875 2776 922 2827 ts:
941 2777 1025 2838 Dupes
1036 2777 1171 2838 innuptus,
1184 2777 1256 2840 Virg.

170 2851 317 2902 laceratum
346 2865 377 2902 ac
403 2850 538 2902 foedatum
567 2851 694 2913 cadaver,
732 2849 881 2911 (44.4,433ι
896 2849 1257 2914 dupibus--tnemptr's,),nou

171 2927 261 2992 quod,
291 2939 325 2977 ne
354 2925 444 2977 oculos
468 2928 695 2991 praetereuntium
731 2926 861 2990 significet
887 2937 933 2986 ea,
961 2938 1030 2988 0044
1055 2928 1166 2990 propter
1182 2939 1258 2976 sum-

170 3001 267 3063 lacdet,
281 3002 383 3052 iniectis
395 3000 517 3064 stragulis
533 3002 637 3064 tegitur.
655 3001 697 3052 Al·
731 3013 817 3061 mam,
836 3001 863 3050 in
875 3013 927 3064 004
942 3002 1042 3061 440404,
1061 3000 1256 3064 neglectiouem

170 3081 226 3127 tera
253 3079 343 3126 tumen
364 3074 443 3126 lectio
461 3076 546 3138 magis
562 3076 598 3126 ad
614 3075 696 3127 libros
732 3074 837 3126 anullo
854 3077 994 3136 emuntur,
1012 3089 1107 3126 verum
1120 3088 1188 3139 quaa
1201 3088 1256 3126 non

170 3151 374 3202 accommodata
392 3154 447 3211 444,
467 3151 527 3214 004,
546 3152 568 3201 44
580 3149 644 3201 boni
656 3163 696 3202 es·
733 3151 822 3214 empta
839 3152 916 3211 suut,
944 3151 1007 3210 sed,
1033 3153 1063 3200 ut
1080 3149 1163 3214 dapes
1181 3149 1254 3210 illae,

170 3227 242 3284 sent,
270 3225 358 3288 capsis
381 3225 458 3275 caute
476 3223 695 3287 contegebantur,
733 3237 765 3274 ex
791 3223 891 3276 domiui
917 3225 1000 3280 hortis
1025 3226 1165 3290 pascuisve
1191 3237 1255 3290 pru-

170 3299 192 3350 si
210 3297 289 3362 viles,
317 3300 401 3364 aperti
418 3298 568 3350 iacebant.»
586 3301 696 3352 4440440-
732 3300 872 3350 venerunt.

491 3673 930 3734 uxamensi.

237 3836 321 3887 «Tres
337 3834 396 3886 llbri
413 3835 492 3885 butus
508 3833 620 3884 secundi
637 3832 789 3899 Epistulae»
808 3835 867 3898 (etsi
884 3845 933 3884 uos
944 3831 1066 3884 consulto
1076 3831 1111 3883 ab
1124 3833 1175 3883 hoc
1186 3831 1255 3883 libro

169 3920 353 3982 separavimus
369 3919 454 3970 444444
465 3917 604 3982 poeticum)
622 3916 786 3968 «consimilis
800 3917 1000 3982 quodammodo
1016 3919 1079 3969 suut
1095 3918 1253 3980 argumenti,

168 4013 231 4051 cum
255 4000 373 4064 singulae
391 3999 423 4051 ad
447 4002 537 4065 poesis
555 4000 641 4052 studia
658 4001 817 4065 pertineant.
853 4003 882 4050 40
899 4002 985 4065 prima
1002 4002 1074 4051 euim
1091 4001 1254 4063 antiquiores

167 4087 265 4148 poetae
277 4085 388 4136 Romani
400 4097 460 4135 cum
473 4083 668 4134 recentioribus
679 4084 773 4134 4444444
784 4086 944 4147 augusteos,
963 4087 1043 4148 atque
1055 4085 1164 4135 omnino
1176 4086 1255 4134 Grae·

167 4179 217 4217 cae
234 4170 323 4232 poesis
340 4169 448 4218 historia
467 4171 494 4218 et
512 4166 613 4219 indoles
631 4181 693 4219 cum
710 4170 765 4218 toto
782 4169 916 4219 Romanae
933 4181 1047 4232 genere,
1065 4168 1253 4229 conteruntur,

167 4251 195 4301 in
221 4250 303 4302 attera
331 4255 422 4303 narrat
447 4251 568 4302 Horatius
593 4251 627 4302 dc
649 4252 704 4302 suis
721 4251 815 4302 studiis
831 4251 957 4316 poeticis,
984 4253 1048 4301 tuuc
1065 4251 1173 4316 quidem
1191 4265 1206 4300 a
1223 4265 1253 4302 se

167 4333 312 4398 depositis,
339 4337 419 4398 atque
445 4334 479 4385 de
506 4333 651 4386 multorum
672 4335 713 4385 404
735 4335 863 4400 temporis
880 4335 1018 4399 poetarum
1036 4336 1210 4399 perversitate
1228 4339 1255 4388 et

257 4427 349 4473 ttonar.
366 4437 423 4474 ror..
440 4426 466 4473 44.
498 4437 537 4472 aa.
554 4437 605 4474 0444.
623 4425 659 4502 til.
1024 4424 1049 4472 44
