<?xml version="1.0" encoding="UTF-8"?>
<!DOCTYPE html PUBLIC "-//W3C//DTD XHTML 1.0 Transitional//EN"
    "http://www.w3.org/TR/xhtml1/DTD/xhtml1-transitional.dtd">
<html xmlns="http://www.w3.org/1999/xhtml" xml:lang="en" lang="en">
 <head>
  <title>
</title>
<meta http-equiv="Content-Type" content="text/html;charset=utf-8" />
  <meta name='ocr-system' content='tesseract 3.04.00' />
  <meta name='ocr-capabilities' content='ocr_page ocr_carea ocr_par ocr_line ocrx_word'/>
</head>
<body>
  <div class='ocr_page' id='page_1' title='image "./qhoratiusflaccu01baitgoog_0366.png"; bbox 0 0 3156 4972; ppageno 0'>
   <div class='ocr_carea' id='block_1_1' title="bbox 584 442 1277 510">
    <p class='ocr_par' dir='ltr' id='par_1_1' title="bbox 584 442 1277 510">
     <span class='ocr_line' id='line_1_1' title="bbox 584 442 1277 510; baseline -0.003 -13"><span class='ocrx_word' id='word_1_1' title='bbox 584 445 645 498; x_wconf 80' lang='lat' dir='ltr'>un.</span> <span class='ocrx_word' id='word_1_2' title='bbox 664 445 694 496; x_wconf 87' lang='lat' dir='ltr'>n.</span> <span class='ocrx_word' id='word_1_3' title='bbox 729 446 797 497; x_wconf 75' lang='lat' dir='ltr'>sar.</span> <span class='ocrx_word' id='word_1_4' title='bbox 816 445 881 497; x_wconf 85' lang='lat' dir='ltr'>vrn.</span> <span class='ocrx_word' id='word_1_5' title='bbox 1220 442 1277 510; x_wconf 74' lang='lat'>351</span> 
     </span>
    </p>
   </div>
   <div class='ocr_carea' id='block_1_2' title="bbox 234 601 1282 1061">
    <p class='ocr_par' dir='ltr' id='par_1_2' title="bbox 239 601 1147 681">
     <span class='ocr_line' id='line_1_2' title="bbox 239 601 1147 681; baseline -0.009 -5"><span class='ocrx_word' id='word_1_6' title='bbox 239 605 423 676; x_wconf 88' lang='lat' dir='ltr'>Pervellunt</span> <span class='ocrx_word' id='word_1_7' title='bbox 443 602 661 681; x_wconf 88' lang='lat' dir='ltr'>stomachum,</span> <span class='ocrx_word' id='word_1_8' title='bbox 685 603 783 678; x_wconf 90' lang='lat' dir='ltr'>siser,</span> <span class='ocrx_word' id='word_1_9' title='bbox 807 602 901 678; x_wconf 80' lang='lat' dir='ltr'>allec,</span> <span class='ocrx_word' id='word_1_10' title='bbox 925 601 1049 670; x_wconf 82' lang='lat' dir='ltr'>saecula</span> <span class='ocrx_word' id='word_1_11' title='bbox 1072 604 1147 670; x_wconf 84' lang='lat' dir='ltr'>Coa.</span> 
     </span>
    </p>

    <p class='ocr_par' dir='ltr' id='par_1_3' title="bbox 238 724 1282 939">
     <span class='ocr_line' id='line_1_3' title="bbox 238 724 1282 814; baseline -0.005 -18"><span class='ocrx_word' id='word_1_12' title='bbox 238 731 296 797; x_wconf 89' lang='lat' dir='ltr'>His</span> <span class='ocrx_word' id='word_1_13' title='bbox 317 728 373 796; x_wconf 92' lang='lat' dir='ltr'>ubi</span> <span class='ocrx_word' id='word_1_14' title='bbox 395 726 531 794; x_wconf 90' lang='lat' dir='ltr'>sublatis</span> <span class='ocrx_word' id='word_1_15' title='bbox 552 745 635 814; x_wconf 91' lang='lat' dir='ltr'>puer</span> <span class='ocrx_word' id='word_1_16' title='bbox 657 724 719 791; x_wconf 84' lang='lat' dir='ltr'>alte</span> <span class='ocrx_word' id='word_1_17' title='bbox 741 725 864 793; x_wconf 91' lang='lat' dir='ltr'>cinctus</span> <span class='ocrx_word' id='word_1_18' title='bbox 886 745 1036 794; x_wconf 86' lang='lat' dir='ltr'>acernam</span> <span class='ocrx_word' id='word_1_19' title='bbox 1242 727 1282 793; x_wconf 87' lang='lat' dir='ltr'>t0</span> 
     </span>
     <span class='ocr_line' id='line_1_4' title="bbox 240 846 1091 939; baseline -0.007 -19"><span class='ocrx_word' id='word_1_20' title='bbox 240 853 390 939; x_wconf 83' lang='lat' dir='ltr'>Gausupe</span> <span class='ocrx_word' id='word_1_21' title='bbox 412 868 579 938; x_wconf 89' lang='lat' dir='ltr'>purpureo</span> <span class='ocrx_word' id='word_1_22' title='bbox 601 868 746 915; x_wconf 89' lang='lat' dir='ltr'>mensam</span> <span class='ocrx_word' id='word_1_23' title='bbox 768 848 932 935; x_wconf 82' lang='lat' dir='ltr'>pertersit,</span> <span class='ocrx_word' id='word_1_24' title='bbox 957 859 989 916; x_wconf 89' lang='lat' dir='ltr'>et</span> <span class='ocrx_word' id='word_1_25' title='bbox 1010 846 1091 915; x_wconf 89' lang='lat' dir='ltr'>alter</span> 
     </span>
    </p>

    <p class='ocr_par' dir='ltr' id='par_1_4' title="bbox 234 969 1079 1061">
     <span class='ocr_line' id='line_1_5' title="bbox 234 969 1079 1061; baseline -0.004 -21"><span class='ocrx_word' id='word_1_26' title='bbox 234 973 385 1061; x_wconf 82' lang='lat' dir='ltr'>&#39;Sublegit</span> <span class='ocrx_word' id='word_1_27' title='bbox 406 973 626 1061; x_wconf 87' lang='lat' dir='ltr'>quodcunque</span> <span class='ocrx_word' id='word_1_28' title='bbox 648 971 769 1037; x_wconf 87' lang='lat' dir='ltr'>iaceret</span> <span class='ocrx_word' id='word_1_29' title='bbox 792 969 901 1037; x_wconf 88' lang='lat' dir='ltr'>inutile</span> <span class='ocrx_word' id='word_1_30' title='bbox 923 969 1079 1058; x_wconf 89' lang='lat' dir='ltr'>qnodque</span> 
     </span>
    </p>
   </div>
   <div class='ocr_carea' id='block_1_3' title="bbox 231 1203 1248 1349">
    <p class='ocr_par' dir='ltr' id='par_1_5' title="bbox 231 1203 1248 1349">
     <span class='ocr_line' id='line_1_6' title="bbox 262 1203 1248 1272; baseline 0.001 -12"><span class='ocrx_word' id='word_1_31' title='bbox 262 1211 286 1261; x_wconf 84' lang='lat'>9.</span> <span class='ocrx_word' id='word_1_32' title='bbox 306 1209 428 1270; x_wconf 77' lang='lat' dir='ltr'>hallece,</span> <span class='ocrx_word' id='word_1_33' title='bbox 453 1208 523 1258; x_wconf 80' lang='lat' dir='ltr'>iuteo</span> <span class='ocrx_word' id='word_1_34' title='bbox 540 1207 566 1258; x_wconf 80' lang='lat' dir='ltr'>F.</span> <span class='ocrx_word' id='word_1_35' title='bbox 586 1205 700 1268; x_wconf 81' lang='lat' dir='ltr'>(Habent</span> <span class='ocrx_word' id='word_1_36' title='bbox 716 1205 779 1255; x_wconf 82' lang='lat' dir='ltr'>ullcc</span> <span class='ocrx_word' id='word_1_37' title='bbox 794 1205 890 1269; x_wconf 80' lang='lat' dir='ltr'>bSEp.)</span> <span class='ocrx_word' id='word_1_38' title='bbox 910 1231 938 1242; x_wconf 86' lang='lat'>-</span> <span class='ocrx_word' id='word_1_39' title='bbox 958 1205 998 1256; x_wconf 80' lang='lat'>⁴0.</span> <span class='ocrx_word' id='word_1_40' title='bbox 1016 1203 1067 1272; x_wconf 73' lang='lat' dir='ltr'>ult]</span> <span class='ocrx_word' id='word_1_41' title='bbox 1090 1211 1117 1256; x_wconf 83' lang='lat' dir='ltr'>ut</span> <span class='ocrx_word' id='word_1_42' title='bbox 1134 1208 1162 1269; x_wconf 86' lang='grc' dir='ltr'>Ε,</span> <span class='ocrx_word' id='word_1_43' title='bbox 1182 1209 1248 1260; x_wconf 92' lang='lat' dir='ltr'>Cod.</span> 
     </span>
     <span class='ocr_line' id='line_1_7' title="bbox 231 1281 905 1349; baseline -0.012 -12"><span class='ocrx_word' id='word_1_44' title='bbox 231 1288 343 1349; x_wconf 82' lang='lat' dir='ltr'>Franeq.</span> <span class='ocrx_word' id='word_1_45' title='bbox 363 1283 448 1336; x_wconf 84' lang='lat' dir='ltr'>etalii</span> <span class='ocrx_word' id='word_1_46' title='bbox 466 1285 543 1334; x_wconf 80' lang='lat' dir='ltr'>Reae.</span> <span class='ocrx_word' id='word_1_47' title='bbox 563 1283 672 1347; x_wconf 80' lang='lat' dir='ltr'>Recepit</span> <span class='ocrx_word' id='word_1_48' title='bbox 689 1281 905 1344; x_wconf 81' lang='lat' dir='ltr'>Cunioghamius.</span> 
     </span>
    </p>
   </div>
   <div class='ocr_carea' id='block_1_4' title="bbox 193 1486 1309 4405">
    <p class='ocr_par' dir='ltr' id='par_1_6' title="bbox 193 1486 1309 4405">
     <span class='ocr_line' id='line_1_8' title="bbox 196 1486 1284 1561; baseline 0.001 -17"><span class='ocrx_word' id='word_1_49' title='bbox 196 1493 329 1560; x_wconf 80' lang='lat' dir='ltr'>puo&#39;guut,</span> <span class='ocrx_word' id='word_1_50' title='bbox 349 1492 504 1543; x_wconf 73' lang='lat' dir='ltr'>suscitant.»</span> <span class='ocrx_word' id='word_1_51' title='bbox 522 1491 583 1540; x_wconf 78' lang='lat' dir='ltr'>Aen.</span> <span class='ocrx_word' id='word_1_52' title='bbox 604 1516 632 1524; x_wconf 93' lang='lat'>—</span> <span class='ocrx_word' id='word_1_53' title='bbox 651 1486 721 1552; x_wconf 65' lang='lat' dir='ltr'>atro]</span> <span class='ocrx_word' id='word_1_54' title='bbox 760 1501 831 1537; x_wconf 78' lang='grc' dir='ltr'>τοτα</span> <span class='ocrx_word' id='word_1_55' title='bbox 863 1489 913 1538; x_wconf 76' lang='grc' dir='ltr'>καὶ</span> <span class='ocrx_word' id='word_1_56' title='bbox 946 1489 1206 1561; x_wconf 79' lang='grc' dir='ltr'><em>κερικαλλέστατα,</em></span> <span class='ocrx_word' id='word_1_57' title='bbox 1243 1489 1284 1560; x_wconf 78' lang='grc' dir='ltr'>ὥς</span> 
     </span>
     <span class='ocr_line' id='line_1_9' title="bbox 196 1555 1283 1637; baseline 0 -18"><span class='ocrx_word' id='word_1_58' title='bbox 196 1567 367 1631; x_wconf 75' lang='lat' dir='ltr'>Rupuuzcl.</span> <span class='ocrx_word' id='word_1_59' title='bbox 395 1563 608 1624; x_wconf 56' lang='lat' dir='ltr'>vitelliano,</span> <span class='ocrx_word' id='word_1_60' title='bbox 627 1564 671 1612; x_wconf 76' lang='lat' dir='ltr'>ti:</span> <span class='ocrx_word' id='word_1_61' title='bbox 690 1563 723 1612; x_wconf 79' lang='lat' dir='ltr'>si·</span> <span class='ocrx_word' id='word_1_62' title='bbox 759 1555 906 1629; x_wconf 67' lang='lat' dir='ltr'>o&#39;apcyps‘va</span> <span class='ocrx_word' id='word_1_63' title='bbox 931 1559 986 1626; x_wconf 79' lang='grc' dir='ltr'>οὐχ</span> <span class='ocrx_word' id='word_1_64' title='bbox 1012 1560 1171 1637; x_wconf 78' lang='grc' dir='ltr'><strong><em>ὑπηρεσίας</em></strong></span> <span class='ocrx_word' id='word_1_65' title='bbox 1198 1561 1283 1622; x_wconf 76' lang='grc' dir='ltr'><strong><em>ἕνεκα</em></strong></span> 
     </span>
     <span class='ocr_line' id='line_1_10' title="bbox 196 1633 1285 1708; baseline 0.003 -15"><span class='ocrx_word' id='word_1_66' title='bbox 196 1657 237 1693; x_wconf 76' lang='lat' dir='ltr'>scr</span> <span class='ocrx_word' id='word_1_67' title='bbox 247 1671 263 1681; x_wconf 94' lang='lat'>-</span> <span class='ocrx_word' id='word_1_68' title='bbox 273 1672 288 1682; x_wconf 96' lang='lat'>-</span> <span class='ocrx_word' id='word_1_69' title='bbox 299 1641 454 1692; x_wconf 75' lang='lat' dir='ltr'>somoetmo</span> <span class='ocrx_word' id='word_1_70' title='bbox 464 1641 573 1700; x_wconf 67' lang='lat' dir='ltr'>ceolla,</span> <span class='ocrx_word' id='word_1_71' title='bbox 591 1637 723 1701; x_wconf 66' lang='lat' dir='ltr'>[uetulum</span> <span class='ocrx_word' id='word_1_72' title='bbox 758 1635 883 1704; x_wconf 79' lang='grc' dir='ltr'><strong><em>μᾶλλον,</em></strong></span> <span class='ocrx_word' id='word_1_73' title='bbox 905 1633 928 1704; x_wconf 81' lang='grc' dir='ltr'><em>ἢ</em></span> <span class='ocrx_word' id='word_1_74' title='bbox 944 1637 995 1691; x_wconf 81' lang='grc' dir='ltr'>τοῦ</span> <span class='ocrx_word' id='word_1_75' title='bbox 1012 1644 1140 1702; x_wconf 78' lang='grc' dir='ltr'><em>φανέντα</em></span> <span class='ocrx_word' id='word_1_76' title='bbox 1157 1639 1210 1708; x_wconf 78' lang='grc' dir='ltr'>τὴν</span> <span class='ocrx_word' id='word_1_77' title='bbox 1227 1643 1285 1696; x_wconf 80' lang='grc' dir='ltr'>τῶν</span> 
     </span>
     <span class='ocr_line' id='line_1_11' title="bbox 197 1709 1309 1782; baseline 0.003 -14"><span class='ocrx_word' id='word_1_78' title='bbox 197 1717 332 1782; x_wconf 64' lang='lat' dir='ltr'>atrorum,</span> <span class='ocrx_word' id='word_1_79' title='bbox 350 1730 384 1766; x_wconf 75' lang='lat' dir='ltr'>ee</span> <span class='ocrx_word' id='word_1_80' title='bbox 399 1721 469 1766; x_wconf 86' lang='lat' dir='ltr'>uceto</span> <span class='ocrx_word' id='word_1_81' title='bbox 485 1715 723 1776; x_wconf 74' lang='lat' dir='ltr'>tuseiptttolooeo-</span> <span class='ocrx_word' id='word_1_82' title='bbox 759 1713 912 1780; x_wconf 49' lang='grc' dir='ltr'>θεωμένων</span> <span class='ocrx_word' id='word_1_83' title='bbox 930 1709 1003 1777; x_wconf 73' lang='grc' dir='ltr'><strong><em>ὄψιν</em></strong></span> <span class='ocrx_word' id='word_1_84' title='bbox 1020 1711 1131 1780; x_wconf 76' lang='grc' dir='ltr'><em>ἡδῦναι.</em></span> <span class='ocrx_word' id='word_1_85' title='bbox 1167 1716 1309 1771; x_wconf 72' lang='grc' dir='ltr'>Τούτωνι</span> 
     </span>
     <span class='ocr_line' id='line_1_12' title="bbox 193 1783 1284 1856; baseline 0.004 -14"><span class='ocrx_word' id='word_1_86' title='bbox 193 1797 329 1856; x_wconf 70' lang='lat' dir='ltr'>placuerit</span> <span class='ocrx_word' id='word_1_87' title='bbox 344 1805 377 1841; x_wconf 79' lang='lat' dir='ltr'>cu</span> <span class='ocrx_word' id='word_1_88' title='bbox 396 1792 483 1854; x_wconf 83' lang='lat' dir='ltr'>pipere</span> <span class='ocrx_word' id='word_1_89' title='bbox 498 1794 522 1839; x_wconf 86' lang='lat' dir='ltr'>et</span> <span class='ocrx_word' id='word_1_90' title='bbox 540 1789 619 1839; x_wconf 78' lang='lat' dir='ltr'>mulso</span> <span class='ocrx_word' id='word_1_91' title='bbox 634 1788 674 1837; x_wconf 84' lang='lat' dir='ltr'>cel</span> <span class='ocrx_word' id='word_1_92' title='bbox 689 1801 723 1837; x_wconf 76' lang='lat' dir='ltr'>cm</span> <span class='ocrx_word' id='word_1_93' title='bbox 760 1789 791 1838; x_wconf 83' lang='lat' dir='ltr'>ot</span> <span class='ocrx_word' id='word_1_94' title='bbox 817 1788 872 1853; x_wconf 76' lang='grc' dir='ltr'>μὲν</span> <span class='ocrx_word' id='word_1_95' title='bbox 901 1787 1000 1853; x_wconf 76' lang='grc' dir='ltr'><strong><em>παῖδες</em></strong></span> <span class='ocrx_word' id='word_1_96' title='bbox 1030 1783 1072 1840; x_wconf 72' lang='grc' dir='ltr'>ἔτι</span> <span class='ocrx_word' id='word_1_97' title='bbox 1098 1785 1179 1856; x_wconf 76' lang='grc' dir='ltr'><em>ὄντες</em></span> <span class='ocrx_word' id='word_1_98' title='bbox 1204 1795 1284 1846; x_wconf 75' lang='grc' dir='ltr'><strong><em>οἰνο-</em></strong></span> 
     </span>
     <span class='ocr_line' id='line_1_13' title="bbox 195 1859 1284 1934; baseline 0.004 -16"><span class='ocrx_word' id='word_1_99' title='bbox 195 1881 269 1932; x_wconf 74' lang='lat' dir='ltr'>puro.</span> <span class='ocrx_word' id='word_1_100' title='bbox 299 1867 413 1916; x_wconf 77' lang='lat' dir='ltr'>Auctore</span> <span class='ocrx_word' id='word_1_101' title='bbox 426 1864 504 1916; x_wconf 89' lang='lat' dir='ltr'>Celso</span> <span class='ocrx_word' id='word_1_102' title='bbox 517 1864 553 1926; x_wconf 73' lang='lat' dir='ltr'>(R,</span> <span class='ocrx_word' id='word_1_103' title='bbox 571 1863 613 1913; x_wconf 81' lang='lat' dir='ltr'>at.</span> <span class='ocrx_word' id='word_1_104' title='bbox 632 1863 659 1914; x_wconf 90' lang='lat' dir='ltr'>et</span> <span class='ocrx_word' id='word_1_105' title='bbox 669 1861 722 1924; x_wconf 66' lang='lat' dir='ltr'>at.)</span> <span class='ocrx_word' id='word_1_106' title='bbox 758 1859 879 1924; x_wconf 79' lang='grc' dir='ltr'><strong><em>χοοῦσι,</em></strong></span> <span class='ocrx_word' id='word_1_107' title='bbox 898 1859 1095 1934; x_wconf 76' lang='grc' dir='ltr'><strong><em>ὑδροφοροῦσι</em></strong></span> <span class='ocrx_word' id='word_1_108' title='bbox 1112 1864 1143 1917; x_wconf 75' lang='grc' dir='ltr'>δὲ</span> <span class='ocrx_word' id='word_1_109' title='bbox 1159 1865 1284 1928; x_wconf 79' lang='grc' dir='ltr'><strong><em>βούπαι-</em></strong></span> 
     </span>
     <span class='ocr_line' id='line_1_14' title="bbox 197 1936 1282 2009; baseline 0.004 -17"><span class='ocrx_word' id='word_1_110' title='bbox 197 1943 242 1994; x_wconf 78' lang='lat' dir='ltr'>etat</span> <span class='ocrx_word' id='word_1_111' title='bbox 256 1942 320 1991; x_wconf 84' lang='lat' dir='ltr'>moli</span> <span class='ocrx_word' id='word_1_112' title='bbox 334 1940 562 1990; x_wconf 78' lang='lat' dir='ltr'>auci··atumoclto</span> <span class='ocrx_word' id='word_1_113' title='bbox 579 1943 667 2001; x_wconf 78' lang='lat' dir='ltr'>opimo</span> <span class='ocrx_word' id='word_1_114' title='bbox 677 1942 720 1987; x_wconf 80' lang='lat' dir='ltr'>est.</span> <span class='ocrx_word' id='word_1_115' title='bbox 758 1937 805 2002; x_wconf 78' lang='grc' dir='ltr'>ὁες</span> <span class='ocrx_word' id='word_1_116' title='bbox 822 1936 990 2002; x_wconf 78' lang='grc' dir='ltr'><strong><em>λελουμένοι</em></strong></span> <span class='ocrx_word' id='word_1_117' title='bbox 1007 1940 1056 1990; x_wconf 72' lang='grc' dir='ltr'>καὶ</span> <span class='ocrx_word' id='word_1_118' title='bbox 1076 1938 1282 2009; x_wconf 73' lang='grc' dir='ltr'><strong><em>λελειασμένοι,</em></strong></span> 
     </span>
     <span class='ocr_line' id='line_1_15' title="bbox 199 2009 1284 2086; baseline 0.006 -21"><span class='ocrx_word' id='word_1_119' title='bbox 199 2045 227 2054; x_wconf 92' lang='lat'><em>-</em></span> <span class='ocrx_word' id='word_1_120' title='bbox 254 2015 330 2081; x_wconf 83' lang='lat' dir='ltr'>allec]</span> <span class='ocrx_word' id='word_1_121' title='bbox 356 2013 532 2065; x_wconf 80' lang='lat' dir='ltr'>Fiachlultc.</span> <span class='ocrx_word' id='word_1_122' title='bbox 564 2041 592 2050; x_wconf 91' lang='lat'><em>-</em></span> <span class='ocrx_word' id='word_1_123' title='bbox 621 2013 723 2076; x_wconf 70' lang='lat' dir='ltr'>succida</span> <span class='ocrx_word' id='word_1_124' title='bbox 759 2009 1284 2086; x_wconf 69' lang='grc' dir='ltr'><strong><em>ωχιτῶνάςτεάραχνοϋφεϊςκαὶ</em></strong></span> 
     </span>
     <span class='ocr_line' id='line_1_16' title="bbox 198 2086 1284 2158; baseline 0.005 -16"><span class='ocrx_word' id='word_1_125' title='bbox 198 2091 263 2155; x_wconf 85' lang='lat' dir='ltr'>Coo]</span> <span class='ocrx_word' id='word_1_126' title='bbox 291 2090 442 2155; x_wconf 73' lang='lat' dir='ltr'>«liquamen</span> <span class='ocrx_word' id='word_1_127' title='bbox 467 2092 494 2140; x_wconf 92' lang='lat' dir='ltr'>et</span> <span class='ocrx_word' id='word_1_128' title='bbox 520 2089 721 2140; x_wconf 84' lang='lat' dir='ltr'>condimentum</span> <span class='ocrx_word' id='word_1_129' title='bbox 758 2086 912 2151; x_wconf 79' lang='grc' dir='ltr'><strong><em>ἑκλεύκοος</em></strong></span> <span class='ocrx_word' id='word_1_130' title='bbox 946 2086 1218 2158; x_wconf 74' lang='grc' dir='ltr'><strong><em>ἐπαναζωοάμενοι,</em></strong></span> <span class='ocrx_word' id='word_1_131' title='bbox 1247 2093 1284 2147; x_wconf 82' lang='grc' dir='ltr'>τὰ</span> 
     </span>
     <span class='ocr_line' id='line_1_17' title="bbox 197 2161 1285 2240; baseline 0.006 -23"><span class='ocrx_word' id='word_1_132' title='bbox 197 2181 230 2217; x_wconf 88' lang='lat' dir='ltr'>ex</span> <span class='ocrx_word' id='word_1_133' title='bbox 248 2167 295 2216; x_wconf 91' lang='lat' dir='ltr'>Coi</span> <span class='ocrx_word' id='word_1_134' title='bbox 311 2167 364 2216; x_wconf 85' lang='lat' dir='ltr'>vini</span> <span class='ocrx_word' id='word_1_135' title='bbox 382 2164 456 2216; x_wconf 83' lang='lat' dir='ltr'>faece</span> <span class='ocrx_word' id='word_1_136' title='bbox 474 2167 623 2229; x_wconf 74' lang='lat' dir='ltr'>peratum.»</span> <span class='ocrx_word' id='word_1_137' title='bbox 645 2161 719 2214; x_wconf 87' lang='lat' dir='ltr'>Coni.</span> <span class='ocrx_word' id='word_1_138' title='bbox 758 2161 986 2236; x_wconf 75' lang='grc' dir='ltr'><em>μὲνέμπρόσθια</em></span> <span class='ocrx_word' id='word_1_139' title='bbox 997 2168 1148 2240; x_wconf 78' lang='grc' dir='ltr'><strong><em>κατωτέρω</em></strong></span> <span class='ocrx_word' id='word_1_140' title='bbox 1159 2166 1285 2224; x_wconf 79' lang='grc' dir='ltr'><strong><em>τῶνῦπὸ</em></strong></span> 
     </span>
     <span class='ocr_line' id='line_1_18' title="bbox 197 2237 1284 2314; baseline 0.008 -24"><span class='ocrx_word' id='word_1_141' title='bbox 197 2242 250 2291; x_wconf 82' lang='lat' dir='ltr'>Sat.</span> <span class='ocrx_word' id='word_1_142' title='bbox 263 2242 292 2301; x_wconf 64' lang='grc' dir='ltr'>ἰ,</span> <span class='ocrx_word' id='word_1_143' title='bbox 311 2239 339 2300; x_wconf 82' lang='lat' dir='ltr'>l,</span> <span class='ocrx_word' id='word_1_144' title='bbox 359 2240 399 2290; x_wconf 77' lang='lat'>73.</span> <span class='ocrx_word' id='word_1_145' title='bbox 428 2240 514 2291; x_wconf 88' lang='lat' dir='ltr'>Etiam</span> <span class='ocrx_word' id='word_1_146' title='bbox 532 2239 600 2289; x_wconf 90' lang='lat' dir='ltr'>haec</span> <span class='ocrx_word' id='word_1_147' title='bbox 617 2241 720 2288; x_wconf 87' lang='lat' dir='ltr'>stoma-</span> <span class='ocrx_word' id='word_1_148' title='bbox 759 2239 842 2309; x_wconf 78' lang='grc' dir='ltr'>γόνυ,</span> <span class='ocrx_word' id='word_1_149' title='bbox 865 2237 901 2290; x_wconf 77' lang='grc' dir='ltr'>τὰ</span> <span class='ocrx_word' id='word_1_150' title='bbox 917 2239 948 2290; x_wconf 78' lang='lat' dir='ltr'>dl</span> <span class='ocrx_word' id='word_1_151' title='bbox 964 2239 1087 2293; x_wconf 77' lang='grc' dir='ltr'><em>κατόπιν</em></span> <span class='ocrx_word' id='word_1_152' title='bbox 1102 2242 1208 2314; x_wconf 81' lang='grc' dir='ltr'><em>μικρὸν</em></span> <span class='ocrx_word' id='word_1_153' title='bbox 1225 2241 1284 2299; x_wconf 77' lang='grc' dir='ltr'>ὑπὸ</span> 
     </span>
     <span class='ocr_line' id='line_1_19' title="bbox 197 2311 1284 2384; baseline 0.006 -18"><span class='ocrx_word' id='word_1_154' title='bbox 197 2316 279 2367; x_wconf 89' lang='lat' dir='ltr'>chum</span> <span class='ocrx_word' id='word_1_155' title='bbox 304 2315 444 2366; x_wconf 82' lang='lat' dir='ltr'>excitantia</span> <span class='ocrx_word' id='word_1_156' title='bbox 470 2315 547 2364; x_wconf 88' lang='lat' dir='ltr'>nimis</span> <span class='ocrx_word' id='word_1_157' title='bbox 574 2311 722 2363; x_wconf 87' lang='lat' dir='ltr'>cumularat</span> <span class='ocrx_word' id='word_1_158' title='bbox 759 2321 819 2380; x_wconf 73' lang='grc' dir='ltr'><strong><em>τοϊς</em></strong></span> <span class='ocrx_word' id='word_1_159' title='bbox 844 2319 998 2384; x_wconf 77' lang='grc' dir='ltr'><strong><em>γονατὶοις.</em></strong></span> <span class='ocrx_word' id='word_1_160' title='bbox 1034 2319 1065 2369; x_wconf 88' lang='lat' dir='ltr'>Et</span> <span class='ocrx_word' id='word_1_161' title='bbox 1091 2319 1211 2372; x_wconf 85' lang='lat' dir='ltr'>similiter</span> <span class='ocrx_word' id='word_1_162' title='bbox 1234 2323 1284 2374; x_wconf 83' lang='lat' dir='ltr'>Se-</span> 
     </span>
     <span class='ocr_line' id='line_1_20' title="bbox 196 2389 1286 2454; baseline 0.007 -14"><span class='ocrx_word' id='word_1_163' title='bbox 196 2391 279 2440; x_wconf 89' lang='lat' dir='ltr'>homo</span> <span class='ocrx_word' id='word_1_164' title='bbox 298 2402 421 2440; x_wconf 71' lang='lat' dir='ltr'>soceros.</span> <span class='ocrx_word' id='word_1_165' title='bbox 450 2391 613 2454; x_wconf 85' lang='lat' dir='ltr'>comparant</span> <span class='ocrx_word' id='word_1_166' title='bbox 637 2389 722 2438; x_wconf 85' lang='lat' dir='ltr'>Sene·</span> <span class='ocrx_word' id='word_1_167' title='bbox 759 2406 826 2444; x_wconf 88' lang='lat' dir='ltr'>neca</span> <span class='ocrx_word' id='word_1_168' title='bbox 844 2391 878 2442; x_wconf 92' lang='lat' dir='ltr'>de</span> <span class='ocrx_word' id='word_1_169' title='bbox 889 2393 986 2443; x_wconf 83' lang='lat' dir='ltr'>Brevit.</span> <span class='ocrx_word' id='word_1_170' title='bbox 999 2407 1024 2442; x_wconf 88' lang='lat' dir='ltr'>v.</span> <span class='ocrx_word' id='word_1_171' title='bbox 1040 2394 1084 2444; x_wconf 81' lang='lat' dir='ltr'>te:</span> <span class='ocrx_word' id='word_1_172' title='bbox 1104 2395 1286 2448; x_wconf 71' lang='lat' dir='ltr'>conviviums-</span> 
     </span>
     <span class='ocr_line' id='line_1_21' title="bbox 197 2462 1286 2530; baseline 0.007 -16"><span class='ocrx_word' id='word_1_173' title='bbox 197 2477 257 2515; x_wconf 87' lang='lat' dir='ltr'>cam</span> <span class='ocrx_word' id='word_1_174' title='bbox 275 2463 309 2514; x_wconf 90' lang='lat' dir='ltr'>de</span> <span class='ocrx_word' id='word_1_175' title='bbox 326 2464 432 2514; x_wconf 84' lang='lat' dir='ltr'>Provid.</span> <span class='ocrx_word' id='word_1_176' title='bbox 446 2463 474 2524; x_wconf 82' lang='lat'>3,</span> <span class='ocrx_word' id='word_1_177' title='bbox 493 2464 523 2514; x_wconf 83' lang='lat'>6:</span> <span class='ocrx_word' id='word_1_178' title='bbox 555 2464 619 2526; x_wconf 79' lang='lat' dir='ltr'>Quid</span> <span class='ocrx_word' id='word_1_179' title='bbox 643 2462 723 2528; x_wconf 75' lang='lat' dir='ltr'>erpo?</span> <span class='ocrx_word' id='word_1_180' title='bbox 758 2469 856 2518; x_wconf 64' lang='lat' dir='ltr'>decute</span> <span class='ocrx_word' id='word_1_181' title='bbox 871 2469 961 2518; x_wconf 83' lang='lat' dir='ltr'>trorum</span> <span class='ocrx_word' id='word_1_182' title='bbox 976 2468 1123 2530; x_wconf 88' lang='lat' dir='ltr'>(hominum</span> <span class='ocrx_word' id='word_1_183' title='bbox 1140 2469 1286 2524; x_wconf 84' lang='lat' dir='ltr'>luxurioso·</span> 
     </span>
     <span class='ocr_line' id='line_1_22' title="bbox 195 2530 1285 2606; baseline 0.006 -16"><span class='ocrx_word' id='word_1_184' title='bbox 195 2540 293 2603; x_wconf 69' lang='lat' dir='ltr'>fetidos·</span> <span class='ocrx_word' id='word_1_185' title='bbox 309 2545 370 2589; x_wconf 78' lang='lat' dir='ltr'>esset</span> <span class='ocrx_word' id='word_1_186' title='bbox 387 2538 553 2602; x_wconf 79' lang='lat' dir='ltr'>(Fabricius),</span> <span class='ocrx_word' id='word_1_187' title='bbox 572 2540 645 2588; x_wconf 80' lang='lat' dir='ltr'>--si</span> <span class='ocrx_word' id='word_1_188' title='bbox 661 2553 723 2588; x_wconf 86' lang='lat' dir='ltr'>eoo·</span> <span class='ocrx_word' id='word_1_189' title='bbox 760 2543 827 2606; x_wconf 81' lang='lat' dir='ltr'>rum)</span> <span class='ocrx_word' id='word_1_190' title='bbox 854 2555 904 2592; x_wconf 18' lang='lat' dir='ltr'>otoo</span> <span class='ocrx_word' id='word_1_191' title='bbox 924 2545 1053 2606; x_wconf 76' lang='lat' dir='ltr'>posuerim</span> <span class='ocrx_word' id='word_1_192' title='bbox 1078 2530 1143 2594; x_wconf 79' lang='lat' dir='ltr'>lol&#39;er</span> <span class='ocrx_word' id='word_1_193' title='bbox 1165 2548 1285 2598; x_wconf 73' lang='lat' dir='ltr'>eunomio</span> 
     </span>
     <span class='ocr_line' id='line_1_23' title="bbox 196 2614 1285 2682; baseline 0.006 -18"><span class='ocrx_word' id='word_1_194' title='bbox 196 2615 283 2676; x_wconf 67' lang='lat' dir='ltr'>claudie</span> <span class='ocrx_word' id='word_1_195' title='bbox 298 2614 383 2677; x_wconf 68' lang='lat' dir='ltr'>creperi</span> <span class='ocrx_word' id='word_1_196' title='bbox 399 2619 474 2676; x_wconf 75' lang='lat' dir='ltr'>otqite</span> <span class='ocrx_word' id='word_1_197' title='bbox 490 2615 564 2676; x_wconf 73' lang='lat' dir='ltr'>inseri</span> <span class='ocrx_word' id='word_1_198' title='bbox 580 2615 660 2664; x_wconf 82' lang='lat' dir='ltr'>moris</span> <span class='ocrx_word' id='word_1_199' title='bbox 679 2615 723 2676; x_wconf 82' lang='lat' dir='ltr'>pi·</span> <span class='ocrx_word' id='word_1_200' title='bbox 759 2623 886 2679; x_wconf 78' lang='lat' dir='ltr'>ternpore,</span> <span class='ocrx_word' id='word_1_201' title='bbox 905 2631 962 2666; x_wconf 85' lang='lat' dir='ltr'>cum</span> <span class='ocrx_word' id='word_1_202' title='bbox 977 2619 1089 2680; x_wconf 84' lang='lat' dir='ltr'>uideam,</span> <span class='ocrx_word' id='word_1_203' title='bbox 1102 2647 1115 2656; x_wconf 96' lang='lat'>-</span> <span class='ocrx_word' id='word_1_204' title='bbox 1127 2647 1141 2657; x_wconf 95' lang='lat'>-</span> <span class='ocrx_word' id='word_1_205' title='bbox 1153 2634 1232 2682; x_wconf 79' lang='lat' dir='ltr'>quum</span> <span class='ocrx_word' id='word_1_206' title='bbox 1244 2623 1285 2672; x_wconf 91' lang='lat' dir='ltr'>di-</span> 
     </span>
     <span class='ocr_line' id='line_1_24' title="bbox 195 2688 1286 2755; baseline 0.007 -17"><span class='ocrx_word' id='word_1_207' title='bbox 195 2690 301 2754; x_wconf 68' lang='lat' dir='ltr'>aritium</span> <span class='ocrx_word' id='word_1_208' title='bbox 312 2688 430 2738; x_wconf 76' lang='lat' dir='ltr'>stomachi</span> <span class='ocrx_word' id='word_1_209' title='bbox 443 2689 587 2738; x_wconf 76' lang='lat' dir='ltr'>nauseantis</span> <span class='ocrx_word' id='word_1_210' title='bbox 598 2689 724 2752; x_wconf 76' lang='lat' dir='ltr'>eriperet?</span> <span class='ocrx_word' id='word_1_211' title='bbox 759 2692 864 2755; x_wconf 77' lang='lat' dir='ltr'>lipeoter</span> <span class='ocrx_word' id='word_1_212' title='bbox 882 2693 1035 2742; x_wconf 65' lang='lat' dir='ltr'>erectorum</span> <span class='ocrx_word' id='word_1_213' title='bbox 1059 2707 1163 2744; x_wconf 80' lang='lat' dir='ltr'>suorum</span> <span class='ocrx_word' id='word_1_214' title='bbox 1188 2697 1286 2746; x_wconf 77' lang='lat' dir='ltr'>tunicor</span> 
     </span>
     <span class='ocr_line' id='line_1_25' title="bbox 195 2763 1287 2832; baseline 0.007 -20"><span class='ocrx_word' id='word_1_215' title='bbox 195 2765 217 2812; x_wconf 79' lang='lat' dir='ltr'>ri</span> <span class='ocrx_word' id='word_1_216' title='bbox 242 2763 337 2828; x_wconf 61' lang='lat' dir='ltr'>incedi</span> <span class='ocrx_word' id='word_1_217' title='bbox 361 2776 494 2825; x_wconf 73' lang='lat' dir='ltr'>pomorum</span> <span class='ocrx_word' id='word_1_218' title='bbox 521 2769 591 2813; x_wconf 84' lang='lat' dir='ltr'>strue</span> <span class='ocrx_word' id='word_1_219' title='bbox 614 2766 724 2828; x_wconf 65' lang='lat' dir='ltr'>cingeret</span> <span class='ocrx_word' id='word_1_220' title='bbox 758 2768 914 2828; x_wconf 78' lang='lat' dir='ltr'>succiopunt.</span> <span class='ocrx_word' id='word_1_221' title='bbox 929 2791 958 2802; x_wconf 91' lang='lat'><em>-</em></span> <span class='ocrx_word' id='word_1_222' title='bbox 972 2767 1099 2832; x_wconf 81' lang='lat' dir='ltr'>coemam]</span> <span class='ocrx_word' id='word_1_223' title='bbox 1113 2769 1159 2818; x_wconf 68' lang='lat' dir='ltr'>ent</span> <span class='ocrx_word' id='word_1_224' title='bbox 1176 2769 1227 2819; x_wconf 90' lang='lat' dir='ltr'>huc</span> <span class='ocrx_word' id='word_1_225' title='bbox 1240 2783 1287 2820; x_wconf 92' lang='lat' dir='ltr'>no·</span> 
     </span>
     <span class='ocr_line' id='line_1_26' title="bbox 193 2838 1286 2907; baseline 0.005 -19"><span class='ocrx_word' id='word_1_226' title='bbox 193 2840 296 2902; x_wconf 82' lang='lat' dir='ltr'>primae</span> <span class='ocrx_word' id='word_1_227' title='bbox 309 2839 408 2902; x_wconf 69' lang='lat' dir='ltr'>remoue</span> <span class='ocrx_word' id='word_1_228' title='bbox 422 2838 507 2901; x_wconf 78' lang='lat' dir='ltr'>serus,</span> <span class='ocrx_word' id='word_1_229' title='bbox 533 2844 622 2901; x_wconf 81' lang='lat' dir='ltr'>coptos</span> <span class='ocrx_word' id='word_1_230' title='bbox 643 2841 723 2889; x_wconf 67' lang='lat' dir='ltr'>mnata</span> <span class='ocrx_word' id='word_1_231' title='bbox 760 2843 799 2891; x_wconf 87' lang='lat' dir='ltr'>tot</span> <span class='ocrx_word' id='word_1_232' title='bbox 815 2841 872 2890; x_wconf 86' lang='lat' dir='ltr'>eius</span> <span class='ocrx_word' id='word_1_233' title='bbox 889 2839 1041 2902; x_wconf 86' lang='lat' dir='ltr'>sorditiem,</span> <span class='ocrx_word' id='word_1_234' title='bbox 1061 2841 1132 2905; x_wconf 88' lang='lat' dir='ltr'>quod</span> <span class='ocrx_word' id='word_1_235' title='bbox 1150 2856 1199 2907; x_wconf 88' lang='lat' dir='ltr'>pro</span> <span class='ocrx_word' id='word_1_236' title='bbox 1217 2843 1286 2894; x_wconf 81' lang='lat' dir='ltr'>divi-</span> 
     </span>
     <span class='ocr_line' id='line_1_27' title="bbox 196 2913 1286 2977; baseline 0.004 -13"><span class='ocrx_word' id='word_1_237' title='bbox 196 2916 272 2965; x_wconf 84' lang='lat' dir='ltr'>cuedc</span> <span class='ocrx_word' id='word_1_238' title='bbox 287 2913 452 2964; x_wconf 73' lang='lat' dir='ltr'>vernolium?</span> <span class='ocrx_word' id='word_1_239' title='bbox 469 2914 568 2964; x_wconf 84' lang='lat' dir='ltr'>Verum</span> <span class='ocrx_word' id='word_1_240' title='bbox 587 2914 723 2977; x_wconf 82' lang='lat' dir='ltr'>hicsigoi-</span> <span class='ocrx_word' id='word_1_241' title='bbox 760 2917 801 2966; x_wconf 86' lang='lat' dir='ltr'>tiis</span> <span class='ocrx_word' id='word_1_242' title='bbox 820 2929 872 2965; x_wconf 92' lang='lat' dir='ltr'>noo</span> <span class='ocrx_word' id='word_1_243' title='bbox 889 2913 1013 2964; x_wconf 85' lang='lat' dir='ltr'>habuerit</span> <span class='ocrx_word' id='word_1_244' title='bbox 1033 2927 1155 2966; x_wconf 86' lang='lat' dir='ltr'>mensam</span> <span class='ocrx_word' id='word_1_245' title='bbox 1174 2919 1286 2969; x_wconf 83' lang='lat' dir='ltr'>citream</span> 
     </span>
     <span class='ocr_line' id='line_1_28' title="bbox 197 2986 1284 3050; baseline 0.003 -11"><span class='ocrx_word' id='word_1_246' title='bbox 197 2989 312 3039; x_wconf 87' lang='lat' dir='ltr'>licuntur</span> <span class='ocrx_word' id='word_1_247' title='bbox 330 2988 391 3050; x_wconf 81' lang='lat' dir='ltr'>puri</span> <span class='ocrx_word' id='word_1_248' title='bbox 413 2986 446 3037; x_wconf 93' lang='lat' dir='ltr'>illi</span> <span class='ocrx_word' id='word_1_249' title='bbox 464 2989 542 3037; x_wconf 83' lang='lat' dir='ltr'>catilli</span> <span class='ocrx_word' id='word_1_250' title='bbox 561 2989 621 3050; x_wconf 79' lang='lat' dir='ltr'>(Sat.</span> <span class='ocrx_word' id='word_1_251' title='bbox 643 2991 672 3050; x_wconf 77' lang='lat'>2,</span> <span class='ocrx_word' id='word_1_252' title='bbox 692 2987 721 3050; x_wconf 85' lang='lat' dir='ltr'>l,</span> <span class='ocrx_word' id='word_1_253' title='bbox 760 2991 807 3040; x_wconf 91' lang='lat' dir='ltr'>aut</span> <span class='ocrx_word' id='word_1_254' title='bbox 831 2987 1061 3040; x_wconf 71' lang='lat' dir='ltr'>vermiculatam.»</span> <span class='ocrx_word' id='word_1_255' title='bbox 1095 2992 1179 3041; x_wconf 76' lang='lat' dir='ltr'>Coun.</span> <span class='ocrx_word' id='word_1_256' title='bbox 1204 2993 1284 3050; x_wconf 83' lang='lat' dir='ltr'>Caco.</span> 
     </span>
     <span class='ocr_line' id='line_1_29' title="bbox 197 3062 1286 3127; baseline 0.002 -13"><span class='ocrx_word' id='word_1_257' title='bbox 197 3063 249 3124; x_wconf 76' lang='lat' dir='ltr'>ta.)</span> <span class='ocrx_word' id='word_1_258' title='bbox 282 3064 400 3113; x_wconf 87' lang='lat' dir='ltr'>minores</span> <span class='ocrx_word' id='word_1_259' title='bbox 432 3062 599 3126; x_wconf 81' lang='lat' dir='ltr'>repuleram,</span> <span class='ocrx_word' id='word_1_260' title='bbox 633 3062 723 3114; x_wconf 84' lang='lat' dir='ltr'>ellecis</span> <span class='ocrx_word' id='word_1_261' title='bbox 759 3063 824 3115; x_wconf 82' lang='lat' dir='ltr'>Plio.</span> <span class='ocrx_word' id='word_1_262' title='bbox 844 3064 875 3112; x_wconf 88' lang='lat' dir='ltr'>H.</span> <span class='ocrx_word' id='word_1_263' title='bbox 894 3064 924 3112; x_wconf 82' lang='lat' dir='ltr'>R.</span> <span class='ocrx_word' id='word_1_264' title='bbox 944 3062 988 3122; x_wconf 85' lang='lat' dir='ltr'>lli,</span> <span class='ocrx_word' id='word_1_265' title='bbox 1011 3063 1057 3112; x_wconf 72' lang='lat'>26:</span> <span class='ocrx_word' id='word_1_266' title='bbox 1087 3063 1286 3127; x_wconf 80' lang='lat' dir='ltr'>Acer-operum</span> 
     </span>
     <span class='ocr_line' id='line_1_30' title="bbox 198 3136 1287 3202; baseline 0.001 -13"><span class='ocrx_word' id='word_1_267' title='bbox 198 3141 262 3198; x_wconf 83' lang='lat' dir='ltr'>cet,</span> <span class='ocrx_word' id='word_1_268' title='bbox 281 3138 428 3200; x_wconf 80' lang='lat' dir='ltr'>interuoos</span> <span class='ocrx_word' id='word_1_269' title='bbox 440 3138 558 3187; x_wconf 89' lang='lat' dir='ltr'>medium</span> <span class='ocrx_word' id='word_1_270' title='bbox 577 3136 666 3189; x_wconf 90' lang='lat' dir='ltr'>locum</span> <span class='ocrx_word' id='word_1_271' title='bbox 679 3151 723 3188; x_wconf 91' lang='lat' dir='ltr'>oc-</span> <span class='ocrx_word' id='word_1_272' title='bbox 760 3139 885 3202; x_wconf 76' lang='lat' dir='ltr'>elepuutio</span> <span class='ocrx_word' id='word_1_273' title='bbox 905 3151 936 3186; x_wconf 86' lang='lat' dir='ltr'>ac</span> <span class='ocrx_word' id='word_1_274' title='bbox 957 3137 1093 3189; x_wconf 77' lang='lat' dir='ltr'>subtilitate</span> <span class='ocrx_word' id='word_1_275' title='bbox 1113 3141 1177 3189; x_wconf 86' lang='lat' dir='ltr'>citro</span> <span class='ocrx_word' id='word_1_276' title='bbox 1198 3153 1287 3190; x_wconf 76' lang='lat' dir='ltr'>secter-</span> 
     </span>
     <span class='ocr_line' id='line_1_31' title="bbox 198 3210 1286 3277; baseline 0.003 -16"><span class='ocrx_word' id='word_1_277' title='bbox 198 3211 314 3276; x_wconf 87' lang='lat' dir='ltr'>oopubat</span> <span class='ocrx_word' id='word_1_278' title='bbox 331 3213 387 3276; x_wconf 85' lang='lat' dir='ltr'>apri</span> <span class='ocrx_word' id='word_1_279' title='bbox 405 3210 465 3262; x_wconf 84' lang='lat' dir='ltr'>lanx</span> <span class='ocrx_word' id='word_1_280' title='bbox 482 3213 583 3276; x_wconf 80' lang='lat' dir='ltr'>ingens.</span> <span class='ocrx_word' id='word_1_281' title='bbox 761 3215 829 3263; x_wconf 87' lang='lat' dir='ltr'>dum.</span> <span class='ocrx_word' id='word_1_282' title='bbox 851 3241 878 3276; x_wconf 88' lang='lat'>·.·</span> <span class='ocrx_word' id='word_1_283' title='bbox 898 3213 1022 3277; x_wconf 68' lang='lat' dir='ltr'>Gumupe]</span> <span class='ocrx_word' id='word_1_284' title='bbox 1045 3226 1086 3277; x_wconf 88' lang='lat' dir='ltr'>pr.</span> <span class='ocrx_word' id='word_1_285' title='bbox 1106 3211 1216 3264; x_wconf 86' lang='lat' dir='ltr'>linteum</span> <span class='ocrx_word' id='word_1_286' title='bbox 1236 3213 1286 3264; x_wconf 87' lang='lat' dir='ltr'>vil-</span> 
     </span>
     <span class='ocr_line' id='line_1_32' title="bbox 231 3287 1285 3352; baseline 0.003 -16"><span class='ocrx_word' id='word_1_287' title='bbox 231 3289 271 3336; x_wconf 80' lang='lat' dir='ltr'>to.</span> <span class='ocrx_word' id='word_1_288' title='bbox 293 3289 332 3336; x_wconf 90' lang='lat' dir='ltr'>ll.</span> <span class='ocrx_word' id='word_1_289' title='bbox 352 3287 518 3352; x_wconf 68' lang='lat' dir='ltr'>otmcioetus]</span> <span class='ocrx_word' id='word_1_290' title='bbox 539 3289 581 3338; x_wconf 92' lang='lat' dir='ltr'>Sic</span> <span class='ocrx_word' id='word_1_291' title='bbox 607 3287 721 3338; x_wconf 84' lang='lat' dir='ltr'>Phaedr.</span> <span class='ocrx_word' id='word_1_292' title='bbox 761 3287 862 3348; x_wconf 89' lang='lat' dir='ltr'>losum,</span> <span class='ocrx_word' id='word_1_293' title='bbox 893 3289 1013 3351; x_wconf 77' lang='lat' dir='ltr'>zoilipe</span> <span class='ocrx_word' id='word_1_294' title='bbox 1043 3287 1285 3352; x_wconf 72' lang='lat' dir='ltr'>Ltuocoquetlc,</span> 
     </span>
     <span class='ocr_line' id='line_1_33' title="bbox 197 3360 1287 3427; baseline 0.003 -16"><span class='ocrx_word' id='word_1_295' title='bbox 197 3362 224 3422; x_wconf 73' lang='lat' dir='ltr'>R,</span> <span class='ocrx_word' id='word_1_296' title='bbox 244 3363 274 3422; x_wconf 82' lang='lat'>5,</span> <span class='ocrx_word' id='word_1_297' title='bbox 293 3361 338 3410; x_wconf 90' lang='lat' dir='ltr'>ll:</span> <span class='ocrx_word' id='word_1_298' title='bbox 357 3362 400 3411; x_wconf 70' lang='lat' dir='ltr'>Ec</span> <span class='ocrx_word' id='word_1_299' title='bbox 411 3362 545 3412; x_wconf 76' lang='lat' dir='ltr'>alticinctis</span> <span class='ocrx_word' id='word_1_300' title='bbox 554 3375 620 3412; x_wconf 72' lang='lat' dir='ltr'>unic</span> <span class='ocrx_word' id='word_1_301' title='bbox 630 3365 724 3413; x_wconf 82' lang='lat' dir='ltr'>atrien-</span> <span class='ocrx_word' id='word_1_302' title='bbox 761 3360 875 3413; x_wconf 89' lang='lat' dir='ltr'>Lucilios</span> <span class='ocrx_word' id='word_1_303' title='bbox 887 3361 957 3427; x_wconf 89' lang='lat' dir='ltr'>apud</span> <span class='ocrx_word' id='word_1_304' title='bbox 969 3363 1050 3412; x_wconf 82' lang='lat' dir='ltr'>Prisc.</span> <span class='ocrx_word' id='word_1_305' title='bbox 1065 3362 1093 3424; x_wconf 80' lang='grc'>9,</span> <span class='ocrx_word' id='word_1_306' title='bbox 1112 3362 1143 3425; x_wconf 88' lang='grc'>9,</span> <span class='ocrx_word' id='word_1_307' title='bbox 1161 3364 1206 3414; x_wconf 86' lang='lat' dir='ltr'>till:</span> <span class='ocrx_word' id='word_1_308' title='bbox 1225 3365 1287 3414; x_wconf 77' lang='lat' dir='ltr'>Pur·</span> 
     </span>
     <span class='ocr_line' id='line_1_34' title="bbox 196 3436 1287 3503; baseline 0.003 -18"><span class='ocrx_word' id='word_1_309' title='bbox 196 3437 271 3486; x_wconf 68' lang='lat' dir='ltr'>dtus,</span> <span class='ocrx_word' id='word_1_310' title='bbox 296 3437 404 3486; x_wconf 83' lang='lat' dir='ltr'>sueton.</span> <span class='ocrx_word' id='word_1_311' title='bbox 419 3436 499 3500; x_wconf 82' lang='lat' dir='ltr'>Calig.</span> <span class='ocrx_word' id='word_1_312' title='bbox 514 3438 558 3488; x_wconf 72' lang='lat'>26:</span> <span class='ocrx_word' id='word_1_313' title='bbox 584 3442 681 3501; x_wconf 70' lang='lat' dir='ltr'>loqueos</span> <span class='ocrx_word' id='word_1_314' title='bbox 692 3465 724 3478; x_wconf 92' lang='lat'>--</span> <span class='ocrx_word' id='word_1_315' title='bbox 757 3451 838 3500; x_wconf 80' lang='lat' dir='ltr'>porco</span> <span class='ocrx_word' id='word_1_316' title='bbox 855 3438 924 3487; x_wconf 80' lang='lat' dir='ltr'>tersit</span> <span class='ocrx_word' id='word_1_317' title='bbox 940 3443 999 3487; x_wconf 80' lang='lat' dir='ltr'>tuuc</span> <span class='ocrx_word' id='word_1_318' title='bbox 1015 3439 1081 3488; x_wconf 81' lang='lat' dir='ltr'>lutus</span> <span class='ocrx_word' id='word_1_319' title='bbox 1096 3451 1208 3503; x_wconf 76' lang='lat' dir='ltr'>pousope</span> <span class='ocrx_word' id='word_1_320' title='bbox 1219 3451 1287 3488; x_wconf 78' lang='lat' dir='ltr'>merr-</span> 
     </span>
     <span class='ocr_line' id='line_1_35' title="bbox 197 3507 1286 3575; baseline 0.003 -14"><span class='ocrx_word' id='word_1_321' title='bbox 197 3512 392 3574; x_wconf 79' lang='lat' dir='ltr'>udpedesstorc</span> <span class='ocrx_word' id='word_1_322' title='bbox 402 3513 538 3563; x_wconf 72' lang='lat' dir='ltr'>uocioclos</span> <span class='ocrx_word' id='word_1_323' title='bbox 551 3507 725 3575; x_wconf 80' lang='lat' dir='ltr'>itoteopoasus</span> <span class='ocrx_word' id='word_1_324' title='bbox 760 3527 809 3563; x_wconf 79' lang='lat' dir='ltr'>sur.</span> <span class='ocrx_word' id='word_1_325' title='bbox 845 3511 992 3562; x_wconf 81' lang='lat' dir='ltr'>Ridiculum</span> <span class='ocrx_word' id='word_1_326' title='bbox 1017 3513 1105 3564; x_wconf 85' lang='lat' dir='ltr'>inesse</span> <span class='ocrx_word' id='word_1_327' title='bbox 1129 3514 1236 3564; x_wconf 87' lang='lat' dir='ltr'>videtur</span> <span class='ocrx_word' id='word_1_328' title='bbox 1259 3515 1286 3564; x_wconf 92' lang='lat' dir='ltr'>iu</span> 
     </span>
     <span class='ocr_line' id='line_1_36' title="bbox 197 3585 1287 3652; baseline 0 -16"><span class='ocrx_word' id='word_1_329' title='bbox 197 3592 240 3637; x_wconf 78' lang='lat' dir='ltr'>ert.</span> <span class='ocrx_word' id='word_1_330' title='bbox 277 3585 412 3649; x_wconf 74' lang='lat' dir='ltr'>Significat</span> <span class='ocrx_word' id='word_1_331' title='bbox 428 3586 507 3649; x_wconf 78' lang='lat' dir='ltr'>igitur</span> <span class='ocrx_word' id='word_1_332' title='bbox 523 3587 658 3638; x_wconf 85' lang='lat' dir='ltr'>ministros</span> <span class='ocrx_word' id='word_1_333' title='bbox 670 3589 725 3638; x_wconf 91' lang='lat' dir='ltr'>cio·</span> <span class='ocrx_word' id='word_1_334' title='bbox 760 3600 853 3638; x_wconf 84' lang='lat' dir='ltr'>mense</span> <span class='ocrx_word' id='word_1_335' title='bbox 865 3586 957 3638; x_wconf 89' lang='lat' dir='ltr'>viliore</span> <span class='ocrx_word' id='word_1_336' title='bbox 969 3600 1104 3652; x_wconf 90' lang='lat' dir='ltr'>purpureo</span> <span class='ocrx_word' id='word_1_337' title='bbox 1122 3589 1212 3639; x_wconf 88' lang='lat' dir='ltr'>tomen</span> <span class='ocrx_word' id='word_1_338' title='bbox 1224 3601 1287 3651; x_wconf 85' lang='lat' dir='ltr'>gau·</span> 
     </span>
     <span class='ocr_line' id='line_1_37' title="bbox 198 3658 1288 3727; baseline 0.003 -18"><span class='ocrx_word' id='word_1_339' title='bbox 198 3661 256 3710; x_wconf 90' lang='lat' dir='ltr'>ctos</span> <span class='ocrx_word' id='word_1_340' title='bbox 273 3659 354 3710; x_wconf 87' lang='lat' dir='ltr'>luisse</span> <span class='ocrx_word' id='word_1_341' title='bbox 373 3660 470 3711; x_wconf 85' lang='lat' dir='ltr'>tunicis</span> <span class='ocrx_word' id='word_1_342' title='bbox 488 3658 574 3711; x_wconf 88' lang='lat' dir='ltr'>linteis</span> <span class='ocrx_word' id='word_1_343' title='bbox 591 3673 675 3726; x_wconf 84' lang='lat' dir='ltr'>prope</span> <span class='ocrx_word' id='word_1_344' title='bbox 687 3663 726 3712; x_wconf 84' lang='lat' dir='ltr'>lo·</span> <span class='ocrx_word' id='word_1_345' title='bbox 761 3675 826 3727; x_wconf 85' lang='lat' dir='ltr'>supe</span> <span class='ocrx_word' id='word_1_346' title='bbox 842 3664 973 3726; x_wconf 88' lang='lat' dir='ltr'>pertersa.</span> <span class='ocrx_word' id='word_1_347' title='bbox 1013 3663 1052 3713; x_wconf 89' lang='lat' dir='ltr'>De</span> <span class='ocrx_word' id='word_1_348' title='bbox 1070 3661 1153 3712; x_wconf 81' lang='lat' dir='ltr'>forma</span> <span class='ocrx_word' id='word_1_349' title='bbox 1175 3675 1288 3726; x_wconf 75' lang='lat' dir='ltr'>pousupc</span> 
     </span>
     <span class='ocr_line' id='line_1_38' title="bbox 197 3735 1283 3800; baseline 0.003 -17"><span class='ocrx_word' id='word_1_350' title='bbox 197 3747 264 3799; x_wconf 73' lang='lat' dir='ltr'>puteo</span> <span class='ocrx_word' id='word_1_351' title='bbox 280 3736 315 3784; x_wconf 89' lang='lat' dir='ltr'>ud</span> <span class='ocrx_word' id='word_1_352' title='bbox 332 3735 476 3785; x_wconf 80' lang='lat' dir='ltr'>obscoenum</span> <span class='ocrx_word' id='word_1_353' title='bbox 487 3736 612 3786; x_wconf 74' lang='lat' dir='ltr'>subductio</span> <span class='ocrx_word' id='word_1_354' title='bbox 623 3737 683 3799; x_wconf 86' lang='lat' dir='ltr'>(Sat.</span> <span class='ocrx_word' id='word_1_355' title='bbox 699 3738 723 3800; x_wconf 87' lang='lat' dir='ltr'>l,</span> <span class='ocrx_word' id='word_1_356' title='bbox 761 3737 808 3786; x_wconf 85' lang='lat' dir='ltr'>cir.</span> <span class='ocrx_word' id='word_1_357' title='bbox 828 3737 915 3800; x_wconf 80' lang='lat' dir='ltr'>Reisig</span> <span class='ocrx_word' id='word_1_358' title='bbox 932 3737 988 3786; x_wconf 84' lang='lat' dir='ltr'>Lat.</span> <span class='ocrx_word' id='word_1_359' title='bbox 1001 3737 1130 3798; x_wconf 79' lang='lat' dir='ltr'>Spruclrw.</span> <span class='ocrx_word' id='word_1_360' title='bbox 1144 3748 1170 3800; x_wconf 90' lang='lat' dir='ltr'>p.</span> <span class='ocrx_word' id='word_1_361' title='bbox 1185 3736 1241 3786; x_wconf 77' lang='lat'>⁴28.</span> <span class='ocrx_word' id='word_1_362' title='bbox 1256 3760 1283 3772; x_wconf 96' lang='lat'><em>-</em></span> 
     </span>
     <span class='ocr_line' id='line_1_39' title="bbox 197 3809 1287 3876; baseline 0.002 -18"><span class='ocrx_word' id='word_1_363' title='bbox 197 3810 226 3870; x_wconf 76' lang='lat'>2,</span> <span class='ocrx_word' id='word_1_364' title='bbox 244 3809 307 3872; x_wconf 81' lang='lat' dir='ltr'>sa),</span> <span class='ocrx_word' id='word_1_365' title='bbox 330 3821 383 3872; x_wconf 86' lang='lat' dir='ltr'>qua</span> <span class='ocrx_word' id='word_1_366' title='bbox 405 3810 439 3860; x_wconf 86' lang='lat' dir='ltr'>de</span> <span class='ocrx_word' id='word_1_367' title='bbox 457 3823 487 3860; x_wconf 87' lang='lat' dir='ltr'>re</span> <span class='ocrx_word' id='word_1_368' title='bbox 504 3811 574 3861; x_wconf 88' lang='lat' dir='ltr'>ridet</span> <span class='ocrx_word' id='word_1_369' title='bbox 599 3810 725 3862; x_wconf 88' lang='lat' dir='ltr'>Servilius</span> <span class='ocrx_word' id='word_1_370' title='bbox 759 3811 885 3876; x_wconf 75' lang='lat' dir='ltr'>perterrti]</span> <span class='ocrx_word' id='word_1_371' title='bbox 906 3811 1008 3861; x_wconf 85' lang='lat' dir='ltr'>Etenim</span> <span class='ocrx_word' id='word_1_372' title='bbox 1026 3824 1124 3860; x_wconf 87' lang='lat' dir='ltr'>acerna</span> <span class='ocrx_word' id='word_1_373' title='bbox 1141 3809 1196 3872; x_wconf 84' lang='lat' dir='ltr'>ille,</span> <span class='ocrx_word' id='word_1_374' title='bbox 1215 3810 1287 3875; x_wconf 89' lang='lat' dir='ltr'>apud</span> 
     </span>
     <span class='ocr_line' id='line_1_40' title="bbox 197 3884 1287 3952; baseline 0.006 -20"><span class='ocrx_word' id='word_1_375' title='bbox 197 3897 223 3933; x_wconf 88' lang='lat' dir='ltr'>v.</span> <span class='ocrx_word' id='word_1_376' title='bbox 238 3884 279 3933; x_wconf 81' lang='lat'>70.</span> <span class='ocrx_word' id='word_1_377' title='bbox 309 3885 414 3935; x_wconf 86' lang='lat' dir='ltr'>Etenim</span> <span class='ocrx_word' id='word_1_378' title='bbox 430 3886 456 3936; x_wconf 91' lang='lat' dir='ltr'>in</span> <span class='ocrx_word' id='word_1_379' title='bbox 480 3886 531 3936; x_wconf 88' lang='lat' dir='ltr'>lroc</span> <span class='ocrx_word' id='word_1_380' title='bbox 552 3899 660 3952; x_wconf 89' lang='lat' dir='ltr'>quoque</span> <span class='ocrx_word' id='word_1_381' title='bbox 683 3889 723 3938; x_wconf 89' lang='lat' dir='ltr'>io·</span> <span class='ocrx_word' id='word_1_382' title='bbox 762 3885 827 3936; x_wconf 86' lang='lat' dir='ltr'>alios</span> <span class='ocrx_word' id='word_1_383' title='bbox 858 3887 940 3936; x_wconf 81' lang='lat' dir='ltr'>citrea</span> <span class='ocrx_word' id='word_1_384' title='bbox 969 3899 1062 3936; x_wconf 83' lang='lat' dir='ltr'>meuse</span> <span class='ocrx_word' id='word_1_385' title='bbox 1091 3899 1124 3935; x_wconf 89' lang='lat' dir='ltr'>ex</span> <span class='ocrx_word' id='word_1_386' title='bbox 1152 3887 1287 3938; x_wconf 83' lang='lat' dir='ltr'>lloretieni</span> 
     </span>
     <span class='ocr_line' id='line_1_41' title="bbox 197 3957 1288 4026; baseline 0.003 -18"><span class='ocrx_word' id='word_1_387' title='bbox 197 3957 317 4022; x_wconf 83' lang='lat' dir='ltr'>eptiebat</span> <span class='ocrx_word' id='word_1_388' title='bbox 334 3959 506 4021; x_wconf 77' lang='lat' dir='ltr'>Nasidienus,</span> <span class='ocrx_word' id='word_1_389' title='bbox 526 3961 599 4026; x_wconf 83' lang='lat' dir='ltr'>quod</span> <span class='ocrx_word' id='word_1_390' title='bbox 616 3963 726 4012; x_wconf 85' lang='lat' dir='ltr'>istohe-</span> <span class='ocrx_word' id='word_1_391' title='bbox 761 3961 889 4025; x_wconf 86' lang='lat' dir='ltr'>temporis</span> <span class='ocrx_word' id='word_1_392' title='bbox 913 3974 989 4011; x_wconf 89' lang='lat' dir='ltr'>ruore</span> <span class='ocrx_word' id='word_1_393' title='bbox 1013 3959 1084 4011; x_wconf 88' lang='lat' dir='ltr'>nullo</span> <span class='ocrx_word' id='word_1_394' title='bbox 1108 3963 1196 4026; x_wconf 88' lang='lat' dir='ltr'>tapete</span> <span class='ocrx_word' id='word_1_395' title='bbox 1220 3962 1288 4013; x_wconf 86' lang='lat' dir='ltr'>iuter</span> 
     </span>
     <span class='ocr_line' id='line_1_42' title="bbox 196 4027 1288 4099; baseline 0.002 -17"><span class='ocrx_word' id='word_1_396' title='bbox 196 4031 254 4082; x_wconf 89' lang='lat' dir='ltr'>bitu</span> <span class='ocrx_word' id='word_1_397' title='bbox 274 4029 424 4096; x_wconf 80' lang='lat' dir='ltr'>voluptario</span> <span class='ocrx_word' id='word_1_398' title='bbox 446 4035 628 4086; x_wconf 82' lang='lat' dir='ltr'>Maecenatem</span> <span class='ocrx_word' id='word_1_399' title='bbox 642 4027 725 4086; x_wconf 80' lang='lat' dir='ltr'>&#39;vole-</span> <span class='ocrx_word' id='word_1_400' title='bbox 761 4035 930 4086; x_wconf 86' lang='lat' dir='ltr'>coenandum</span> <span class='ocrx_word' id='word_1_401' title='bbox 943 4036 1069 4099; x_wconf 86' lang='lat' dir='ltr'>cooperta</span> <span class='ocrx_word' id='word_1_402' title='bbox 1082 4037 1151 4098; x_wconf 88' lang='lat' dir='ltr'>erat,</span> <span class='ocrx_word' id='word_1_403' title='bbox 1169 4049 1222 4099; x_wconf 91' lang='lat' dir='ltr'>quo</span> <span class='ocrx_word' id='word_1_404' title='bbox 1234 4037 1288 4087; x_wconf 88' lang='lat' dir='ltr'>sci-</span> 
     </span>
     <span class='ocr_line' id='line_1_43' title="bbox 197 4105 1288 4174; baseline 0.005 -18"><span class='ocrx_word' id='word_1_405' title='bbox 197 4105 404 4167; x_wconf 86' lang='lat' dir='ltr'>batdelectare;</span> <span class='ocrx_word' id='word_1_406' title='bbox 423 4120 505 4171; x_wconf 83' lang='lat' dir='ltr'>quem</span> <span class='ocrx_word' id='word_1_407' title='bbox 517 4108 638 4160; x_wconf 87' lang='lat' dir='ltr'>habitum</span> <span class='ocrx_word' id='word_1_408' title='bbox 650 4123 725 4173; x_wconf 84' lang='lat' dir='ltr'>egre-</span> <span class='ocrx_word' id='word_1_409' title='bbox 761 4109 823 4160; x_wconf 90' lang='lat' dir='ltr'>licet</span> <span class='ocrx_word' id='word_1_410' title='bbox 842 4112 899 4174; x_wconf 88' lang='lat' dir='ltr'>ipsa</span> <span class='ocrx_word' id='word_1_411' title='bbox 922 4121 1029 4172; x_wconf 88' lang='lat' dir='ltr'>quoque</span> <span class='ocrx_word' id='word_1_412' title='bbox 1052 4111 1137 4159; x_wconf 88' lang='lat' dir='ltr'>nitore</span> <span class='ocrx_word' id='word_1_413' title='bbox 1155 4123 1204 4160; x_wconf 89' lang='lat' dir='ltr'>suo</span> <span class='ocrx_word' id='word_1_414' title='bbox 1222 4123 1288 4161; x_wconf 87' lang='lat' dir='ltr'>con-</span> 
     </span>
     <span class='ocr_line' id='line_1_44' title="bbox 197 4179 1010 4245; baseline 0.004 -15"><span class='ocrx_word' id='word_1_415' title='bbox 197 4181 239 4245; x_wconf 82' lang='lat' dir='ltr'>gie</span> <span class='ocrx_word' id='word_1_416' title='bbox 265 4179 394 4232; x_wconf 85' lang='lat' dir='ltr'>describit</span> <span class='ocrx_word' id='word_1_417' title='bbox 421 4181 495 4233; x_wconf 81' lang='lat' dir='ltr'>Philo</span> <span class='ocrx_word' id='word_1_418' title='bbox 521 4183 555 4234; x_wconf 93' lang='lat' dir='ltr'>de</span> <span class='ocrx_word' id='word_1_419' title='bbox 580 4185 633 4236; x_wconf 84' lang='lat' dir='ltr'>vita</span> <span class='ocrx_word' id='word_1_420' title='bbox 659 4199 725 4236; x_wconf 90' lang='lat' dir='ltr'>con·</span> <span class='ocrx_word' id='word_1_421' title='bbox 761 4186 835 4236; x_wconf 87' lang='lat' dir='ltr'>vivas</span> <span class='ocrx_word' id='word_1_422' title='bbox 853 4182 1010 4234; x_wconf 89' lang='lat' dir='ltr'>oblectaret.</span> 
     </span>
     <span class='ocr_line' id='line_1_45' title="bbox 198 4252 1289 4324; baseline 0.002 -19"><span class='ocrx_word' id='word_1_423' title='bbox 198 4252 291 4320; x_wconf 90' lang='lat' dir='ltr'>templ.</span> <span class='ocrx_word' id='word_1_424' title='bbox 314 4255 361 4305; x_wconf 83' lang='lat' dir='ltr'>Ed.</span> <span class='ocrx_word' id='word_1_425' title='bbox 384 4257 497 4321; x_wconf 77' lang='lat' dir='ltr'>Mangey</span> <span class='ocrx_word' id='word_1_426' title='bbox 520 4259 548 4309; x_wconf 85' lang='grc' dir='ltr'>Τ.</span> <span class='ocrx_word' id='word_1_427' title='bbox 571 4261 590 4309; x_wconf 91' lang='lat' dir='ltr'>l.</span> <span class='ocrx_word' id='word_1_428' title='bbox 611 4273 637 4324; x_wconf 93' lang='lat' dir='ltr'>p.</span> <span class='ocrx_word' id='word_1_429' title='bbox 661 4259 723 4310; x_wconf 85' lang='lat' dir='ltr'>l78:</span> <span class='ocrx_word' id='word_1_430' title='bbox 794 4259 879 4308; x_wconf 79' lang='lat' dir='ltr'>ta-tu.</span> <span class='ocrx_word' id='word_1_431' title='bbox 898 4257 1289 4324; x_wconf 75' lang='lat' dir='ltr'>Sudlcpithuaecunqueabie·</span> 
     </span>
     <span class='ocr_line' id='line_1_46' title="bbox 197 4325 1288 4405; baseline 0.003 -25"><span class='ocrx_word' id='word_1_432' title='bbox 197 4325 351 4381; x_wconf 76' lang='grc' dir='ltr'><strong><em>διακονικὰ</em></strong></span> <span class='ocrx_word' id='word_1_433' title='bbox 368 4325 549 4403; x_wconf 78' lang='grc' dir='ltr'><strong><em>ἀνδράποδα,</em></strong></span> <span class='ocrx_word' id='word_1_434' title='bbox 574 4327 724 4405; x_wconf 80' lang='grc' dir='ltr'><strong><em>εὐμορφό-</em></strong></span> <span class='ocrx_word' id='word_1_435' title='bbox 762 4336 855 4384; x_wconf 87' lang='lat' dir='ltr'>cerant</span> <span class='ocrx_word' id='word_1_436' title='bbox 878 4335 1022 4396; x_wconf 86' lang='lat' dir='ltr'>convivae,</span> <span class='ocrx_word' id='word_1_437' title='bbox 1050 4347 1124 4395; x_wconf 86' lang='lat' dir='ltr'>ossa,</span> <span class='ocrx_word' id='word_1_438' title='bbox 1152 4333 1288 4398; x_wconf 86' lang='lat' dir='ltr'>putamina</span> 
     </span>
    </p>
   </div>
   <div class='ocr_carea' id='block_1_5' title="bbox 0 0 1588 4972">
    <p class='ocr_par' dir='ltr' id='par_1_7' title="bbox 0 0 1588 4972">
     <span class='ocr_line' id='line_1_47' title="bbox 0 0 1588 4972; baseline 0 0"><span class='ocrx_word' id='word_1_439' title='bbox 0 0 1588 4972; x_wconf 95' lang='lat' dir='ltr'> </span> 
     </span>
    </p>
   </div>
  </div>
 </body>
</html>
