3082 4968
560 428 619 478 Llll.
640 429 658 477 l.
695 430 762 480 sul.
783 430 823 480 Vl.

191 585 286 666 Quod
309 605 374 650 non
397 583 554 671 ingenuos
576 582 695 652 habeat
715 583 887 673 clarosque
909 596 1074 673 parentes,

189 707 244 775 Sic
264 726 316 774 me
339 705 519 774 defendam.
562 706 671 794 Longe
693 727 766 774 mea
794 706 958 795 discrepat
978 709 1047 775 istis

189 831 228 896 Et
247 851 311 897 vox
334 837 368 896 et
388 828 484 896 ratio:
506 847 582 894 nam
603 829 630 895 si
652 839 766 896 natura
787 829 916 896 iuberet

194 953 219 1018 Α
240 951 336 1018 certis
358 950 450 1017 minis
473 969 590 1017 aevum
615 971 763 1018 remeare
784 961 950 1039 peractum

191 1075 295 1162 Atque
318 1072 399 1140 alios
422 1071 532 1160 legero
554 1071 596 1138 ad
618 1072 734 1140 lustum
755 1094 968 1162 quoscunque
996 1085 1146 1162 parentes
1199 1077 1240 1142 95

192 1196 328 1282 Optaret
350 1194 414 1292 sibi
437 1193 592 1282 quisquo,
615 1195 697 1261 meis
719 1205 888 1262 contentus
909 1196 1063 1264 honestos

191 1316 348 1383 Fascibus
371 1325 404 1383 et
424 1315 513 1382 sellis
535 1314 653 1382 nollem
674 1315 751 1382 mihi
774 1337 918 1392 sumere,
941 1316 1076 1385 demens

190 1436 317 1504 Iudicio
340 1435 441 1525 volgi,
465 1457 564 1504 sanus
585 1437 722 1506 fortasse
743 1447 816 1516 tuo,
841 1438 929 1527 quod

188 1559 316 1626 Nollem
332 1579 415 1624 onus
430 1557 517 1624 haud
532 1579 676 1646 unquam
691 1558 804 1626 solitus
819 1569 949 1647 portare
964 1561 1144 1629 molestum.

187 1681 271 1746 Nam
292 1678 370 1744 mihi
393 1679 544 1746 continuo
566 1679 669 1746 maior
690 1680 879 1768 quaerenda
901 1681 983 1750 foret
1003 1704 1057 1750 res
1175 1682 1237 1749 too

186 1803 296 1890 Atque
319 1800 478 1868 salutandi
500 1800 626 1889 plures,
650 1801 820 1870 ducendus
842 1814 875 1870 et
896 1825 980 1870 unus

214 1993 255 2043 96.
273 1993 391 2042 sonuum
406 1993 432 2042 S.
451 1991 562 2056 (onustos
578 1992 664 2044 codd.
682 1991 754 2056 aliq.)
774 2019 801 2028 -
821 1992 861 2042 97.
879 1992 991 2043 nolluit.

146 2155 239 2194 moran
262 2155 376 2194 runem
399 2142 546 2207 peractum]
573 2144 676 2193 «vtum
712 2142 798 2192 multis
818 2142 881 2192 uitii
903 2141 975 2194 liberi
990 2143 1109 2206 relinquit
1129 2144 1240 2194 drettur-

147 2217 237 2268 denuo
260 2217 393 2281 incipere,
419 2215 482 2268 indo
499 2230 515 2267 a
533 2221 607 2268 certo
628 2230 676 2267 ae·
711 2218 782 2280 fuson
797 2217 923 2266 clientium
935 2217 1060 2280 populis!
1077 2219 1135 2269 Noa
1147 2222 1238 2270 umen

148 2293 210 2344 tatis
236 2304 320 2352 anno,
350 2291 555 2356 quadragesimo
584 2296 674 2356 puta.»
713 2292 771 2342 eius
799 2292 1046 2356 interpretationem
1074 2293 1237 2357 comprobo:

147 2368 237 2431 Eas-ip.
256 2365 347 2430 Suppl.
367 2363 444 2415 tuso:
463 2367 490 2416 rt
506 2361 542 2431 δὴ
559 2365 676 2437 lipotos-
713 2379 775 2418 nam
797 2366 970 2417 memoranda
994 2379 1060 2418 sane
1081 2370 1140 2417 erat
1161 2366 1238 2432 longe

148 2458 194 2494 σιν
212 2436 269 2492 οὐκ
285 2434 365 2490 ἔστιν
380 2436 447 2490 τόδε
463 2440 556 2504 usone
573 2438 616 2504 δὶς
634 2437 675 2492 al·
712 2441 798 2491 maior
814 2438 936 2491 molestia
953 2439 1019 2492 alios
1040 2440 1184 2500 salutandi;
1212 2443 1240 2492 et

148 2533 195 2569 ναι
212 2517 263 2566 καὶ
279 2517 416 2585 γέροντας
427 2507 466 2566 ed
477 2513 562 2567 πάλιν
568 2532 579 2576 ,·
598 2543 626 2554 -
641 2518 676 2567 od
712 2515 758 2579 qui
779 2515 894 2566 maiores
917 2515 1035 2566 honoras
1058 2515 1237 2580 appetebant,

147 2591 248 2656 [mrsu]
263 2589 428 2640 saecundum
445 2590 555 2651 tastum,
574 2604 624 2656 pro
640 2591 676 2642 la-
712 2590 793 2639 etiam
804 2601 866 2639 cum
878 2592 1026 2650 senatores,
1039 2589 1149 2651 aediles,
1162 2602 1239 2655 prae-

148 2671 190 2718 sta
207 2679 273 2727 suo,
297 2665 438 2728 parentes,
463 2665 562 2728 quibus
578 2665 676 2728 gloria·
712 2664 784 2714 tores
801 2667 904 2724 essent,
926 2664 1112 2728 suffragiorum
1132 2667 1159 2714 ot
1179 2676 1239 2715 am·

148 2745 249 2793 retur.»
286 2739 361 2790 Hand
380 2740 454 2790 Turs.
473 2741 492 2789 1.
506 2753 533 2804 p.
548 2740 610 2791 ut:
631 2742 676 2790 aut
711 2737 818 2789 bitionis
846 2750 928 2788 eausa
962 2740 1095 2803 primores
1127 2741 1239 2790 civitatis

149 2813 292 2867 satisfieret
308 2812 412 2864 lustru.»
432 2839 460 2850 -
478 2815 510 2864 V.
522 2817 613 2864 autam
628 2829 676 2877 po-
712 2811 828 2864 salutare
846 2825 958 2864 necesso
976 2813 1122 2864 habebant.
1157 2816 1195 2863 lta
1207 2816 1235 2864 L.

148 2896 229 2941 mles
245 2901 332 2952 aeque
356 2889 471 2952 pertinet
491 2888 526 2938 ad
551 2903 594 2940 vv.
612 2890 676 2940 ulios
711 2888 888 2951 Vargunteius
911 2890 1020 2938 senator
1036 2890 1064 2938 et
1086 2889 1116 2938 C.
1136 2889 1238 2939 Corne-

149 2967 228 3031 lepsrs
249 2965 278 3014 et
298 2963 332 3012 sd
353 2977 395 3013 vv.
415 2975 573 3026 quaecamque
595 2965 675 3027 Opto-
711 2959 761 3012 lius
779 2973 862 3024 eques
881 2963 926 3012 lto.
946 2962 1023 3013 sicuti
1040 2959 1185 3012 salutatum
1196 2962 1239 3010 in·

148 3040 242 3092 metti
254 3039 371 3101 quisqam
389 3039 515 3100 quocirca
528 3039 675 3092 distinctio·
712 3035 793 3084 troiro
811 3034 846 3084 ad
863 3035 1021 3086 Ciceronem
1042 3034 1183 3096 volebant,
1209 3039 1239 3085 ut

150 3129 211 3167 nem
232 3116 296 3178 post
311 3126 337 3163 v.
356 3113 436 3177 lepos
452 3113 555 3164 sustuli.
580 3139 607 3150 -
628 3115 676 3165 to-
713 3121 776 3159 eum
799 3107 960 3159 occiderent.
983 3108 1077 3161 Salust.
1101 3108 1176 3161 Catil.
1195 3109 1237 3160 28.

149 3195 229 3241 nectos
250 3187 370 3238 Fascibus
389 3191 413 3236 et
433 3187 507 3252 ulte]
543 3189 675 3239 «honora-
712 3183 816 3234 Festive
837 3181 957 3234 Manilius
979 3184 1007 3243 s,
1027 3182 1071 3234 ot:
1100 3183 1240 3247 (Salutator

150 3267 190 3316 tos
206 3261 346 3314 curulibus
370 3261 581 3325 magistratibus,
610 3277 675 3315 con-
712 3261 838 3309 strenuus
854 3270 887 3307 ac
903 3255 1005 3319 sollers)
1027 3258 1112 3308 Instar
1128 3259 1177 3308 erit
1188 3272 1239 3320 po-

150 3338 252 3390 culares
264 3339 291 3388 et
300 3337 477 3401 praetorios.»
496 3338 580 3388 Corra.
594 3339 673 3395 Cano.
711 3333 765 3396 preli
781 3337 882 3395 totoque
898 3331 1020 3383 tcbttobit
1041 3334 1069 3384 iu
1092 3333 1168 3394 Urbs,
1194 3333 1240 3384 tt-

151 3412 231 3464 Plaut.
247 3412 323 3475 Capt.
334 3411 359 3469 ἲ,
372 3409 400 3471 3,
414 3410 458 3460 32:
479 3412 574 3474 ocimo
583 3413 677 3462 ltooore
712 3409 783 3459 minu
789 3408 955 3470 pervolitans,
964 3420 1092 3470 aaronque
1097 3409 1239 3472 mumulo

150 3488 313 3539 moestiores
328 3497 425 3548 semper
439 3487 498 3548 lectt
512 3491 536 3536 ot
553 3487 625 3551 lucil
646 3513 674 3524 -
711 3483 815 3534 oerbwo
826 3484 903 3534 Mona
913 3483 1041 3532 adulandi
1050 3489 1158 3546 porteris
1167 3497 1239 3534 eom-

149 3562 254 3626 sorum
270 3559 321 3623 tuo]
336 3561 380 3609 «ut
393 3559 675 3611 iudiciumloretuum
712 3559 796 3608 mooe
820 3558 925 3607 unius:
970 3557 1081 3620 (Mutuus
1107 3557 1239 3610 salutandi

151 3649 198 3701 par
215 3637 272 3686 est:
291 3635 349 3685 sine
361 3633 468 3695 dubios,
487 3635 565 3684 sicuti
582 3636 675 3686 Graeci
713 3629 850 3683 molestias
861 3630 949 3694 lepide
961 3629 1089 3682 describit
1107 3633 1239 3683 Lucienus

150 3712 281 3776 usurpant
296 3705 376 3771 ἴσως.
406 3709 483 3760 Hand
500 3710 576 3760 Turs.
596 3709 627 3760 ll.
647 3724 674 3774 p.
713 3707 739 3756 in
761 3707 869 3770 Nigrino
887 3705 928 3755 2⁴.
957 3705 1137 3768 Hieronymus
1156 3706 1238 3770 Epist.

151 3786 206 3836 722.
234 3784 362 3848 «Egregm
374 3784 426 3834 hoc
438 3783 514 3844 dixit,
534 3785 677 3848 qirialtlse·
713 3781 760 3833 tu:
786 3782 863 3832 Prtdst
884 3781 967 3830 dicen
987 3780 1156 3842 frequentiam
1171 3781 1242 3832 salu

151 3871 230 3911 oenas
248 3869 333 3922 eques
357 3859 490 3908 Romanus
512 3860 675 3922 permansit,
713 3857 797 3919 tondi,
816 3869 868 3919 quo
883 3860 930 3905 cast
945 3855 994 3918 ipss·
1011 3854 1166 3918 quotidisod
1176 3856 1241 3906 otios

152 3934 304 3998 contempto
320 3933 454 3983 senatorio
472 3931 592 3983 ordine.»
612 3935 674 3983 Aca.
709 3933 903 3996 perplaceant
918 3930 954 3979 od
975 3929 1160 3980 suaveolentes
1175 3935 1241 3980 cete-

153 4035 179 4046 -
196 4008 326 4060 amandi
339 4007 433 4071 ptores]
456 4004 575 4071 Explicat
595 4007 677 4058 lisin-
712 4019 756 4057 ros
784 4003 978 4068 suspectantes.)
1010 4031 1036 4056 ,-
1067 4005 1194 4054 docsodus
1217 4009 1241 4054 ot

151 4083 265 4134 dordus:
302 4080 476 4134 «salutatores
497 4079 588 4146 plures
605 4083 677 4132 acci·
713 4094 778 4132 unte
801 4082 835 4130 st
858 4093 938 4130 coum
960 4079 1033 4144 atur]
1060 4078 1241 4142 «ambiguita-

151 4157 265 4221 piendi.»
300 4157 411 4207 Praeter
428 4157 484 4207 Cic,
501 4156 537 4207 ad
558 4157 631 4207 Fam.
650 4156 674 4216 7,
714 4157 769 4206 tem
781 4155 808 4205 in
820 4155 862 4206 his
871 4154 1058 4205 offendimus.»
1076 4154 1153 4205 Hand
1165 4154 1239 4204 lura.

151 4231 191 4282 28.
207 4235 236 4284 et
251 4232 278 4294 9,
298 4232 340 4281 2⁰.
359 4232 465 4295 poterat
481 4230 577 4282 altene
595 4232 676 4282 etiarn
713 4233 745 4282 11.
759 4245 786 4296 p.
800 4230 857 4281 538.
888 4231 1013 4280 Lectores
1028 4232 1119 4279 tamen
1137 4228 1242 4278 Latinos

152 4308 269 4358 Seneme
287 4304 351 4356 illud
363 4305 398 4356 de
409 4306 486 4356 Brev.
500 4307 530 4356 V.
543 4307 574 4356 2:
595 4308 677 4370 Qsiom
714 4308 741 4356 in
759 4303 931 4368 ambiguitate
948 4305 998 4356 ista
1016 4304 1135 4354 haesisse
1153 4303 1242 4354 neuti-
