3090 4974
623 447 684 497 aas
700 444 845 496 Pontici.

239 602 435 672 Commodus
458 612 491 670 et
511 601 652 691 patiens,
676 621 739 668 non
762 611 798 667 nt
818 601 860 668 de
882 601 962 668 sede
984 601 1128 668 secunda

239 725 378 792 Cederet
401 733 592 813 autquarta
613 705 798 791 socialiter*
830 722 889 790 Hic
910 733 943 790 ct
965 724 996 788 in
1018 723 1092 790 dcci

238 846 404 913 Nobilibus
426 844 577 912 trimetris
599 855 734 934 apparet
755 865 848 912 rarus
870 854 903 912 et
926 845 1005 911 Enni
1112 875 1116 884 ·

237 970 272 1034 ln
295 987 426 1036 scenam
448 967 566 1034 missos
587 987 661 1035 cnm
683 985 800 1054 magno
822 966 966 1053 pondere
987 959 1103 1034 versus
1221 967 1284 1034 260

228 1155 285 1206 Vol.
298 1156 339 1208 ti.
359 1170 385 1221 p.
399 1155 456 1207 itt.
473 1184 499 1192 -
512 1157 569 1207 256.
589 1157 711 1219 &cadius
729 1155 783 1218 (sic)
801 1155 895 1205 stabilis
911 1155 940 1205 Β.
956 1181 983 1191 -
998 1155 1056 1205 tta.
1074 1155 1132 1206 Acci
1148 1154 1249 1214 hstes,

229 1231 279 1280 cte
291 1233 319 1280 et
330 1229 476 1282 Bentleius:
496 1231 555 1280 actii
573 1230 630 1280 «vel
643 1231 712 1280 occi»
730 1230 759 1292 Β,
777 1229 829 1280 Atti
840 1231 892 1281 th.
909 1257 936 1266 -
949 1229 1006 1280 259.
1020 1234 1044 1280 et
1053 1231 1128 1280 Enni.
1147 1233 1176 1280 ln
1187 1232 1249 1282 tct.

230 1332 256 1340 -
268 1304 326 1354 259.
336 1305 393 1354 biiii.
407 1309 430 1354 et
441 1305 515 1354 linei.
534 1307 563 1354 ln
572 1317 673 1355 sceumn
683 1306 772 1356 mimus
783 1303 898 1356 Marciiio
910 1307 1019 1356 auctore
1028 1305 1171 1357 Bentleius.
1187 1307 1253 1370 (mh-

228 1392 267 1428 sos
283 1377 354 1428 clere
373 1377 499 1430 exhibent
516 1377 647 1441 BhSTed.)
667 1407 694 1416 —
711 1381 769 1430 259.
786 1379 918 1430 Mobilibus
935 1378 1051 1430 malebat
1067 1380 1208 1432 Victorius.
1224 1408 1250 1416 -

227 1453 588 1517 suammetipsam
606 1452 690 1506 Codd.
704 1452 765 1517 aliq.
785 1455 846 1518 (non
864 1455 917 1504 mei
934 1467 985 1504 nec
1002 1453 1170 1518 Bentleianil,
1189 1456 1250 1506 LCt.

195 1635 261 1686 την,
291 1613 309 1668 ὃ
337 1617 457 1685 ἐποίησε
484 1616 661 1690 Πραξιτέλης
690 1619 721 1672 ἐν
759 1621 842 1673 haiim
857 1633 989 1687 persaepe
1001 1621 1028 1686 id
1040 1625 1284 1686 conmemorant,

196 1692 288 1761 Κνίδῳ
306 1690 347 1746 οὐ
365 1691 457 1746 πάνυ
475 1691 719 1758 rottenstein,
757 1700 788 1748 ut
799 1699 824 1747 in
837 1700 912 1748 serta
921 1697 1166 1750 maneretiambus.
1185 1700 1285 1750 Ennius

196 1770 289 1830 idest,
309 1771 414 1843 circiter
425 1771 501 1820 DXX.
521 1771 575 1820 Cic.
591 1771 664 1821 Brut.
678 1771 719 1831 to,
758 1773 827 1824 hled.
841 1787 868 1837 p.
881 1774 922 1824 52.
936 1775 980 1824 B.:
998 1773 1080 1837 Arpo,
1098 1785 1150 1834 poe
1165 1775 1229 1824 vecti
1237 1775 1286 1824 Ar*-

196 1844 240 1895 tl:
270 1845 436 1895 ibenhtoeles
456 1845 506 1909 suit
525 1851 647 1910 remanes
668 1846 722 1896 iem
756 1847 810 1910 piei
825 1847 911 1898 delecti
926 1847 985 1897 oiri.
1016 1849 1084 1899 Nam
1104 1851 1135 1898 ut
1156 1847 1286 1898 oholiam-

196 1920 318 1979 Graecia,
341 1925 428 1970 nostro
448 1924 533 1970 eaden
554 1921 655 1970 multata
670 1933 722 1970 noo
758 1921 808 1972 hos
825 1923 932 1972 etmiro
944 1921 1099 1974 casnsimnl
1113 1922 1286 1974 hexametros

196 1995 233 2044 ite
251 1995 350 2056 pmdeia
372 1995 502 2045 dominatu
517 1995 587 2058 repio
604 1994 719 2045 hemme
758 1996 878 2046 iacerent
894 1997 956 2046 huic
974 1997 1092 2047 Enniano
1112 1995 1227 2048 slmiles:
1247 1997 1287 2047 ct-

195 2069 255 2133 lpse
273 2069 326 2119 Sat.
340 2070 368 2130 t,
381 2069 412 2130 t,
427 2067 468 2119 te.
487 2068 556 2118 houd
571 2070 608 2118 tto
621 2069 722 2131 pridem
755 2071 913 2122 oesitontcei
929 2076 989 2121 heac
1005 2071 1134 2134 foetiscat
1145 2072 1283 2134 eompmt:

195 2145 307 2206 usurpat
330 2142 365 2194 de
388 2143 495 2193 circiter
517 2143 612 2194 LXXX.
634 2145 719 2194 annis.
758 2159 792 2198 eo
816 2158 904 2209 usque
930 2144 1051 2196 licentiae
1073 2146 1208 2210 progressi
1232 2158 1285 2196 non

196 2215 372 2268 Doederleinii
396 2219 486 2268 autem
507 2221 534 2270 et
555 2218 641 2268 Jahnii
659 2219 685 2268 h.
702 2216 719 2268 l.
758 2223 827 2270 sunt.
853 2219 942 2270 Verba
959 2220 1037 2282 igitur
1054 2234 1097 2269 vv.
1110 2221 1235 2271 abacta.
1249 2219 1284 2270 iia

197 2292 430 2356 interpretationes
447 2291 571 2342 dabimus
582 2293 609 2342 in
620 2293 722 2342 Excur-
757 2295 934 2358 interpretor:
948 2293 1071 2344 «lumbus
1083 2295 1109 2345 in
1119 2295 1193 2345 Ennii
1203 2297 1284 2358 obrue

196 2380 227 2418 su
238 2368 315 2418 vitii.
327 2395 354 2404 -
365 2368 492 2430 spondeos
507 2367 613 2432 studites]
632 2368 722 2431 Oppo-
757 2369 829 2420 tiocli
847 2369 973 2418 trimetris
991 2371 1104 2432 apparet
1115 2381 1191 2419 ramis
1203 2373 1285 2433 atque

197 2444 295 2492 huntur
312 2443 424 2507 spondei
442 2442 537 2494 iambis
549 2443 668 2492 meteriis
680 2445 722 2492 at-
757 2444 901 2508 propterea
912 2443 1051 2506 uirtusque
1065 2445 1161 2508 poetae
1172 2445 1286 2494 trimetri

196 2530 248 2580 que
262 2515 404 2568 celeribus.
418 2544 444 2556 -
458 2517 643 2580 tureputeme]
657 2517 723 2568 Sunt
759 2518 854 2570 merito
880 2517 907 2568 in
932 2518 1172 2582 reprehensionem
1194 2519 1286 2569 ineur-

196 2592 253 2641 iura
271 2591 435 2654 singulorum
450 2591 564 2644 illiorum
576 2592 722 2642 inuniver-
758 2594 850 2642 runt.»
878 2592 1027 2653 (hieniiesto
1050 2595 1140 2642 antem
1162 2591 1226 2643 laisa
1244 2595 1286 2643 est

196 2677 257 2716 snm
270 2666 322 2727 ius,
343 2665 414 2729 quod
426 2667 567 2730 patervita
579 2666 722 2718 deiunctus
758 2667 800 2716 Du
817 2665 928 2716 Hamelii
947 2667 975 2714 et
991 2666 1101 2716 Gonodii
1123 2668 1286 2730 interprete·
1337 2689 1343 2700 ·

196 2743 317 2804 tempore
342 2741 435 2790 mertis
461 2739 589 2790 habehat.
616 2741 722 2804 «spon-
759 2740 808 2789 tio:
826 2741 866 2789 hie
882 2739 1018 2802 speum,
1036 2741 1082 2803 qui
1099 2753 1149 2804 pes
1160 2753 1226 2791 sane
1238 2741 1287 2790 mi-

196 2813 262 2864 deos
283 2817 422 2866 consortes
439 2813 490 2864 sibi
510 2815 584 2876 lecit,
609 2813 723 2877 quihus·
759 2815 831 2864 nime
848 2827 926 2864 rarus
943 2813 1091 2878 apparebat
1112 2815 1138 2864 in
1156 2815 1231 2865 Ennii
1249 2813 1287 2864 at·

197 2901 259 2940 cum
283 2887 357 2939 velut
379 2887 558 2940 hereditatem
582 2890 722 2953 paternam
759 2901 812 2951 que
842 2889 914 2938 Accii
940 2887 1076 2948 versibus;
1110 2887 1174 2938 laisa
1205 2890 1286 2938 ettam

197 2965 346 3014 cerneret.»
360 2989 387 3000 -
407 2963 563 3027 Commodes]
580 2961 678 3013 «tacitis
690 2975 723 3012 ae
760 2963 885 3013 Diintaeri
902 2961 959 3013 Vol.
972 2962 1015 3012 lv.
1033 2976 1060 3027 p.
1074 2961 1136 3014 488:
1157 2963 1221 3014 «ilic
1233 2964 1287 3012 tn·-

196 3036 340 3100 benignus,
363 3050 417 3088 non
435 3039 525 3088 amen
543 3038 593 3099 ite,
613 3039 723 3088 utitem
759 3042 849 3098 meter,
875 3038 921 3102 qui
941 3036 1056 3101 pedihus
1077 3037 1216 3088 dumtaxat
1235 3039 1287 3088 im-

197 3111 231 3162 de
242 3110 353 3162 sedibus
364 3112 474 3177 paribus
486 3113 628 3173 cederem»
641 3125 722 3176 quam
760 3111 869 3176 paribus
896 3111 1046 3176 spondeum
1078 3110 1189 3174 toleret,
1224 3125 1287 3163 raro

197 3185 285 3250 legem
301 3200 439 3251 nunquam
456 3188 603 3250 migrarunt
618 3188 720 3238 Graeci.
761 3188 898 3250 comparet
914 3187 941 3236 in
955 3187 1026 3236 Accii
1043 3187 1204 3246 trimetris;»
1222 3201 1287 3252 per-

200 3262 373 3326 -soctettterl
389 3263 477 3324 Pergit
489 3264 515 3312 in
528 3262 723 3326 prosopopoeia
760 3274 838 3314 versa
860 3261 982 3312 eiusdem
1005 3261 1031 3312 in
1055 3260 1191 3312 Editione:
1220 3263 1287 3313 «ilic

198 3336 290 3387 iambi:
316 3336 494 3396 «Commode,
519 3335 655 3400 quomodo
672 3335 720 3386 bo·
761 3337 893 3396 trimeter,
921 3337 967 3399 qni
992 3335 1111 3386 secundo
1134 3339 1236 3387 mntem
1260 3340 1287 3388 et

198 3424 248 3462 nus
265 3412 353 3462 socius
371 3411 444 3462 socio
462 3412 597 3462 interdum
614 3411 648 3462 de
666 3413 724 3461 lure
761 3413 856 3476 quarto
874 3411 944 3474 pede
956 3410 1106 3476 spondeum
1118 3411 1241 3472 admittit,
1260 3414 1286 3463 in

197 3499 246 3536 suo
264 3486 384 3546 decedit.
403 3485 501 3550 aliquid
518 3487 654 3536 remittit.»
674 3486 726 3536 Vo-
761 3485 898 3538 veteribus
916 3487 1021 3550 tragicis
1039 3489 1136 3538 nostris
1147 3499 1224 3541 rarus
1235 3492 1285 3546 est.

198 3560 323 3612 cabulum
332 3574 403 3612 nunc
413 3564 455 3613 est
465 3554 544 3626 ἅπαξ
556 3557 722 3628 λεγόμενον.
762 3561 807 3626 qui
818 3559 918 3624 ubique
930 3561 1082 3626 spondeum
1090 3560 1286 3625 receperunt»)

230 3636 369 3687 eea-262.
396 3636 450 3702 ilia]
474 3637 598 3702 Rierique
619 3638 659 3687 tic
675 3649 724 3701 pro
765 3663 790 3672 -
810 3635 869 3685 Acci
880 3636 1008 3700 --Esm'l
1027 3635 1066 3686 Cl.
1080 3636 1145 3700 Epp.
1157 3637 1189 3697 Ξ,
1203 3637 1213 3684 4
1226 3673 1231 3696 ,
1244 3636 1285 3686 50.
1310 3695 1319 3706 ἱ

199 3711 327 3762 adverbio
343 3711 452 3774 hebent,
469 3713 519 3763 sed
531 3711 672 3763 manifesto
684 3714 726 3762 est
761 3711 801 3761 56.
818 3735 845 3746 -
864 3709 999 3776 Nohttthm]
1026 3723 1113 3775 «qnos
1135 3711 1218 3762 noehi
1240 3723 1288 3761 ae-

198 3785 350 3836 snbiectum
374 3799 427 3836 non
444 3786 531 3838 solum
548 3786 623 3837 verbi
640 3799 725 3848 appo-
762 3784 855 3850 quales
872 3787 1010 3850 tantopere
1027 3784 1153 3836 admirari
1171 3783 1287 3844 selena·

197 3866 250 3920 ret,
277 3861 430 3912 sedetiam
451 3859 526 3911 verbi
547 3861 651 3922 premit,
679 3859 725 3910 nbi
762 3874 814 3911 non
832 3861 889 3911 sine
908 3860 1024 3924 quadem
1042 3860 1134 3910 ironia.
1150 3883 1177 3896 -
1193 3858 1288 3924 missos]

198 3934 386 3987 molestissime
399 3933 560 3998 explicares:
578 3935 644 3984 shoc
655 3932 724 3996 leco,
762 3934 842 3986 veluti
860 3949 875 3985 e
893 3933 995 3986 balista.
1023 3937 1199 3998 Nequaquam
1211 3947 1286 3995 vero,

198 4012 224 4061 in
242 4011 308 4061 sede
325 4009 445 4062 secunda
462 4011 490 4060 et
505 4011 613 4073 quarta,
633 4009 726 4070 praeit
762 4011 792 4060 ut
809 4011 932 4074 opinatur
949 4011 1078 4070 Diintzer,
1106 4011 1147 4059 est
1166 4021 1288 4072 synony-

197 4086 301 4136 mimies
322 4085 399 4136 desii
420 4098 535 4135 omma.»
564 4084 610 4134 Est
633 4083 722 4146 igitur:
763 4097 871 4136 mumv.
883 4085 946 4134 tue:
960 4083 1289 4146 Siquid-somnecoaanit·

199 4161 263 4212 «ilic
280 4160 385 4212 iambus
404 4161 493 4224 tetiam
511 4159 537 4210 in
550 4159 615 4210 sede
627 4171 725 4210 secun·
761 4159 801 4208 tis.
812 4160 877 4208 Nota
888 4159 968 4209 huius
980 4169 1075 4209 versus
1085 4159 1160 4222 (iso.)
1169 4157 1288 4223 quinque

199 4233 232 4286 da
251 4237 279 4285 et
294 4235 397 4298 quarta)
420 4247 481 4284 raro
504 4233 637 4298 reperitur
653 4233 725 4298 apud
762 4232 910 4298 spondeos,
934 4231 1032 4296 quihus
1049 4234 1154 4297 egregie
1171 4233 1289 4284 imitatur

199 4309 312 4362 Ennium
330 4312 357 4360 et
373 4307 520 4370 Accium»,
548 4319 611 4360 cum
632 4309 724 4372 tragici
762 4307 838 4360 Ennii
855 4307 975 4360 senarios
989 4309 1100 4374 propter
1114 4307 1193 4360 huius
1204 4306 1288 4372 ipsius
