3130 4966
604 439 665 490 LlB.
685 441 703 490 1.
738 441 806 492 SAT.
825 441 844 492 1.

229 594 321 673 44400,
346 593 433 661 unde
455 595 536 674 abii,
562 594 679 674 redeo,
702 617 799 664 nemo
821 605 857 664 ut
877 617 996 664 avarus

230 718 272 784 Se
294 716 413 806 probet
434 737 473 785 ac
494 717 602 806 potius
623 717 734 786 laudet
754 717 884 788 diversa
906 729 1096 808 sequentes,

252 889 308 940 4448.
326 891 414 951 redeo,
440 901 512 940 00000
533 895 561 941 ut
581 903 677 940 oooroa
697 889 782 941 codd.
801 889 862 955 aiiq.
882 891 989 956 cruquii
1014 893 1115 955 (tertius
1138 891 1240 954 island.)

219 969 246 1016 et
261 967 345 1026 Fene,
364 968 392 1016 et
406 966 510 1016 Veneta
528 963 607 1018 stat:
624 967 712 1028 redeo,
729 978 819 1016 044004
834 970 863 1015 04
880 967 1048 1018 000404--4
1066 980 1128 1019 cum
1147 966 1240 1034 pieria·

220 1054 272 1105 que
289 1039 400 1106 BbScdp
418 1043 446 1090 et
461 1040 591 1103 Pottierii,
610 1042 640 1091 ut
656 1041 775 1102 videtur,
794 1053 903 1102 omues,
927 1042 991 1092 item
1008 1043 1098 1094 LtFitJ
1116 1044 1143 1092 et
1160 1043 1242 1094 Bent-

218 1115 298 1178 leius,
324 1115 412 1176 redeo,
439 1115 483 1177 qut
504 1127 576 1165 404040
591 1119 621 1165 et
642 1127 739 1165 occisas
755 1129 770 1165 e
788 1115 854 1166 Cod.
872 1114 964 1166 Btand.
984 1119 1080 1180 quarto
1097 1117 1133 1178 C,
1156 1117 1239 1168 redeo.

222 1189 290 1254 Qui?
309 1191 388 1241 Neruo
403 1195 433 1240 ιι4
449 1205 545 1240 morata
561 1191 656 1254 ueistg.
690 1190 791 1242 Verum
809 1193 835 1241 et
854 1205 944 1242 nenton
961 1193 989 1242 et
1004 1191 1092 1253 redeo,
1110 1193 1154 1254 qut
1169 1205 1242 1244 04000

219 1277 293 1316 mera
310 1267 373 1316 sunt
389 1267 563 1316 metricorum
579 1267 685 1317 iuventa
702 1264 737 1315 ad
759 1263 922 1328 iniciendum
939 1267 968 1316 ut
984 1265 1163 1331 opinabantur
1178 1279 1242 1316 ver-

218 1353 279 1392 sum
304 1339 465 1392 necessaria.
500 1341 539 1392 Da
565 1340 640 1392 hiatu
662 1342 754 1392 autem
777 1343 918 1395 Horatiano
940 1340 1009 1394 0004.
1028 1343 1241 1393 Lindemannum

218 1417 245 1466 iu
261 1414 385 1466 Seebode
401 1417 496 1467 Nauem
510 1414 601 1466 Aratio
614 1415 686 1467 4848.
705 1417 780 1468 Fasc.
791 1418 812 1468 4.
825 1430 852 1481 p.
866 1417 907 1469 70.
925 1418 991 1483 Jeep
1018 1417 1044 1468 in
1062 1419 1152 1482 Progr.
1165 1415 1242 1468 Gnat-

217 1490 312 1555 pherb.
331 1489 404 1542 4844.
424 1503 451 1556 p.
464 1489 479 1542 3
497 1503 557 1554 sqq.
573 1518 600 1528 -
614 1489 669 1542 tos.
683 1491 722 1556 oc]
743 1496 770 1542 ot
785 1490 869 1542 codd.
883 1493 961 1557 pauci
975 1492 1020 1556 (d),
1038 1495 1149 1554 Gesner,
1158 1493 1238 1544 Doer.

187 1631 270 1682 itanu.
290 1632 319 1681 t:
338 1631 712 1694 stammam-,etpum-
747 1629 846 1697 plicant
862 1635 967 1684 autem:
995 1633 1075 1694 «Qut,
1097 1631 1210 1694 maium,
1229 1632 1271 1693 444,

186 1705 224 1756 tia
250 1707 378 1756 iimooour
401 1717 487 1755 000044
512 1709 596 1769 prutes
619 1707 712 1757 virtute
748 1719 817 1769 quae
836 1707 945 1758 taudem
967 1709 1016 1760 ista
1033 1711 1075 1760 est
1095 1707 1271 1772 perversitas,

185 1782 319 1844 00444ιο444.
339 1781 445 1831 iiiatum
462 1783 568 1842 autem,
586 1793 710 1845 praeser·
747 1782 778 1830 ut
788 1794 868 1833 nemo
880 1795 977 1833 avarus
986 1795 1034 1833 sua
1046 1782 1202 1833 condicione
1211 1793 1274 1831 000-

186 1857 232 1907 4400
254 1857 281 1906 40
302 1857 380 1906 huius
397 1856 504 1918 generis
524 1857 600 1919 quasi
621 1857 710 1921 primo
747 1857 837 1907 400404
862 1857 911 1918 sit,
937 1857 987 1908 sed
1013 1857 1042 1906 ut
1067 1857 1156 1920 potius
1177 1867 1273 1906 armus

185 1931 331 1998 specimine
343 1933 404 1994 post
415 1931 468 1980 Sat.
484 1930 519 1990 4.,
538 1931 630 1994 utique
646 1929 712 1981 tote-
748 1931 862 1994 quisque
880 1928 971 1981 4444004
987 1929 1127 1996 praedicet
1143 1943 1204 1991 eos,
1228 1929 1273 1992 qui

185 2003 296 2056 rabilem
314 2005 415 2065 iudioo;
434 2016 498 2055 aum
511 2007 602 2056 autem
614 2004 648 2056 ab
661 2007 712 2056 iio·
748 2005 882 2056 diversum
898 2005 968 2056 vitae
986 2007 1118 2057 rationem
1141 2006 1274 2056 tenentai

185 2081 250 2130 ratio
268 2079 417 2130 admissum
432 2091 492 2130 esse
504 2080 603 2131 evincit
614 2077 712 2145 duplex
748 2078 795 2132 Alii
807 2081 895 2132 minua
907 2079 989 2132 etiam
1000 2081 1133 2146 apposite:
1154 2081 1272 2132 «Nemon

186 2155 268 2216 ratio,
305 2167 359 2218 qua
387 2153 591 2219 interpolatores
617 2155 711 2206 vitium
747 2157 778 2206 ut
804 2168 835 2206 se
862 2155 976 2221 probet,
1013 2157 1106 2221 utpote
1134 2155 1272 2206 ararus‘to

185 2229 258 2294 quod
280 2228 412 2294 putabant
433 2227 568 2281 nablatum
593 2231 710 2291 4004004ς
747 2229 911 2295 (nauseant
927 2231 994 2281 uteo
1010 2231 1049 2281 tat
1074 2231 1122 2281 dte
1146 2230 1274 2281 Leiden-

185 2304 305 2370 plerique
327 2305 414 2354 eoim:
440 2315 531 2354 aunon
551 2310 580 2354 04
600 2317 710 2364 worm
747 2307 863 2369 actast,
896 2307 944 2358 die
972 2305 1021 2357 444
1044 2305 1148 2368 jodam
1175 2305 1274 2356 dieser

184 2379 303 2431 Blendin.
330 2379 545 2442 antiquissimus:
572 2381 617 2440 qai
639 2393 712 2431 oeno
750 2381 1027 2446 Unzusriedaoieit
1050 2393 1124 2431 zum
1148 2377 1274 2430 Grande

184 2453 712 2518 ereetundeueiatgiuszqottoenoot
747 2455 857 2522 liegii)
885 2454 934 2508 4444
959 2467 1067 2506 rursus:
1097 2457 1217 2506 Nemone
1243 2467 1273 2505 se

184 2543 281 2582 ovone
302 2529 335 2581 Se
352 2527 531 2592 pretet-n?
555 2543 637 2594 quam
660 2530 712 2580 du·
747 2533 857 2598 probet,
880 2533 910 2582 ut
932 2529 1187 2595 (quemadmodum)
1209 2541 1273 2578 ava-

184 2604 283 2670 pticem
294 2605 528 2668 interrogationem
537 2603 644 2656 firmare
653 2605 712 2669 qui·
748 2621 809 2670 rus,
828 2609 896 2660 sicut
908 2606 970 2658 iacit
981 2606 1063 2656 etiam
1074 2617 1184 2666 avarus,
1203 2605 1232 2653 nt
1242 2617 1272 2656 aa

185 2681 248 2732 dem
272 2677 382 2730 student
404 2692 437 2728 ex
462 2679 515 2730 Sat.
539 2679 568 2739 t,
593 2679 624 2742 ³,
652 2681 709 2732 ⁴28.
748 2682 946 2749 nonprobetin
965 2676 1272 2746 (Coniecturasaiiorum

185 2757 251 2822 tipp.
270 2756 301 2816 i,
319 2755 348 2816 4,
366 2753 407 2804 90.
428 2755 552 2818 (aprorum
570 2757 659 2806 tamen
674 2754 712 2806 40-
748 2757 870 2810 consulto
880 2753 1084 2822 praetermitto.)
1100 2755 1198 2804 Verum
1210 2765 1273 2803 con-

185 2843 279 2882 oorum
295 2829 363 2880 ratio
375 2827 522 2880 admodum
539 2829 574 2880 ab
592 2831 644 2881 hoc
655 2830 711 2882 dis·
747 2836 788 2885 tra
800 2833 965 2885 haecomnia
975 2833 1049 2880 recta
1062 2827 1274 2881 mouetWachs·

186 2905 305 2969 crepat),
335 2903 385 2954 sed
406 2904 513 2968 quietae
541 2903 712 2970 disputationi
747 2909 878 2971 muthius,
896 2909 1014 2972 primum
1028 2907 1089 2971 post
1099 2907 1154 2955 tam
1166 2915 1274 2952 accura-

185 2982 282 3032 mnam
299 2979 408 3030 omniuo
424 2992 457 3029 ac
473 2991 557 3044 prope
569 2977 711 3032 ridiculum
747 2987 802 3036 tam
818 2983 966 3035 sententiae
979 2979 1051 3030 initio
1062 2977 1216 3044 propositae
1229 2989 1273 3026 aa·

186 3053 386 3128 uoptrdopoov
403 3053 482 3104 infert
499 3051 609 3118 (scilicet
629 3054 712 3120 expli-
747 3059 906 3126 positionem
930 3055 1021 3108 nescio
1043 3054 1085 3104 004
1106 3050 1273 3104 admirationi

186 3133 236 3182 cat
252 3131 340 3192 Reisig
360 3130 410 3179 wia
430 3127 476 3178 so?
499 3129 527 3178 to
549 3130 599 3180 wie
621 3127 710 3195 [0444)
746 3133 836 3184 locum
857 3144 911 3181 uon
934 3141 1009 3189 esse,
1035 3127 1133 3178 deiude
1159 3126 1273 3177 formam

185 3204 338 3269 eodemque
355 3215 466 3268 prorsus
483 3203 653 3255 incommodo
670 3202 710 3254 la·
747 3207 818 3259 iliam
835 3203 1047 3268 interrogationis
1067 3201 1273 3254 adrmrationem

185 3279 264 3331 beret
279 3281 361 3344 atque
382 3277 480 3340 altera,
506 3291 589 3342 quam
609 3277 711 3331 habeut
747 3281 884 3350 prodentis
904 3279 966 3332 ideo
982 3277 1084 3330 admitti
1102 3289 1156 3327 uon
1176 3287 1271 3340 posse,

184 3368 234 3421 pro
250 3351 442 3406 exclamatione
454 3353 636 3404 admirationis
647 3367 711 3405 cum
747 3356 821 3422 quod
838 3358 869 3406 ut
888 3355 916 3406 in
936 3351 1062 3405 omnihus
1079 3349 1208 3416 exemplis
1225 3361 1273 3399 sn·

185 3431 316 3482 noemma
340 3428 519 3493 indignatione
542 3431 655 3491 mixtae,
682 3430 712 3480 ut
747 3429 891 3499 pmallatis
907 3441 957 3495 per
974 3427 1210 3480 contradictionem
1228 3437 1273 3475 re·

186 3503 346 3557 Plautini.
366 3504 396 3566 4,
422 3504 452 3566 4,
480 3505 508 3554 9:
538 3505 624 3570 Eposo
639 3511 668 3556 ot
688 3511 711 3556 44
747 3505 937 3572 spondendum
962 3504 1048 3556 esset:
1077 3504 1182 3552 «immo
1207 3513 1273 3550 vero

185 3582 321 3632 odom
355 3580 481 3643 meatim,
518 3585 601 3630 meter
632 3579 712 3632 meo?
748 3593 843 3632 omues
875 3580 948 3632 avari
981 3591 1011 3630 ae
1041 3589 1124 3642 quam
1157 3575 1273 3627 maxime

186 3656 318 3720 (andnima
344 3656 460 3718 verat»)
491 3655 598 3706 Terent.
627 3654 709 3708 Andr.
748 3655 878 3722 probant,
901 3655 974 3706 sorte
991 3665 1039 3704 sua
1056 3663 1188 3718 perquam
1206 3662 1273 3701 oon-

190 3732 218 3794 4,
243 3733 274 3792 44,
296 3731 342 3782 28:
368 3731 432 3781 44404
453 3743 498 3794 epo
521 3734 551 3780 ιι4
572 3731 712 3783 eddom?
748 3731 813 3782 tenti
830 3732 927 3791 suntp»
945 3727 1018 3793 quod
1035 3737 1196 3790 responsum
1207 3737 1273 3775 saue

187 3805 441 3869 (citeqnuquamm)
476 3805 532 3855 Liv.
554 3802 587 3866 4,
613 3806 646 3856 2:
676 3806 711 3856 44-
749 3804 898 3857 absurdum
915 3804 991 3855 toret.
1027 3799 1274 3865 (volgatamnomon

185 3881 235 3933 4440
250 3885 280 3931 ut
300 3880 583 3943 aspum-concitent
602 3881 712 3946 fluitim
748 3880 855 3931 lebuine
867 3891 953 3943 nuper
969 3875 1204 3940 itaiuterpretatus
1216 3875 1272 3925 est:

185 3953 271 4007 444404
298 3955 390 4018 (atton
414 3955 469 4005 iam
494 3953 709 4018 concitabunt»)
749 3953 854 4006 «uedeo
871 3953 906 4003 ad
923 3965 985 4004 eam
1002 3950 1174 4010 sententiam,
1193 3961 1273 4013 aqua

185 4030 238 4082 Sat.
256 4029 285 4089 4,
308 4031 337 4090 8,
361 4029 407 4080 ts:
439 4029 499 4079 Utus
521 4033 604 4094 naam
620 4043 711 4092 spurco
748 4041 860 4080 exorsus
871 4039 945 4090 sum,
964 4028 1045 4090 atque
1056 4025 1204 4088 interrogo:
1223 4024 1273 4074 Na·

184 4105 285 4156 Douros
294 4102 378 4154 404004
390 4103 557 4168 (tNunquam
568 4103 709 4168 40004404»)
749 4115 828 4156 mona
846 4105 900 4164 044,
922 4102 968 4165 qui
985 4113 1047 4152 oum
1064 4112 1162 4150 avarus
1179 4099 1223 4160 ait,
1243 4110 1272 4149 se

185 4177 268 4230 Plaut.
281 4179 351 4230 triu.
365 4177 395 4238 8,
415 4177 442 4239 3,
460 4179 507 4229 at:
537 4181 567 4229 444
583 4193 628 4244 ego
644 4193 711 4231 0000
749 4178 834 4242 (suam
846 4177 955 4240 40040004
968 4175 1065 4242 probet
1075 4187 1108 4226 ac
1118 4174 1208 4239 potius
1219 4170 1275 4224 400-

185 4253 335 4306 mecon
352 4253 514 4304 4404404004
529 4254 654 4308 turiieem.⁹
671 4281 685 4292 -
695 4282 710 4294 -
748 4252 795 4304 dat
811 4251 946 4302 diversam
957 4253 1058 4303 sortem
1070 4249 1231 4313 sequentes,
1241 4273 1253 4284 -
1263 4275 1275 4286 -

185 4329 310 4392 titum,
335 4329 446 4380 mium
465 4329 544 4382 torcia
559 4343 628 4382 aare.
659 4331 711 4382 Ex-
748 4326 879 4390 laborati)
895 4327 1129 4380 -toudatdioerro
1139 4325 1274 4390 4400444444]
