3156 4972
318 435 380 500 346
708 431 836 489 888848
854 428 1034 482 88488888

362 592 470 658 Tincta
492 608 592 676 super
615 586 714 654 lectos
731 585 892 678 canderet
913 584 1012 650 vestis
1035 583 1191 659 eburnos,

362 710 524 798 Multaque
547 709 589 776 de
614 727 728 794 magna
751 715 962 794 superessent
982 703 1105 772 fercula
1126 724 1245 779 coena,

362 835 453 912 Quae
476 829 589 920 procul
611 829 781 896 exstructis
804 828 929 895 inerant
950 827 1101 894 hesterna
1123 825 1280 893 canistris.
1343 825 1405 890 i05

364 957 464 1041 Ergo,
488 952 543 1020 ubi
566 972 728 1040 purpurea
752 961 936 1038 porrectum
958 949 990 1014 in
1013 959 1104 1015 veste
1127 947 1242 1015 locavit

363 1079 544 1164 agrestem,
568 1072 665 1140 veluti
688 1072 871 1139 succinctus
896 1070 1028 1137 cursitat
1049 1069 1170 1158 hospes

363 1197 597 1284 Continuatquo
620 1194 722 1282 dapes
743 1213 805 1260 nec
826 1213 891 1258 non
912 1189 1077 1258 verniliter
1098 1190 1177 1278 ipsis

364 1318 519 1406 Fungitur
540 1315 667 1393 officiis,
692 1313 918 1403 praelambens
941 1332 1037 1379 omne
1058 1311 1146 1400 quod
1169 1310 1269 1380 affert.

363 1439 419 1507 lile
440 1439 563 1507 cubans
585 1437 705 1526 gaudet
725 1446 846 1502 mutata
868 1444 957 1502 sorte
979 1433 1140 1521 bonisque
1345 1432 1407 1498 tto

388 1618 444 1670 404.
463 1633 555 1670 coenos
571 1618 600 1668 E.
617 1645 644 1654 -
659 1618 715 1667 405.
734 1621 841 1667 actm
858 1628 881 1665 c.
899 1643 926 1651 —
940 1614 997 1664 408.
1008 1613 1147 1664 conditer
1160 1625 1193 1677 p,
1213 1611 1298 1664 Codd.
1311 1610 1373 1676 8448.

353 1695 470 1746 Pottiorii
487 1698 513 1746 et
530 1695 590 1746 LCt.
610 1719 639 1730 —
659 1692 714 1743 403.
729 1689 876 1755 mantuus
892 1687 1004 1740 ecodd.
1017 1701 1049 1738 π
1067 1685 1200 1738 4488448488
1213 1690 1241 1738 84
1251 1687 1277 1738 F.
1292 1685 1376 1752 (proe-

322 1844 498 1904 8844884884,
517 1845 623 1895 nomine
642 1844 707 1893 mire
721 1843 845 1905 corrupto
883 1837 960 1888 vallo.
996 1835 1132 1888 Claudian.
1150 1838 1176 1887 48
1194 1835 1278 1886 44808.
1296 1837 1325 1898 3,
1344 1835 1405 1888 490;

322 1933 355 1970 84
373 1919 490 1978 Galatia,
517 1931 569 1981 qua
594 1931 626 1967 ex
648 1917 756 1980 regione
777 1916 847 1980 opti·
884 1915 1000 1978 44848884
1017 1911 1108 1975 procot
1128 1925 1182 1962 8888
1201 1916 1273 1962 88484
1295 1911 1410 1975 (Rhada-

323 2005 397 2044 murn
415 2005 526 2043 coccum
549 1991 700 2055 (tiermes,
725 1991 847 2041 884448-
885 1987 1026 2048 manibus).
1056 1987 1172 2045 Liutt,
1192 1985 1220 2035 3:
1250 1987 1410 2036 Poenus--

322 2067 405 2131 tous)
431 2065 633 2130 importabatur.
663 2092 689 2102 -
717 2063 846 2129 canderet]
882 2063 1410 2124 8884084884-88884088488884448888888-

325 2140 525 2206 resplenderet.»
558 2141 694 2190 rarissime
728 2139 762 2189 de
796 2139 846 2189 aiio
883 2139 931 2188 suli
945 2138 1054 2200 procui
1070 2137 1183 2188 ostendit.
1218 2137 1410 2187 Flaminius--

324 2227 405 2279 quam
422 2213 483 2264 albo
501 2212 606 2274 884848,
631 2215 744 2277 excepto
761 2213 845 2274 48448,
881 2221 1067 2279 postquomrer
1078 2217 1202 2265 88848888
1218 2219 1290 2263 8848
1306 2213 1411 2264 oculos

324 2288 455 2349 carbone,
483 2287 567 2338 invilla
585 2290 717 2348 88888848,
745 2288 770 2337 48
787 2288 848 2350 884-
881 2289 1142 2354 propesuosserrt
1159 2289 1335 2352 8848888480,
1354 2291 1407 2338 cet.

323 2363 375 2414 bus
393 2363 491 2412 notioni
508 2361 615 2426 fulgoris
627 2362 756 2413 rutilantis
769 2376 848 2413 acce·
885 2363 996 2426 (Eadem
1012 2376 1122 2428 prorsus
1139 2363 1206 2413 ratio
1228 2364 1269 2412 est
1291 2363 1429 2426 particu-¹

325 2438 363 2488 dit
381 2438 452 2488 notio
470 2437 582 2486 ardoris.
613 2435 801 2499 04800444,
822 2439 846 2500 4,
885 2438 927 2489 488
945 2439 1053 2498 uotum,
1071 2436 1118 2487 ubi
1135 2439 1177 2488 est
1193 2436 1266 2486 idem
1278 2436 1350 2499 quod
1361 2451 1413 2486 88-

326 2512 366 2562 40.
387 2535 415 2546 -
433 2510 516 2574 costis]
534 2509 658 2574 stragula.
689 2512 750 2574 (sat.
766 2512 797 2574 4,
816 2511 846 2572 3,
882 2527 936 2577 per.
971 2512 1030 2563 vid.
1049 2511 1125 2562 Hand
1141 2511 1217 2562 Turs.
1239 2511 1270 2560 11.
1293 2523 1319 2574 p.
1340 2510 1410 2571 304.)

326 2587 393 2650 448.)
419 2585 472 2637 Cir.
486 2586 577 2646 8844,
596 2584 624 2647 4,
643 2585 684 2636 84.
706 2613 733 2622 -
748 2587 847 2651 procat]
887 2616 915 2624 -
933 2586 1058 2651 88848448)
1075 2588 1106 2636 84
1122 2585 1209 2649 primo
1227 2596 1306 2635 mana
1323 2595 1412 2636 8884-

326 2673 453 2724 «propen
479 2658 563 2712 Gloss.
577 2659 643 2710 Ccd.
654 2659 766 2725 Sangaii.
789 2659 850 2710 4484-
885 2663 925 2712 vis
937 2664 1127 2711 amoverentur
1138 2662 1350 2723 purgareturque
1363 2659 1412 2708 tri-

326 2747 359 2798 go
377 2734 521 2799 explicant:
542 2735 584 2785 448
602 2733 711 2796 altum.»
729 2734 800 2786 nulio
812 2738 850 2786 48-
887 2735 1005 2786 clintum.

325 2823 389 2860 men
414 2809 493 2858 buius
519 2821 584 2859 usus
609 2808 731 2874 exemplo
757 2809 847 2871 alinto;
919 2809 1041 2861 400-400.
1065 2808 1213 2870 accinctus]
1231 2808 1269 2857 uti
1290 2805 1413 2858 88488884

325 2882 375 2936 sed
396 2884 488 2946 procot
515 2895 577 2933 cum
601 2884 753 2934 distantiam
780 2883 849 2936 88448
887 2897 947 2935 8888
972 2885 1133 2945 structores,
1163 2895 1264 2934 coenae
1289 2881 1411 2932 ministri.

326 2960 399 3009 88448
418 2971 543 3009 mensura
555 2958 692 3009 0808448444
709 2959 848 3023 significet.
887 2961 926 3011 Ci.
948 2961 1000 3009 Sat.
1023 2960 1052 3020 4,
1080 2958 1109 3020 8,
1137 2959 1177 3008 to.
1207 2983 1233 2994 -
1262 2957 1411 3020 0884444884)

327 3032 460 3084 interdum
473 3031 597 3098 explicari
609 3034 691 3084 debet
702 3035 789 3095 48848,
808 3032 850 3084 vel
887 3047 987 3084 «unum
1011 3035 1073 3098 post
1097 3030 1210 3083 alterum
1232 3031 1323 3081 cibum
1345 3031 1414 3082 8884-

327 3109 490 3173 8888484488)
511 3110 621 3172 «exigua
633 3111 782 3161 distantia.»
801 3109 848 3174 (Ci.
888 3108 940 3159 due
958 3108 1094 3172 apponit.»
1109 3134 1135 3144 -
1149 3120 1194 3156 888
1209 3105 1269 3170 oon]
1287 3107 1342 3156 4488
1353 3117 1415 3170 par-

328 3181 404 3234 Hand
423 3184 498 3234 Turs.
520 3184 562 3233 IV.
580 3197 605 3247 p.
625 3185 682 3235 580.
701 3185 774 3248 303.)
809 3185 851 3235 Sic
888 3181 1028 3234 ticuiarum
1041 3182 1233 3245 compositione
1246 3181 1341 3231 Cicero
1353 3179 1416 3230 abs-

327 3259 393 3322 Epp.
408 3259 437 3316 4,
457 3259 485 3318 4,
504 3259 549 3308 334
577 3259 623 3309 Cui
638 3261 744 3310 84884848
761 3261 853 3322 procot
888 3260 967 3320 tinet,
991 3257 1073 3307 utitur
1094 3257 1188 3307 Varro.
1217 3279 1245 3292 -
1271 3253 1413 3318 8844444484)

326 3333 416 3381 --att
443 3331 615 3382 Plautcurc.
628 3334 651 3394 4,
665 3335 690 3395 3,
704 3335 750 3384 tc:
769 3335 852 3397 (48848
889 3334 976 3397 «ipse,
1001 3343 1063 3382 cum
1086 3343 1181 3382 servos
1206 3343 1260 3380 888
1284 3328 1413 3390 baberet,

326 3421 379 3457 888
394 3411 467 3455 sumt
480 3406 588 3469 8488844
614 3407 668 3458 Cic.
683 3407 717 3458 de
731 3409 810 3472 Legg.
824 3411 849 3470 4,
889 3409 915 3457 48
925 3405 1143 3456 modumrernae
1153 3403 1247 3454 8488448
1259 3405 1287 3454 84
1296 3403 1415 3467 prompti

327 3483 374 3542 22,
393 3481 426 3530 to
438 3479 541 3544 (collato
558 3482 638 3532 Balsio
650 3495 677 3546 p.
691 3483 768 3547 559.]:
786 3485 813 3534 48
824 3498 853 3534 88
889 3481 1046 3532 ministrat.»
1072 3479 1203 3530 Vmitttor
1215 3480 1304 3528 autem
1316 3477 1417 3527 rectior

326 3556 451 3618 88884848,
464 3557 628 3618 8888848884
638 3557 738 3607 8448844
749 3563 850 3609 craesi.
889 3556 1035 3619 scriptura,
1053 3555 1082 3603 ut
1099 3555 1126 3604 48
1143 3567 1169 3604 v.
1186 3553 1330 3611 omitum
1355 3565 1416 3601 cor·

328 3633 434 3683 Terent.
455 3631 517 3681 4488.
537 3630 567 3692 4,
590 3631 618 3694 3,
642 3632 671 3681 4;
702 3633 853 3696 Quacum
888 3629 1171 3680 uoiisestrvernus.n
1200 3625 1286 3678 448844.
1305 3625 1336 3689 3,
1355 3625 1413 3676 358.

327 3707 537 3756 &wesmannus
552 3705 680 3769 48088448,
695 3708 853 3770 8888844488
892 3731 918 3742 -
939 3704 1035 3769 officiis]
1059 3702 1149 3753 0444848
1171 3702 1344 3765 opponuntur
1366 3699 1417 3749 da·

328 3786 399 3830 84888
409 3781 502 3843 accepi.
527 3781 760 3844 44448.4484.6,46;
779 3783 853 3832 Serto
889 3779 983 3844 pibus;
1010 3777 1071 3828 hinc
1091 3777 1210 3840 adiungit
1230 3775 1303 3838 48848,
1330 3785 1416 3837 «8888

325 3855 427 3919 procia,
446 3861 544 3906 tontum
560 3858 637 3919 copiti
654 3858 770 3920 8848848,
788 3857 854 3908 4888-
890 3853 1041 3905 necessaria
1059 3855 1135 3902 erant
1159 3853 1185 3902 48
1206 3848 1314 3901 48488148
1331 3861 1418 3913 appo-

328 3929 396 3980 0884.
415 3929 489 3981 Ouid.
503 3931 563 3982 Met.
577 3933 605 3992 3,
625 3931 687 3982 4444
708 3931 753 3982 cut
764 3932 855 3994 888884
891 3928 1011 3980 888848.»
1049 3927 1194 3978 Lambinus
1219 3923 1329 3976 volebat
1355 3925 1415 3987 ipro.

328 4005 438 4054 80848844
448 4005 608 4055 --48440888
626 4006 713 4068 Atque
725 4008 764 4054 sic
775 4006 855 4056 inter-
894 4032 920 4040 -
936 4001 1120 4067 proetombms]
1137 4003 1237 4066 Aptum
1252 4013 1278 4050 v.
1292 3999 1328 4049 de
1339 4011 1417 4049 muro

328 4081 422 4142 pretor
430 4080 528 4129 Lucani
537 4077 601 4129 iilud
610 4079 635 4140 8,
645 4077 855 4141 ’4438888448-
890 4091 940 4144 pro
971 4091 1019 4138 eo,
1049 4076 1123 4140 quod
1149 4075 1184 4126 de
1213 4074 1321 4125 homine
1350 4071 1419 4124 48484

327 4153 397 4203 cenis
418 4153 509 4216 848884
533 4155 639 4216 adoptet
666 4155 743 4218 48888.
787 4154 854 4204 item
887 4157 1068 4216 praecantans,
1088 4153 1133 4202 rut
1149 4149 1225 4200 844844
1245 4145 1416 4211 significaret.

329 4227 401 4291 Virg.
415 4230 479 4278 Aen.
494 4229 522 4290 4,
542 4229 603 4279 ttt:
622 4229 710 4293 48888
726 4233 856 4279 8888488-
891 4239 974 4290 quam
999 4225 1062 4277 lauti
1088 4228 1181 4278 888884
1204 4223 1283 4274 cibis·
1320 4221 1419 4272 448844-

327 4301 526 4366 8484888488,
546 4301 645 4368 idest,
664 4302 753 4368 844888
771 4303 854 4354 48484-
891 4302 966 4365 totu,
1000 4301 1072 4365 quod
1103 4301 1240 4352 Bentioius
1266 4309 1281 4348 8
1310 4295 1420 4348 duobus
