3174 4974
625 439 682 488 llll.
703 439 720 486 Ι.
759 437 855 488 Eelsr.
873 437 936 486 xlx.

576 925 841 988 mffl'ou
865 927 982 988 m.

283 1058 393 1124 Prisco
416 1057 443 1120 si
466 1057 591 1133 eredis
614 1059 783 1124 Maecenas
805 1057 914 1134 doute,
939 1059 1082 1132 Cratino,

284 1176 375 1243 Nulla
397 1177 527 1264 plaeere
550 1176 605 1242 diu
628 1199 689 1244 nee
711 1178 820 1244 vivore
843 1178 985 1245 earmina
1006 1189 1156 1266 possunt,

284 1300 376 1378 Quae
398 1297 583 1365 scribuntur
605 1317 710 1385 aquae
732 1299 909 1384 potoribus.
953 1299 993 1367 Ut
1013 1299 1097 1366 mele
1120 1319 1216 1366 sanos

305 1479 355 1528 ΕΡ.
369 1479 433 1529 lilii.
447 1478 585 1542 inscriptio
598 1477 702 1528 Codicis
715 1479 749 1528 E:
768 1479 806 1528 Ad
817 1479 996 1530 Maecenatem.
1011 1505 1039 1515 -
1054 1481 1077 1529 t.
1091 1481 1178 1530 eredes
1189 1479 1292 1530 Comm.

274 1554 391 1616 Cruquii.
414 1581 440 1589 -
459 1553 484 1602 3.
502 1552 641 1602 scribentur
657 1567 698 1617 pr.
717 1553 743 1604 d.

273 1702 337 1752 xlx.
357 1699 458 1765 Duplex
476 1701 722 1764 hominumgenus,
737 1704 767 1752 ut
803 1715 887 1753 mones
910 1704 1040 1764 utriusque
1063 1704 1173 1768 ίίιιριιοε.
1201 1731 1228 1740 -
1251 1705 1329 1754 Nullo

242 1777 354 1839 egregiis
365 1774 540 1840 scriptoribus
552 1776 674 1826 occidere
687 1775 764 1836 solet,
804 1777 866 1841 oet]
884 1779 912 1827 ln
929 1775 1038 1846 Πυτίνῃ
1056 1778 1108 1826 hoo
1125 1777 1240 1828 edixisse
1251 1776 1328 1828 vide-

243 1851 348 1900 liorutio
378 1850 560 1912 importunum
589 1850 704 1908 exstitit,
739 1848 766 1899 id
804 1855 854 1902 tur.
885 1851 1327 1913 ct.ueneutrragm.com.1r.

242 1927 297 1984 est,
323 1926 351 1974 et
376 1924 538 1974 imitatorum
564 1927 591 1973 et
616 1923 766 1974 invidorum
803 1939 830 1990 p.
845 1927 900 1975 lle.
929 1926 1065 1976 Nicseneti
1082 1926 1327 1989 Epigninnnthol.

241 1997 328 2048 turbe.
357 1997 493 2048 Adversus
519 1999 646 2060 utrosque
673 2009 766 2048 eorem
804 1998 855 2050 Pel.
870 2001 901 2050 11.
913 2012 940 2064 p.
954 1999 1016 2050 oto:
1036 1994 1123 2062 Οἶνός
1139 2014 1185 2050 τοι
1201 2003 1328 2070 χαρίεντι

242 2073 407 2132 Maecenate,
435 2073 535 2135 optimo
559 2071 650 2122 tolium
673 2084 765 2122 rerum
803 2073 881 2124 πέλει
896 2071 986 2136 ταχὺς
1010 2071 1096 2136 ίπιιος
1117 2068 1223 2140 ἀοιδῷ*
1242 2068 1328 2144 Ὓδωρ

241 2147 341 2208 iudice,
365 2147 415 2196 huo
432 2145 543 2210 epistole
561 2159 670 2196 causum
688 2159 764 2196 suem
802 2146 834 2198 δέ
851 2150 939 2198 πίνων
957 2141 1040 2198 οὖδίν
1061 2143 1099 2198 ἄν
1120 2149 1198 2198 τέκοι
1220 2143 1327 2210 οοφιίν.

241 2223 302 2284 egit.
342 2222 461 2271 Primum
494 2220 571 2282 igitur
605 2220 764 2280 imitatores,
804 2220 887 2274 Ταῦτ’
900 2215 1156 2288 ἔλεγεν,Διόνιισε,
1170 2223 1218 2274 καί
1230 2217 1328 2274 ἔπνεεν

241 2309 350 2346 servum
366 2307 465 2358 pecus,
490 2295 606 2356 graviter
623 2299 650 2344 et
666 2293 765 2344 eeerba
803 2290 859 2358 οὐχ
877 2293 942 2360 ἑνὸς
958 2291 1052 2348 ἀσκοῦ
1073 2298 1229 2368 Κρατῖνος,
1254 2291 1328 2348 ἀλλὰ

241 2384 303 2422 eum
320 2370 453 2420 derisione
471 2371 586 2431 exegitet
604 2369 654 2431 (vv.
669 2368 764 2430 l-ldl,
803 2370 911 2435 παντὸς
934 2367 1041 2424 ὠδώδει
1062 2373 1160 2424 πίθον.
1187 2374 1325 2424 Demosth.

241 2442 374 2506 simulque
391 2457 444 2493 non
461 2444 519 2494 siue
536 2456 668 2506 generoso
684 2455 765 2506 pree-
804 2447 913 2512 Philipp.
927 2449 956 2508 Ξ,
976 2448 1021 2498 30:
1047 2445 1194 2515 λέγοντας,
1216 2443 1255 2509 ὥς
1272 2443 1327 2514 ἐγώ

240 2519 353 2570 steutioe
379 2530 445 2568 suae
470 2531 551 2568 sensu
577 2531 625 2568 sue
647 2518 765 2568 earmina
802 2521 857 2586 μέν
880 2515 956 2593 ὕδωρ
979 2525 1069 2573 πίνων
1085 2519 1204 2585 εἰκότως
1220 2517 1328 2571 δύσκο-

241 2593 349 2657 proprio
368 2593 394 2640 et
406 2592 530 2642 Romanis
542 2595 620 2642 entes
633 2593 765 2654 incognito
803 2594 854 2659 λος
875 2598 925 2646 καί
945 2591 1108 2667 ὀύσιροίιός
1132 2598 1191 2662 εἰμί
1212 2610 1255 2658 τις
1276 2588 1329 2644 ἅν-

240 2665 351 2716 artificio
369 2665 437 2715 tectu
452 2678 514 2715 oum
532 2666 644 2716 istorum
661 2666 765 2729 ineptiis
804 2671 929 2741 θρωπος.
960 2673 1040 2734 iunge
1057 2674 1147 2720 eutem
1166 2669 1206 2728 vel
1218 2671 1329 2734 propter

241 2740 378 2792 contendit
401 2742 451 2802 (vr.
472 2739 582 2800 stoli.
606 2740 706 2789 Deinde
731 2739 765 2790 de
805 2745 1000 2794 onesuraevim
1012 2745 1182 2806 plorerediu,
1203 2755 1328 2794 nououm

241 2812 433 2864 malevolorum
452 2814 477 2862 iu
494 2827 522 2864 se
541 2813 683 2863 invidentis
698 2813 767 2863 eius·
805 2821 850 2868 Ge.
873 2818 991 2868 Fabricio
1016 2819 1061 2867 dtu
1085 2832 1129 2866 ιιεο
1144 2819 1240 2877 vivore,
1267 2829 1329 2865 cum

242 2901 294 2952 que
320 2889 408 2938 causis
435 2889 542 2950 expumt
568 2889 619 2950 (vv.
640 2885 764 2948 :ts-le).
803 2894 886 2942 oluere
911 2905 961 2956 per
985 2904 1015 2942 se
1041 2891 1171 2954 significet
1196 2891 1327 2948 «durare,

242 2964 316 3014 zion.
344 2963 373 3012 ln
396 2959 493 3012 ultimis
514 2961 593 3011 huius
615 2959 685 3010 Libri
708 2960 767 3024 epi·
804 2965 962 3016 immortalia
974 2978 1061 3015 esse.»
1090 2965 1241 3026 0d,l,32‚
1260 2965 1284 3014 3.
1303 2963 1328 3024 t,

242 3035 316 3088 stolis
332 3037 403 3086 hene
421 3036 502 3086 luisse
520 3035 692 3086 menifestum
709 3037 764 3092 est;
804 3042 833 3102 9,
853 3043 892 3090 ιι,
922 3038 1031 3090 Maniai.
1051 3040 1080 3099 6,
1100 3040 1145 3098 60,
1169 3039 1216 3090 lo:
1246 3040 1331 3088 Victu-

242 3111 291 3163 sed
309 3114 415 3175 tempus
433 3123 481 3174 pro
498 3111 572 3160 oerto
590 3109 695 3161 definiri
716 3123 767 3160 ne·
803 3129 848 3164 rus
859 3115 965 3165 Genlom
976 3114 1044 3164 debet
1059 3113 1149 3163 lubere
1159 3113 1228 3163 liber.
1254 3113 1327 3164 Pind.

243 3187 306 3248 quit.
806 3191 881 3238 Nem.
904 3188 932 3248 l,
959 3187 987 3236 6:
1015 3181 1107 3252 Ῥἧμα
1131 3183 1154 3235 d'
1180 3185 1330 3257 ἑργμάτων

806 3258 996 3333 χρονιώτερον
1012 3259 1147 3322 βιοτεύει.

276 3337 299 3384 l.
321 3335 345 3384 2.
374 3333 631 3396 Prisco-trotino]
659 3332 685 3382 id
711 3335 765 3394 est,
838 3337 893 3387 3-5.
916 3338 952 3399 tlt]
972 3337 1117 3400 «Exque»
1146 3336 1328 3398 ct.0d.l,t‚

242 3411 337 3473 podiae
355 3409 459 3472 prisone
473 3407 643 3467 comoediae,
662 3411 768 3457 mortuo
806 3411 846 3462 42,
871 3413 923 3462 «Ex
937 3423 969 3461 eo
982 3413 1102 3475 tempore
1112 3431 1135 3472 ,ν
1148 3412 1246 3475 inquit,
1260 3423 1329 3474 «quo

244 3484 481 3548 (quemadmodum
506 3484 608 3534 iocatur
631 3484 765 3547 Aristoph.
806 3488 922 3551 primum
948 3489 1040 3550 poetes
1066 3487 1186 3537 Bocchus
1204 3499 1281 3536 suem
1303 3485 1329 3534 in

243 3561 269 3610 in
295 3561 363 3610 Pure
388 3572 414 3608 v.
440 3559 505 3608 700:
529 3553 617 3608 ‘EPM
647 3559 680 3608 Τί
704 3554 767 3616 dau·
806 3559 915 3610 tutelam
932 3562 1034 3624 recepit
1048 3564 1128 3624 utque
1141 3573 1194 3610 une
1207 3574 1269 3610 oum
1281 3561 1331 3608 Se-

243 3634 383 3706 Κρατῖνος
400 3627 418 3682 ὁ
435 3629 532 3695 σοφὸς
550 3627 645 3691 doram·
672 3633 765 3684 ΤΡΤΓ.
805 3637 871 3698 tyris
888 3649 921 3685 ec
945 3635 1039 3685 Faunis
1062 3637 1119 3685 sive
1138 3635 1254 3686 Paniscis
1273 3635 1328 3698 (Od.

240 3703 400 3768 Ἀπέθανον,
420 3700 465 3758 ὅθ’
478 3709 510 3758 οί
522 3704 657 3771 Λάκωνες
669 3708 769 3768 dedda·
805 3713 835 3771 Ξ,
855 3711 899 3772 ⁴7,
917 3711 958 3761 28.
978 3712 1006 3772 2,
1022 3710 1066 3770 te,
1081 3709 1115 3772 l.)
1134 3710 1161 3759 in
1172 3721 1252 3758 suum
1263 3721 1331 3758 con-

243 3781 307 3844 λον,
320 3809 335 3820 -
346 3777 562 3852 -ἱίίραιιιάσας·
580 3777 616 3834 οὐ
633 3781 689 3852 γὰρ
706 3779 769 3848 ἐξη-
805 3786 917 3836 sortium
929 3785 1053 3844 adscivit,
1067 3785 1160 3844 idest,
1173 3783 1235 3834 inde
1247 3797 1262 3833 e
1274 3783 1331 3846 pri-

244 3860 364 3918 νέσχετο
382 3851 459 3907 Ἰδών
479 3858 567 3909 πίθον
589 3854 769 3924 καναγνὺμε-
807 3873 850 3910 me
872 3861 962 3923 poesis
983 3860 1099 3922 origine,
1127 3859 1200 3921 ipsse
1222 3870 1330 3922 quoque

243 3949 295 3984 νον
317 3931 400 3984 οίνοιι
422 3931 533 3994 πλέων.)
562 3931 666 3996 olymp.
686 3934 733 3994 89,
753 3935 764 3982 4
807 3935 898 3985 Museo
909 3935 961 3996 fere
971 3932 1149 3997 (plerumque,
1164 3945 1247 3996 prope
1260 3945 1331 3982 sem-

243 4006 285 4059 vel
301 4009 327 4059 2.
347 4007 412 4071 (lid.
431 4021 458 4058 e.
475 4007 546 4069 Chr.)
574 4007 613 4058 Ci.
627 4009 680 4057 Set.
695 4008 722 4066 t,
741 4005 766 4068 l,
807 4008 863 4071 per)
881 4007 923 4057 vel
938 4018 1017 4058 mene
1029 4007 1135 4058 sobriae
1148 4020 1200 4057 non
1214 4009 1328 4068 luerunt,

244 4085 268 4131 t.
289 4109 318 4120 -
337 4081 413 4146 docte]
433 4083 494 4146 «qui
512 4081 581 4132 bene
600 4083 721 4132 versutus
739 4093 769 4131 es
807 4081 910 4131 olentes
935 4083 973 4144 (ut
999 4083 1035 4132 eit
1060 4082 1155 4143 Acron)
1185 4082 1330 4132 etiamtunc

244 4158 269 4206 iu
296 4155 389 4208 litteris
416 4159 523 4208 Grseois
547 4157 574 4206 et
599 4157 708 4214 Latinis.
736 4169 769 4205 uc
808 4155 899 4204 vinum
917 4157 995 4206 nocte
1012 4157 1158 4218 potatum.»
1174 4157 1330 4206 -ιιιοίιιο-

244 4234 387 4295 propterea
403 4233 493 4296 ipsum
509 4244 618 4296 quoque
631 4231 768 4282 Cratinum
805 4228 858 4293 nos]
871 4242 1009 4290 «vesanos,
1024 4231 1084 4292 quie
1092 4232 1245 4294 μαίνονται
1256 4231 1331 4281 turo-

244 4306 363 4358 trivistis
393 4307 441 4358 od.
460 4306 488 4368 3,
512 4307 540 4368 e,
564 4307 593 4356 tt:
621 4307 769 4358 Βοιίειεν-
807 4305 1328 4368 ιεροέίιοοοοεεορίι,ιοί.ΙίειιᾱΤοιε.
