<?xml version="1.0" encoding="UTF-8"?>
<!DOCTYPE html PUBLIC "-//W3C//DTD XHTML 1.0 Transitional//EN"
    "http://www.w3.org/TR/xhtml1/DTD/xhtml1-transitional.dtd">
<html xmlns="http://www.w3.org/1999/xhtml" xml:lang="en" lang="en">
 <head>
  <title>
</title>
<meta http-equiv="Content-Type" content="text/html;charset=utf-8" />
  <meta name='ocr-system' content='tesseract 3.04.00' />
  <meta name='ocr-capabilities' content='ocr_page ocr_carea ocr_par ocr_line ocrx_word'/>
</head>
<body>
  <div class='ocr_page' id='page_1' title='image "./qhoratiusflaccu01baitgoog_0151.png"; bbox 0 0 3082 4968; ppageno 0'>
   <div class='ocr_carea' id='block_1_1' title="bbox 293 357 1000 424">
    <p class='ocr_par' dir='ltr' id='par_1_1' title="bbox 293 357 1000 424">
     <span class='ocr_line' id='line_1_1' title="bbox 293 357 1000 424; baseline -0.018 -2"><span class='ocrx_word' id='word_1_1' title='bbox 293 357 355 424; x_wconf 82' lang='lat' dir='ltr'><strong>l36</strong></span> <span class='ocrx_word' id='word_1_2' title='bbox 673 357 801 410; x_wconf 78' lang='lat' dir='ltr'><strong>nonam</strong></span> <span class='ocrx_word' id='word_1_3' title='bbox 819 357 1000 410; x_wconf 79' lang='lat' dir='ltr'><strong>sarrnlnnu</strong></span> 
     </span>
    </p>
   </div>
   <div class='ocr_carea' id='block_1_2' title="bbox 335 514 1382 1069">
    <p class='ocr_par' dir='ltr' id='par_1_2' title="bbox 335 514 1229 603">
     <span class='ocr_line' id='line_1_2' title="bbox 335 514 1229 603; baseline 0.002 -21"><span class='ocrx_word' id='word_1_4' title='bbox 335 520 374 582; x_wconf 79' lang='lat' dir='ltr'><strong>at</strong></span> <span class='ocrx_word' id='word_1_5' title='bbox 395 515 554 591; x_wconf 84' lang='lat' dir='ltr'><strong>Graecus,</strong></span> <span class='ocrx_word' id='word_1_6' title='bbox 579 518 751 603; x_wconf 74' lang='lat' dir='ltr'>postquam</span> <span class='ocrx_word' id='word_1_7' title='bbox 774 527 823 582; x_wconf 85' lang='lat' dir='ltr'><strong>est</strong></span> <span class='ocrx_word' id='word_1_8' title='bbox 846 514 922 582; x_wconf 86' lang='lat' dir='ltr'><strong>ltalo</strong></span> <span class='ocrx_word' id='word_1_9' title='bbox 945 515 1096 603; x_wconf 87' lang='lat' dir='ltr'><strong>perinsus</strong></span> <span class='ocrx_word' id='word_1_10' title='bbox 1121 527 1229 592; x_wconf 87' lang='lat' dir='ltr'><strong>aceto,</strong></span> 
     </span>
    </p>

    <p class='ocr_par' dir='ltr' id='par_1_3' title="bbox 335 636 1213 724">
     <span class='ocr_line' id='line_1_3' title="bbox 335 636 1213 724; baseline 0 -20"><span class='ocrx_word' id='word_1_11' title='bbox 335 637 466 704; x_wconf 79' lang='lat' dir='ltr'><strong>Persius</strong></span> <span class='ocrx_word' id='word_1_12' title='bbox 489 636 661 704; x_wconf 83' lang='lat' dir='ltr'>exclamat:</span> <span class='ocrx_word' id='word_1_13' title='bbox 686 636 918 724; x_wconf 78' lang='lat' dir='ltr'><strong>permagnos,</strong></span> <span class='ocrx_word' id='word_1_14' title='bbox 941 638 1052 713; x_wconf 89' lang='lat' dir='ltr'><strong>Brute,</strong></span> <span class='ocrx_word' id='word_1_15' title='bbox 1078 636 1159 704; x_wconf 91' lang='lat' dir='ltr'><strong>deos</strong></span> <span class='ocrx_word' id='word_1_16' title='bbox 1182 649 1213 704; x_wconf 91' lang='lat' dir='ltr'><strong>te</strong></span> 
     </span>
    </p>

    <p class='ocr_par' dir='ltr' id='par_1_4' title="bbox 335 758 1129 846">
     <span class='ocr_line' id='line_1_4' title="bbox 335 758 1129 846; baseline -0.001 -21"><span class='ocrx_word' id='word_1_17' title='bbox 335 760 418 835; x_wconf 93' lang='lat' dir='ltr'><strong>Oro,</strong></span> <span class='ocrx_word' id='word_1_18' title='bbox 443 759 499 846; x_wconf 88' lang='lat' dir='ltr'><strong>qui</strong></span> <span class='ocrx_word' id='word_1_19' title='bbox 522 779 617 845; x_wconf 80' lang='lat' dir='ltr'><strong>reges</strong></span> <span class='ocrx_word' id='word_1_20' title='bbox 640 758 807 826; x_wconf 83' lang='lat' dir='ltr'><strong>consueris</strong></span> <span class='ocrx_word' id='word_1_21' title='bbox 827 758 955 838; x_wconf 84' lang='lat' dir='ltr'><strong>tollere,</strong></span> <span class='ocrx_word' id='word_1_22' title='bbox 984 779 1043 827; x_wconf 90' lang='lat' dir='ltr'><strong>our</strong></span> <span class='ocrx_word' id='word_1_23' title='bbox 1065 779 1129 826; x_wconf 87' lang='lat' dir='ltr'><strong>non</strong></span> 
     </span>
    </p>

    <p class='ocr_par' dir='ltr' id='par_1_5' title="bbox 335 878 1382 1069">
     <span class='ocr_line' id='line_1_5' title="bbox 335 878 1341 968; baseline 0.002 -22"><span class='ocrx_word' id='word_1_24' title='bbox 335 881 428 947; x_wconf 84' lang='lat' dir='ltr'><strong>Hune</strong></span> <span class='ocrx_word' id='word_1_25' title='bbox 449 883 570 967; x_wconf 84' lang='lat' dir='ltr'>Regem</span> <span class='ocrx_word' id='word_1_26' title='bbox 592 878 741 966; x_wconf 82' lang='lat' dir='ltr'><strong>iugulas?</strong></span> <span class='ocrx_word' id='word_1_27' title='bbox 764 880 909 968; x_wconf 91' lang='lat' dir='ltr'><strong>Operum</strong></span> <span class='ocrx_word' id='word_1_28' title='bbox 932 879 1010 954; x_wconf 88' lang='lat' dir='ltr'><strong>hoe,</strong></span> <span class='ocrx_word' id='word_1_29' title='bbox 1034 879 1244 959; x_wconf 85' lang='lat' dir='ltr'><strong>mihicrede,</strong></span> <span class='ocrx_word' id='word_1_30' title='bbox 1268 891 1341 948; x_wconf 92' lang='lat' dir='ltr'><strong>tuo-</strong></span> 
     </span>
     <span class='ocr_line' id='line_1_6' title="bbox 421 1005 1382 1069; baseline 0.003 -3"><span class='ocrx_word' id='word_1_31' title='bbox 421 1022 493 1066; x_wconf 85' lang='lat' dir='ltr'><strong>rum</strong></span> <span class='ocrx_word' id='word_1_32' title='bbox 519 1010 577 1066; x_wconf 87' lang='lat' dir='ltr'><strong>est.</strong></span> <span class='ocrx_word' id='word_1_33' title='bbox 1339 1005 1382 1069; x_wconf 86' lang='lat'><strong>35</strong></span> 
     </span>
    </p>
   </div>
   <div class='ocr_carea' id='block_1_3' title="bbox 326 1176 1352 1394">
    <p class='ocr_par' dir='ltr' id='par_1_6' title="bbox 326 1176 1352 1394">
     <span class='ocr_line' id='line_1_7' title="bbox 360 1176 1352 1247; baseline 0.003 -16"><span class='ocrx_word' id='word_1_34' title='bbox 360 1181 401 1231; x_wconf 79' lang='lat' dir='ltr'><strong>at.</strong></span> <span class='ocrx_word' id='word_1_35' title='bbox 420 1193 555 1230; x_wconf 67' lang='lat' dir='ltr'><strong>consumes</strong></span> <span class='ocrx_word' id='word_1_36' title='bbox 569 1176 597 1240; x_wconf 81' lang='lat' dir='ltr'><strong>d,</strong></span> <span class='ocrx_word' id='word_1_37' title='bbox 616 1181 736 1230; x_wconf 71' lang='lat' dir='ltr'><strong>consesti</strong></span> <span class='ocrx_word' id='word_1_38' title='bbox 753 1194 768 1230; x_wconf 88' lang='lat' dir='ltr'><strong>e</strong></span> <span class='ocrx_word' id='word_1_39' title='bbox 787 1181 852 1230; x_wconf 87' lang='lat' dir='ltr'><strong>Cod.</strong></span> <span class='ocrx_word' id='word_1_40' title='bbox 872 1179 987 1231; x_wconf 87' lang='lat' dir='ltr'><strong>Galeano</strong></span> <span class='ocrx_word' id='word_1_41' title='bbox 1006 1177 1037 1245; x_wconf 76' lang='grc' dir='ltr'><strong>(ξ)</strong></span> <span class='ocrx_word' id='word_1_42' title='bbox 1056 1193 1138 1246; x_wconf 81' lang='lat' dir='ltr'>saepe</span> <span class='ocrx_word' id='word_1_43' title='bbox 1155 1181 1312 1247; x_wconf 86' lang='lat' dir='ltr'><strong>interpolato</strong></span> <span class='ocrx_word' id='word_1_44' title='bbox 1324 1187 1352 1234; x_wconf 83' lang='lat' dir='ltr'><strong>ot</strong></span> 
     </span>
     <span class='ocr_line' id='line_1_8' title="bbox 326 1254 1351 1318; baseline 0.002 -10"><span class='ocrx_word' id='word_1_45' title='bbox 326 1257 374 1308; x_wconf 86' lang='lat' dir='ltr'><strong>Ed.</strong></span> <span class='ocrx_word' id='word_1_46' title='bbox 385 1257 452 1306; x_wconf 86' lang='lat' dir='ltr'><strong>Ven.</strong></span> <span class='ocrx_word' id='word_1_47' title='bbox 463 1255 535 1308; x_wconf 78' lang='lat' dir='ltr'><strong>ileo.</strong></span> <span class='ocrx_word' id='word_1_48' title='bbox 556 1254 699 1316; x_wconf 84' lang='lat' dir='ltr'><strong>Bentleins‚</strong></span> <span class='ocrx_word' id='word_1_49' title='bbox 709 1257 735 1305; x_wconf 85' lang='lat' dir='ltr'><strong>F.</strong></span> <span class='ocrx_word' id='word_1_50' title='bbox 757 1256 795 1318; x_wconf 84' lang='lat' dir='ltr'><strong>(tlt</strong></span> <span class='ocrx_word' id='word_1_51' title='bbox 806 1269 864 1317; x_wconf 88' lang='lat' dir='ltr'><strong>nos,</strong></span> <span class='ocrx_word' id='word_1_52' title='bbox 884 1256 966 1306; x_wconf 89' lang='lat' dir='ltr'><strong>nostri</strong></span> <span class='ocrx_word' id='word_1_53' title='bbox 978 1257 1131 1307; x_wconf 87' lang='lat' dir='ltr'><strong>etPottierii</strong></span> <span class='ocrx_word' id='word_1_54' title='bbox 1142 1269 1246 1318; x_wconf 82' lang='lat' dir='ltr'><strong>omnes,</strong></span> <span class='ocrx_word' id='word_1_55' title='bbox 1264 1260 1351 1310; x_wconf 80' lang='lat' dir='ltr'><strong>Aaron</strong></span> 
     </span>
     <span class='ocr_line' id='line_1_9' title="bbox 329 1328 557 1394; baseline -0.004 -14"><span class='ocrx_word' id='word_1_56' title='bbox 329 1336 357 1382; x_wconf 89' lang='lat' dir='ltr'><strong>et</strong></span> <span class='ocrx_word' id='word_1_57' title='bbox 373 1328 557 1394; x_wconf 75' lang='lat' dir='ltr'>Porphyrion.)</span> 
     </span>
    </p>
   </div>
   <div class='ocr_carea' id='block_1_4' title="bbox 293 1477 1392 3712">
    <p class='ocr_par' dir='ltr' id='par_1_7' title="bbox 293 1477 1392 3712">
     <span class='ocr_line' id='line_1_10' title="bbox 294 1477 1385 1546; baseline 0.003 -17"><span class='ocrx_word' id='word_1_58' title='bbox 294 1484 344 1529; x_wconf 85' lang='lat' dir='ltr'><strong>tur.</strong></span> <span class='ocrx_word' id='word_1_59' title='bbox 380 1477 504 1529; x_wconf 90' lang='lat' dir='ltr'><strong>Similiter</strong></span> <span class='ocrx_word' id='word_1_60' title='bbox 515 1479 622 1538; x_wconf 84' lang='lat' dir='ltr'><strong>Graeci,</strong></span> <span class='ocrx_word' id='word_1_61' title='bbox 642 1480 672 1528; x_wconf 88' lang='lat' dir='ltr'><strong>ut</strong></span> <span class='ocrx_word' id='word_1_62' title='bbox 681 1477 820 1542; x_wconf 82' lang='lat' dir='ltr'><strong>Aristoph.</strong></span> <span class='ocrx_word' id='word_1_63' title='bbox 858 1477 1025 1532; x_wconf 68' lang='lat' dir='ltr'><strong>demoturus,</strong></span> <span class='ocrx_word' id='word_1_64' title='bbox 1047 1504 1074 1516; x_wconf 93' lang='lat'><em>-</em></span> <span class='ocrx_word' id='word_1_65' title='bbox 1093 1479 1275 1546; x_wconf 81' lang='lat' dir='ltr'><strong>Italo-aceto]</strong></span> <span class='ocrx_word' id='word_1_66' title='bbox 1303 1480 1385 1534; x_wconf 77' lang='lat' dir='ltr'><strong>«sali-</strong></span> 
     </span>
     <span class='ocr_line' id='line_1_11' title="bbox 294 1548 1386 1624; baseline 0.002 -20"><span class='ocrx_word' id='word_1_67' title='bbox 294 1555 342 1618; x_wconf 84' lang='lat' dir='ltr'><strong>Eq.</strong></span> <span class='ocrx_word' id='word_1_68' title='bbox 354 1554 414 1604; x_wconf 80' lang='lat' dir='ltr'><strong>osv:</strong></span> <span class='ocrx_word' id='word_1_69' title='bbox 434 1548 654 1624; x_wconf 77' lang='grc' dir='ltr'><strong>κεριεκόκκυσα.</strong></span> <span class='ocrx_word' id='word_1_70' title='bbox 679 1555 750 1603; x_wconf 80' lang='lat' dir='ltr'><strong>Aves</strong></span> <span class='ocrx_word' id='word_1_71' title='bbox 761 1553 819 1603; x_wconf 78' lang='lat' dir='ltr'><strong>tot.</strong></span> <span class='ocrx_word' id='word_1_72' title='bbox 858 1552 909 1604; x_wconf 89' lang='lat' dir='ltr'><strong>bus</strong></span> <span class='ocrx_word' id='word_1_73' title='bbox 925 1567 990 1604; x_wconf 90' lang='lat' dir='ltr'><strong>vere</strong></span> <span class='ocrx_word' id='word_1_74' title='bbox 1007 1555 1116 1616; x_wconf 68' lang='lat' dir='ltr'><strong>mtinis,</strong></span> <span class='ocrx_word' id='word_1_75' title='bbox 1134 1555 1261 1607; x_wconf 76' lang='lat' dir='ltr'>aculeatis</span> <span class='ocrx_word' id='word_1_76' title='bbox 1273 1559 1300 1607; x_wconf 90' lang='lat' dir='ltr'><strong>et</strong></span> <span class='ocrx_word' id='word_1_77' title='bbox 1310 1569 1386 1608; x_wconf 85' lang='lat' dir='ltr'><strong>mor-</strong></span> 
     </span>
     <span class='ocr_line' id='line_1_12' title="bbox 295 1623 1384 1693; baseline 0.002 -15"><span class='ocrx_word' id='word_1_78' title='bbox 295 1627 485 1693; x_wconf 90' lang='lat' dir='ltr'><strong>proverbium:</strong></span> <span class='ocrx_word' id='word_1_79' title='bbox 520 1623 625 1690; x_wconf 84' lang='grc' dir='ltr'><strong>κόκκυ,</strong></span> <span class='ocrx_word' id='word_1_80' title='bbox 647 1625 745 1690; x_wconf 67' lang='lat' dir='ltr'><strong>aanor</strong></span> <span class='ocrx_word' id='word_1_81' title='bbox 770 1641 821 1677; x_wconf 78' lang='lat' dir='ltr'><strong>rra-</strong></span> <span class='ocrx_word' id='word_1_82' title='bbox 858 1627 996 1679; x_wconf 72' lang='lat' dir='ltr'><strong>ducibus.»</strong></span> <span class='ocrx_word' id='word_1_83' title='bbox 1031 1627 1114 1681; x_wconf 84' lang='lat' dir='ltr'><strong>Plaut.</strong></span> <span class='ocrx_word' id='word_1_84' title='bbox 1127 1630 1224 1680; x_wconf 83' lang='lat' dir='ltr'><strong>Pseud.</strong></span> <span class='ocrx_word' id='word_1_85' title='bbox 1237 1631 1266 1692; x_wconf 73' lang='lat' dir='ltr'><strong>t,</strong></span> <span class='ocrx_word' id='word_1_86' title='bbox 1285 1630 1316 1692; x_wconf 83' lang='lat' dir='ltr'><strong>l,</strong></span> <span class='ocrx_word' id='word_1_87' title='bbox 1336 1630 1384 1683; x_wconf 82' lang='lat' dir='ltr'><strong>ts:</strong></span> 
     </span>
     <span class='ocr_line' id='line_1_13' title="bbox 295 1700 1387 1768; baseline 0.005 -16"><span class='ocrx_word' id='word_1_88' title='bbox 295 1700 398 1754; x_wconf 73' lang='lat' dir='ltr'><strong>altovita.</strong></span> <span class='ocrx_word' id='word_1_89' title='bbox 428 1703 497 1766; x_wconf 76' lang='lat' dir='ltr'><strong>Ergo</strong></span> <span class='ocrx_word' id='word_1_90' title='bbox 514 1703 600 1752; x_wconf 89' lang='lat' dir='ltr'><strong>viator</strong></span> <span class='ocrx_word' id='word_1_91' title='bbox 621 1701 773 1767; x_wconf 70' lang='lat' dir='ltr'><strong>petulanter</strong></span> <span class='ocrx_word' id='word_1_92' title='bbox 794 1704 820 1753; x_wconf 90' lang='lat' dir='ltr'><strong>in</strong></span> <span class='ocrx_word' id='word_1_93' title='bbox 857 1703 955 1764; x_wconf 68' lang='lat' dir='ltr'><strong>nequis</strong></span> <span class='ocrx_word' id='word_1_94' title='bbox 964 1701 1387 1768; x_wconf 80' lang='lat' dir='ltr'><strong>tobatistorrtooeotiiopeotoro?</strong></span> 
     </span>
     <span class='ocr_line' id='line_1_14' title="bbox 293 1775 1386 1844; baseline 0.003 -15"><span class='ocrx_word' id='word_1_95' title='bbox 293 1778 494 1829; x_wconf 77' lang='lat' dir='ltr'><strong>vindemiatoris</strong></span> <span class='ocrx_word' id='word_1_96' title='bbox 505 1776 649 1828; x_wconf 86' lang='lat' dir='ltr'><strong>ludibrium</strong></span> <span class='ocrx_word' id='word_1_97' title='bbox 662 1775 748 1828; x_wconf 83' lang='lat' dir='ltr'><strong>cuculi</strong></span> <span class='ocrx_word' id='word_1_98' title='bbox 760 1791 829 1829; x_wconf 81' lang='lat' dir='ltr'><strong>oen·</strong></span> <span class='ocrx_word' id='word_1_99' title='bbox 856 1780 937 1841; x_wconf 78' lang='lat' dir='ltr'><strong>Atque</strong></span> <span class='ocrx_word' id='word_1_100' title='bbox 953 1779 1098 1830; x_wconf 81' lang='lat' dir='ltr'><strong>aetdtsstmt.</strong></span> <span class='ocrx_word' id='word_1_101' title='bbox 1118 1805 1146 1818; x_wconf 88' lang='lat'>-</span> <span class='ocrx_word' id='word_1_102' title='bbox 1164 1781 1299 1844; x_wconf 66' lang='lat' dir='ltr'><strong>comosa]</strong></span> <span class='ocrx_word' id='word_1_103' title='bbox 1316 1782 1386 1833; x_wconf 90' lang='lat' dir='ltr'><strong>Cum</strong></span> 
     </span>
     <span class='ocr_line' id='line_1_15' title="bbox 294 1851 1385 1920; baseline 0.001 -15"><span class='ocrx_word' id='word_1_104' title='bbox 294 1857 351 1905; x_wconf 91' lang='lat' dir='ltr'><strong>tum</strong></span> <span class='ocrx_word' id='word_1_105' title='bbox 369 1854 499 1913; x_wconf 65' lang='lat' dir='ltr'><strong>imitatum</strong></span> <span class='ocrx_word' id='word_1_106' title='bbox 519 1865 614 1903; x_wconf 86' lang='lat' dir='ltr'><strong>verum</strong></span> <span class='ocrx_word' id='word_1_107' title='bbox 635 1851 694 1902; x_wconf 86' lang='lat' dir='ltr'><strong>talio</strong></span> <span class='ocrx_word' id='word_1_108' title='bbox 712 1857 821 1918; x_wconf 83' lang='lat' dir='ltr'><strong>temque</strong></span> <span class='ocrx_word' id='word_1_109' title='bbox 859 1855 902 1916; x_wconf 77' lang='lat' dir='ltr'><strong>qut</strong></span> <span class='ocrx_word' id='word_1_110' title='bbox 918 1855 945 1904; x_wconf 88' lang='lat' dir='ltr'><strong>h.</strong></span> <span class='ocrx_word' id='word_1_111' title='bbox 964 1851 981 1904; x_wconf 80' lang='lat' dir='ltr'><strong>l,</strong></span> <span class='ocrx_word' id='word_1_112' title='bbox 1000 1853 1072 1904; x_wconf 90' lang='lat' dir='ltr'><strong>idem</strong></span> <span class='ocrx_word' id='word_1_113' title='bbox 1096 1855 1131 1906; x_wconf 88' lang='lat' dir='ltr'><strong>ait</strong></span> <span class='ocrx_word' id='word_1_114' title='bbox 1152 1868 1184 1906; x_wconf 85' lang='lat' dir='ltr'><strong>ae</strong></span> <span class='ocrx_word' id='word_1_115' title='bbox 1209 1857 1301 1920; x_wconf 80' lang='lat' dir='ltr'><strong>quippe</strong></span> <span class='ocrx_word' id='word_1_116' title='bbox 1325 1857 1385 1919; x_wconf 79' lang='lat' dir='ltr'><strong>put,</strong></span> 
     </span>
     <span class='ocr_line' id='line_1_16' title="bbox 295 1927 1387 1994; baseline 0 -14"><span class='ocrx_word' id='word_1_117' title='bbox 295 1928 394 1980; x_wconf 85' lang='lat' dir='ltr'><strong>acerba</strong></span> <span class='ocrx_word' id='word_1_118' title='bbox 420 1931 448 1978; x_wconf 85' lang='lat' dir='ltr'><strong>et</strong></span> <span class='ocrx_word' id='word_1_119' title='bbox 475 1927 666 1979; x_wconf 85' lang='lat' dir='ltr'><strong>contumeliosa</strong></span> <span class='ocrx_word' id='word_1_120' title='bbox 692 1941 821 1994; x_wconf 87' lang='lat' dir='ltr'><strong>responsa</strong></span> <span class='ocrx_word' id='word_1_121' title='bbox 857 1933 886 1978; x_wconf 79' lang='lat' dir='ltr'><strong>ut</strong></span> <span class='ocrx_word' id='word_1_122' title='bbox 903 1929 960 1990; x_wconf 81' lang='lat' dir='ltr'><strong>poi,</strong></span> <span class='ocrx_word' id='word_1_123' title='bbox 983 1929 1102 1992; x_wconf 77' lang='lat' dir='ltr'><strong>praestat</strong></span> <span class='ocrx_word' id='word_1_124' title='bbox 1119 1929 1316 1991; x_wconf 68' lang='lat' dir='ltr'><strong>coniunctium,</strong></span> <span class='ocrx_word' id='word_1_125' title='bbox 1339 1929 1387 1980; x_wconf 87' lang='lat' dir='ltr'><strong>lir-</strong></span> 
     </span>
     <span class='ocr_line' id='line_1_17' title="bbox 296 2003 1386 2069; baseline -0.001 -14"><span class='ocrx_word' id='word_1_126' title='bbox 296 2004 359 2064; x_wconf 88' lang='lat' dir='ltr'><strong>lert,</strong></span> <span class='ocrx_word' id='word_1_127' title='bbox 378 2005 407 2053; x_wconf 93' lang='lat' dir='ltr'><strong>ut</strong></span> <span class='ocrx_word' id='word_1_128' title='bbox 424 2016 475 2053; x_wconf 87' lang='lat' dir='ltr'><strong>neo</strong></span> <span class='ocrx_word' id='word_1_129' title='bbox 491 2003 562 2053; x_wconf 88' lang='lat' dir='ltr'><strong>vires</strong></span> <span class='ocrx_word' id='word_1_130' title='bbox 580 2017 631 2054; x_wconf 86' lang='lat' dir='ltr'><strong>neo</strong></span> <span class='ocrx_word' id='word_1_131' title='bbox 649 2006 755 2068; x_wconf 85' lang='lat' dir='ltr'><strong>tempus</strong></span> <span class='ocrx_word' id='word_1_132' title='bbox 772 2004 823 2054; x_wconf 88' lang='lat' dir='ltr'><strong>ha·</strong></span> <span class='ocrx_word' id='word_1_133' title='bbox 859 2003 948 2052; x_wconf 89' lang='lat' dir='ltr'><strong>matus</strong></span> <span class='ocrx_word' id='word_1_134' title='bbox 967 2003 1048 2054; x_wconf 86' lang='lat' dir='ltr'><strong>etism</strong></span> <span class='ocrx_word' id='word_1_135' title='bbox 1059 2017 1075 2052; x_wconf 86' lang='lat' dir='ltr'><strong>a</strong></span> <span class='ocrx_word' id='word_1_136' title='bbox 1086 2003 1154 2053; x_wconf 88' lang='lat' dir='ltr'><strong>meis</strong></span> <span class='ocrx_word' id='word_1_137' title='bbox 1166 2003 1250 2054; x_wconf 85' lang='lat' dir='ltr'><strong>Codd.</strong></span> <span class='ocrx_word' id='word_1_138' title='bbox 1265 2032 1293 2040; x_wconf 95' lang='lat'><em>-</em></span> <span class='ocrx_word' id='word_1_139' title='bbox 1305 2003 1386 2069; x_wconf 78' lang='lat' dir='ltr'><strong>repes]</strong></span> 
     </span>
     <span class='ocr_line' id='line_1_18' title="bbox 296 2066 1388 2144; baseline 0 -14"><span class='ocrx_word' id='word_1_140' title='bbox 296 2080 360 2131; x_wconf 88' lang='lat' dir='ltr'><strong>beat</strong></span> <span class='ocrx_word' id='word_1_141' title='bbox 377 2077 412 2128; x_wconf 87' lang='lat' dir='ltr'><strong>ed</strong></span> <span class='ocrx_word' id='word_1_142' title='bbox 428 2066 631 2138; x_wconf 83' lang='lat' dir='ltr'><strong>ea&#39;reddende,</strong></span> <span class='ocrx_word' id='word_1_143' title='bbox 658 2078 706 2128; x_wconf 86' lang='lat' dir='ltr'><strong>sed</strong></span> <span class='ocrx_word' id='word_1_144' title='bbox 729 2079 823 2142; x_wconf 77' lang='lat' dir='ltr'><strong>latiga—</strong></span> <span class='ocrx_word' id='word_1_145' title='bbox 860 2077 1017 2138; x_wconf 86' lang='lat' dir='ltr'><strong>Caesarem,</strong></span> <span class='ocrx_word' id='word_1_146' title='bbox 1043 2079 1074 2128; x_wconf 92' lang='lat' dir='ltr'><strong>ut</strong></span> <span class='ocrx_word' id='word_1_147' title='bbox 1095 2077 1268 2141; x_wconf 81' lang='lat' dir='ltr'><strong>Tarquinium</strong></span> <span class='ocrx_word' id='word_1_148' title='bbox 1286 2079 1388 2144; x_wconf 85' lang='lat' dir='ltr'><strong>Super-</strong></span> 
     </span>
     <span class='ocr_line' id='line_1_19' title="bbox 296 2150 1387 2217; baseline 0.001 -14"><span class='ocrx_word' id='word_1_149' title='bbox 296 2157 339 2205; x_wconf 83' lang='lat' dir='ltr'><strong>tua</strong></span> <span class='ocrx_word' id='word_1_150' title='bbox 363 2151 472 2202; x_wconf 66' lang='lat' dir='ltr'><strong>undem</strong></span> <span class='ocrx_word' id='word_1_151' title='bbox 498 2152 568 2202; x_wconf 88' lang='lat' dir='ltr'><strong>inani</strong></span> <span class='ocrx_word' id='word_1_152' title='bbox 594 2150 765 2202; x_wconf 87' lang='lat' dir='ltr'><strong>altereatione</strong></span> <span class='ocrx_word' id='word_1_153' title='bbox 788 2151 822 2202; x_wconf 87' lang='lat' dir='ltr'><strong>ad</strong></span> <span class='ocrx_word' id='word_1_154' title='bbox 858 2151 926 2202; x_wconf 91' lang='lat' dir='ltr'><strong>bum</strong></span> <span class='ocrx_word' id='word_1_155' title='bbox 943 2153 970 2203; x_wconf 87' lang='lat' dir='ltr'><strong>L.</strong></span> <span class='ocrx_word' id='word_1_156' title='bbox 989 2153 1079 2203; x_wconf 89' lang='lat' dir='ltr'><strong>lunius</strong></span> <span class='ocrx_word' id='word_1_157' title='bbox 1096 2153 1205 2214; x_wconf 87' lang='lat' dir='ltr'><strong>Brutus,</strong></span> <span class='ocrx_word' id='word_1_158' title='bbox 1224 2165 1239 2202; x_wconf 85' lang='lat' dir='ltr'><strong>a</strong></span> <span class='ocrx_word' id='word_1_159' title='bbox 1257 2153 1387 2217; x_wconf 88' lang='lat' dir='ltr'><strong>quostir-</strong></span> 
     </span>
     <span class='ocr_line' id='line_1_20' title="bbox 296 2225 1386 2291; baseline -0.002 -12"><span class='ocrx_word' id='word_1_160' title='bbox 296 2242 345 2280; x_wconf 90' lang='lat' dir='ltr'><strong>sua</strong></span> <span class='ocrx_word' id='word_1_161' title='bbox 362 2227 467 2290; x_wconf 80' lang='lat' dir='ltr'><strong>negotia</strong></span> <span class='ocrx_word' id='word_1_162' title='bbox 483 2225 575 2287; x_wconf 81' lang='lat' dir='ltr'><strong>abeat,</strong></span> <span class='ocrx_word' id='word_1_163' title='bbox 594 2226 770 2278; x_wconf 86' lang='lat' dir='ltr'><strong>vindemiator</strong></span> <span class='ocrx_word' id='word_1_164' title='bbox 785 2228 824 2276; x_wconf 88' lang='lat' dir='ltr'><strong>vi·</strong></span> <span class='ocrx_word' id='word_1_165' title='bbox 860 2239 923 2290; x_wconf 90' lang='lat' dir='ltr'><strong>pem</strong></span> <span class='ocrx_word' id='word_1_166' title='bbox 948 2226 1048 2276; x_wconf 90' lang='lat' dir='ltr'><strong>ducere</strong></span> <span class='ocrx_word' id='word_1_167' title='bbox 1072 2225 1150 2290; x_wconf 78' lang='lat' dir='ltr'><strong>volgo</strong></span> <span class='ocrx_word' id='word_1_168' title='bbox 1179 2225 1324 2291; x_wconf 83' lang='lat' dir='ltr'><strong>putabatur</strong></span> <span class='ocrx_word' id='word_1_169' title='bbox 1351 2229 1386 2279; x_wconf 80' lang='lat' dir='ltr'><strong>bl.</strong></span> 
     </span>
     <span class='ocr_line' id='line_1_21' title="bbox 297 2298 1388 2366; baseline -0.003 -11"><span class='ocrx_word' id='word_1_170' title='bbox 297 2305 355 2355; x_wconf 90' lang='lat' dir='ltr'><strong>otor</strong></span> <span class='ocrx_word' id='word_1_171' title='bbox 373 2301 476 2352; x_wconf 83' lang='lat' dir='ltr'><strong>evadat.</strong></span> <span class='ocrx_word' id='word_1_172' title='bbox 500 2301 824 2366; x_wconf 79' lang='lat' dir='ltr'><strong>(Vindemiasipsasltea-</strong></span> <span class='ocrx_word' id='word_1_173' title='bbox 860 2303 965 2352; x_wconf 86' lang='lat' dir='ltr'><strong>Brutus.</strong></span> <span class='ocrx_word' id='word_1_174' title='bbox 1012 2303 1160 2351; x_wconf 86' lang='lat' dir='ltr'><strong>Numerum</strong></span> <span class='ocrx_word' id='word_1_175' title='bbox 1192 2298 1324 2366; x_wconf 83' lang='lat' dir='ltr'><strong>pluralem</strong></span> <span class='ocrx_word' id='word_1_176' title='bbox 1352 2302 1388 2352; x_wconf 88' lang='lat' dir='ltr'><strong>de</strong></span> 
     </span>
     <span class='ocr_line' id='line_1_22' title="bbox 297 2374 1387 2443; baseline -0.001 -14"><span class='ocrx_word' id='word_1_177' title='bbox 297 2377 426 2443; x_wconf 78' lang='lat' dir='ltr'><strong>politanas</strong></span> <span class='ocrx_word' id='word_1_178' title='bbox 456 2375 534 2427; x_wconf 79' lang='lat' dir='ltr'><strong>simili</strong></span> <span class='ocrx_word' id='word_1_179' title='bbox 563 2375 644 2427; x_wconf 91' lang='lat' dir='ltr'><strong>modo</strong></span> <span class='ocrx_word' id='word_1_180' title='bbox 673 2374 823 2427; x_wconf 84' lang='lat' dir='ltr'><strong>celebratos</strong></span> <span class='ocrx_word' id='word_1_181' title='bbox 859 2388 914 2426; x_wconf 92' lang='lat' dir='ltr'><strong>uno</strong></span> <span class='ocrx_word' id='word_1_182' title='bbox 928 2376 1043 2426; x_wconf 88' lang='lat' dir='ltr'><strong>Caesare</strong></span> <span class='ocrx_word' id='word_1_183' title='bbox 1061 2377 1219 2439; x_wconf 88' lang='lat' dir='ltr'><strong>usurpatum</strong></span> <span class='ocrx_word' id='word_1_184' title='bbox 1236 2377 1387 2428; x_wconf 82' lang='lat' dir='ltr'><strong>Dlintzerue</strong></span> 
     </span>
     <span class='ocr_line' id='line_1_23' title="bbox 298 2447 1387 2504; baseline -0.002 0"><span class='ocrx_word' id='word_1_185' title='bbox 298 2465 358 2504; x_wconf 88' lang='lat' dir='ltr'><strong>esse</strong></span> <span class='ocrx_word' id='word_1_186' title='bbox 381 2465 397 2502; x_wconf 86' lang='lat' dir='ltr'><strong>a</strong></span> <span class='ocrx_word' id='word_1_187' title='bbox 417 2450 575 2502; x_wconf 88' lang='lat' dir='ltr'><strong>vinitoribus</strong></span> <span class='ocrx_word' id='word_1_188' title='bbox 601 2453 733 2502; x_wconf 88' lang='lat' dir='ltr'><strong>monstrat</strong></span> <span class='ocrx_word' id='word_1_189' title='bbox 757 2453 822 2502; x_wconf 79' lang='lat' dir='ltr'><strong>Am·</strong></span> <span class='ocrx_word' id='word_1_190' title='bbox 861 2449 981 2501; x_wconf 81' lang='lat' dir='ltr'><strong>defendit</strong></span> <span class='ocrx_word' id='word_1_191' title='bbox 998 2447 1057 2499; x_wconf 87' lang='lat' dir='ltr'><strong>ooll.</strong></span> <span class='ocrx_word' id='word_1_192' title='bbox 1077 2449 1131 2500; x_wconf 91' lang='lat' dir='ltr'><strong>Cio.</strong></span> <span class='ocrx_word' id='word_1_193' title='bbox 1150 2452 1246 2502; x_wconf 78' lang='lat' dir='ltr'><strong>locus.</strong></span> <span class='ocrx_word' id='word_1_194' title='bbox 1265 2453 1292 2502; x_wconf 91' lang='lat' dir='ltr'><strong>in</strong></span> <span class='ocrx_word' id='word_1_195' title='bbox 1308 2452 1387 2502; x_wconf 86' lang='lat' dir='ltr'><strong>Verr.</strong></span> 
     </span>
     <span class='ocr_line' id='line_1_24' title="bbox 296 2523 1389 2590; baseline -0.002 -12"><span class='ocrx_word' id='word_1_196' title='bbox 296 2527 404 2578; x_wconf 92' lang='lat' dir='ltr'><strong>brosius</strong></span> <span class='ocrx_word' id='word_1_197' title='bbox 425 2527 478 2576; x_wconf 86' lang='lat' dir='ltr'><strong>Leo</strong></span> <span class='ocrx_word' id='word_1_198' title='bbox 499 2527 526 2576; x_wconf 93' lang='lat' dir='ltr'><strong>in</strong></span> <span class='ocrx_word' id='word_1_199' title='bbox 549 2527 655 2589; x_wconf 68' lang='lat' dir='ltr'><strong>antiqq.</strong></span> <span class='ocrx_word' id='word_1_200' title='bbox 675 2527 703 2575; x_wconf 92' lang='lat' dir='ltr'><strong>et</strong></span> <span class='ocrx_word' id='word_1_201' title='bbox 724 2525 822 2576; x_wconf 84' lang='lat' dir='ltr'><strong>illator.</strong></span> <span class='ocrx_word' id='word_1_202' title='bbox 860 2526 891 2586; x_wconf 74' lang='lat'><strong>2,</strong></span> <span class='ocrx_word' id='word_1_203' title='bbox 905 2524 952 2587; x_wconf 83' lang='lat' dir='ltr'><strong>lo,</strong></span> <span class='ocrx_word' id='word_1_204' title='bbox 970 2523 1017 2575; x_wconf 75' lang='lat'><strong>26:</strong></span> <span class='ocrx_word' id='word_1_205' title='bbox 1039 2524 1126 2574; x_wconf 81' lang='lat' dir='ltr'><strong>Verres</strong></span> <span class='ocrx_word' id='word_1_206' title='bbox 1137 2525 1389 2590; x_wconf 75' lang='lat' dir='ltr'><strong>calomniatorosup-</strong></span> 
     </span>
     <span class='ocr_line' id='line_1_25' title="bbox 297 2597 1390 2664; baseline -0.002 -12"><span class='ocrx_word' id='word_1_207' title='bbox 297 2600 379 2652; x_wconf 82' lang='lat' dir='ltr'><strong>Nolae</strong></span> <span class='ocrx_word' id='word_1_208' title='bbox 391 2600 415 2660; x_wconf 88' lang='grc'><strong>3,</strong></span> <span class='ocrx_word' id='word_1_209' title='bbox 430 2599 470 2652; x_wconf 85' lang='lat' dir='ltr'><strong>tl.</strong></span> <span class='ocrx_word' id='word_1_210' title='bbox 489 2600 555 2650; x_wconf 84' lang='lat' dir='ltr'><strong>Vide</strong></span> <span class='ocrx_word' id='word_1_211' title='bbox 566 2598 709 2650; x_wconf 87' lang='lat' dir='ltr'><strong>Villoisonii</strong></span> <span class='ocrx_word' id='word_1_212' title='bbox 721 2599 822 2649; x_wconf 77' lang='lat' dir='ltr'><strong>lneod.</strong></span> <span class='ocrx_word' id='word_1_213' title='bbox 857 2599 979 2663; x_wconf 48' lang='lat' dir='ltr'><strong>ponebam</strong></span> <span class='ocrx_word' id='word_1_214' title='bbox 998 2597 1204 2662; x_wconf 90' lang='lat' dir='ltr'><strong>ublZumptius:</strong></span> <span class='ocrx_word' id='word_1_215' title='bbox 1225 2600 1333 2664; x_wconf 78' lang='lat' dir='ltr'><strong>«Neque</strong></span> <span class='ocrx_word' id='word_1_216' title='bbox 1346 2613 1390 2650; x_wconf 84' lang='lat' dir='ltr'><strong>oo·</strong></span> 
     </span>
     <span class='ocr_line' id='line_1_26' title="bbox 298 2673 1387 2739; baseline 0.003 -15"><span class='ocrx_word' id='word_1_217' title='bbox 298 2677 341 2724; x_wconf 86' lang='lat' dir='ltr'><strong>Gr.</strong></span> <span class='ocrx_word' id='word_1_218' title='bbox 361 2677 391 2724; x_wconf 94' lang='lat' dir='ltr'><strong>ll.</strong></span> <span class='ocrx_word' id='word_1_219' title='bbox 410 2688 437 2739; x_wconf 94' lang='lat' dir='ltr'><strong>p.</strong></span> <span class='ocrx_word' id='word_1_220' title='bbox 456 2674 513 2725; x_wconf 82' lang='lat' dir='ltr'><strong>ato.</strong></span> <span class='ocrx_word' id='word_1_221' title='bbox 548 2676 616 2725; x_wconf 84' lang='lat' dir='ltr'><strong>Voss</strong></span> <span class='ocrx_word' id='word_1_222' title='bbox 634 2673 668 2723; x_wconf 88' lang='lat' dir='ltr'><strong>ad</strong></span> <span class='ocrx_word' id='word_1_223' title='bbox 685 2674 756 2737; x_wconf 77' lang='lat' dir='ltr'><strong>virg.</strong></span> <span class='ocrx_word' id='word_1_224' title='bbox 775 2676 822 2724; x_wconf 85' lang='lat' dir='ltr'><strong>Ge.</strong></span> <span class='ocrx_word' id='word_1_225' title='bbox 861 2675 1024 2726; x_wconf 82' lang='lat' dir='ltr'><strong>tuomtatores</strong></span> <span class='ocrx_word' id='word_1_226' title='bbox 1049 2673 1268 2739; x_wconf 76' lang='lat' dir='ltr'><strong>(cotwnotatorem</strong></span> <span class='ocrx_word' id='word_1_227' title='bbox 1293 2676 1387 2727; x_wconf 81' lang='lat' dir='ltr'><strong>lamb.</strong></span> 
     </span>
     <span class='ocr_line' id='line_1_27' title="bbox 297 2748 1389 2814; baseline 0.002 -14"><span class='ocrx_word' id='word_1_228' title='bbox 297 2750 327 2810; x_wconf 75' lang='lat' dir='ltr'><strong>a,</strong></span> <span class='ocrx_word' id='word_1_229' title='bbox 345 2749 403 2801; x_wconf 78' lang='lat' dir='ltr'><strong>toa.</strong></span> <span class='ocrx_word' id='word_1_230' title='bbox 422 2751 450 2799; x_wconf 87' lang='lat' dir='ltr'><strong>et</strong></span> <span class='ocrx_word' id='word_1_231' title='bbox 466 2748 561 2799; x_wconf 86' lang='lat' dir='ltr'><strong>lacobs</strong></span> <span class='ocrx_word' id='word_1_232' title='bbox 578 2750 662 2799; x_wconf 87' lang='lat' dir='ltr'><strong>Leott.</strong></span> <span class='ocrx_word' id='word_1_233' title='bbox 680 2748 781 2799; x_wconf 87' lang='lat' dir='ltr'><strong>Venus.</strong></span> <span class='ocrx_word' id='word_1_234' title='bbox 794 2760 821 2812; x_wconf 91' lang='lat' dir='ltr'><strong>p.</strong></span> <span class='ocrx_word' id='word_1_235' title='bbox 860 2752 887 2802; x_wconf 89' lang='lat' dir='ltr'><strong>in</strong></span> <span class='ocrx_word' id='word_1_236' title='bbox 913 2749 1027 2814; x_wconf 66' lang='lat' dir='ltr'><strong>ltepettl</strong></span> <span class='ocrx_word' id='word_1_237' title='bbox 1053 2748 1237 2813; x_wconf 87' lang='lat' dir='ltr'><strong>reprehendo,</strong></span> <span class='ocrx_word' id='word_1_238' title='bbox 1265 2753 1389 2813; x_wconf 86' lang='lat' dir='ltr'><strong>quamvls</strong></span> 
     </span>
     <span class='ocr_line' id='line_1_28' title="bbox 299 2821 1389 2887; baseline 0.001 -13"><span class='ocrx_word' id='word_1_239' title='bbox 299 2822 366 2886; x_wconf 84' lang='grc'>389.)</span> <span class='ocrx_word' id='word_1_240' title='bbox 396 2823 505 2887; x_wconf 82' lang='lat' dir='ltr'><strong>Egregie</strong></span> <span class='ocrx_word' id='word_1_241' title='bbox 523 2823 655 2874; x_wconf 80' lang='lat' dir='ltr'><strong>Ausonius</strong></span> <span class='ocrx_word' id='word_1_242' title='bbox 672 2824 699 2872; x_wconf 89' lang='lat' dir='ltr'><strong>in</strong></span> <span class='ocrx_word' id='word_1_243' title='bbox 717 2821 824 2874; x_wconf 83' lang='lat' dir='ltr'><strong>llosella</strong></span> <span class='ocrx_word' id='word_1_244' title='bbox 861 2837 931 2876; x_wconf 88' lang='lat' dir='ltr'><strong>unns</strong></span> <span class='ocrx_word' id='word_1_245' title='bbox 953 2826 1057 2874; x_wconf 85' lang='lat' dir='ltr'><strong>tantum</strong></span> <span class='ocrx_word' id='word_1_246' title='bbox 1078 2823 1169 2884; x_wconf 66' lang='lat' dir='ltr'><strong>luerim</strong></span> <span class='ocrx_word' id='word_1_247' title='bbox 1196 2823 1293 2874; x_wconf 89' lang='lat' dir='ltr'><strong>dieitur</strong></span> <span class='ocrx_word' id='word_1_248' title='bbox 1316 2826 1389 2876; x_wconf 91' lang='lat' dir='ltr'><strong>enim</strong></span> 
     </span>
     <span class='ocr_line' id='line_1_29' title="bbox 300 2896 1388 2963; baseline 0.002 -16"><span class='ocrx_word' id='word_1_249' title='bbox 300 2897 362 2948; x_wconf 75' lang='lat'>⁴63:</span> <span class='ocrx_word' id='word_1_250' title='bbox 388 2899 468 2949; x_wconf 81' lang='lat' dir='ltr'><strong>Laeto</strong></span> <span class='ocrx_word' id='word_1_251' title='bbox 484 2911 588 2962; x_wconf 68' lang='lat' dir='ltr'><strong>mmor</strong></span> <span class='ocrx_word' id='word_1_252' title='bbox 604 2898 687 2961; x_wconf 79' lang='lat' dir='ltr'><strong>platos</strong></span> <span class='ocrx_word' id='word_1_253' title='bbox 701 2899 826 2962; x_wconf 69' lang='lat' dir='ltr'><strong>[ottran-</strong></span> <span class='ocrx_word' id='word_1_254' title='bbox 861 2897 976 2963; x_wconf 77' lang='lat' dir='ltr'><strong>augendi</strong></span> <span class='ocrx_word' id='word_1_255' title='bbox 1001 2910 1110 2948; x_wconf 80' lang='lat' dir='ltr'><strong>eausa.»</strong></span> <span class='ocrx_word' id='word_1_256' title='bbox 1143 2897 1185 2948; x_wconf 81' lang='lat' dir='ltr'><strong>Ad</strong></span> <span class='ocrx_word' id='word_1_257' title='bbox 1209 2896 1314 2960; x_wconf 85' lang='lat' dir='ltr'><strong>lusum,</strong></span> <span class='ocrx_word' id='word_1_258' title='bbox 1343 2901 1388 2963; x_wconf 90' lang='lat' dir='ltr'><strong>qni</strong></span> 
     </span>
     <span class='ocr_line' id='line_1_30' title="bbox 297 2970 1388 3038; baseline 0 -14"><span class='ocrx_word' id='word_1_259' title='bbox 297 2978 379 3036; x_wconf 69' lang='lat' dir='ltr'><strong>morto</strong></span> <span class='ocrx_word' id='word_1_260' title='bbox 404 2975 485 3024; x_wconf 79' lang='lat' dir='ltr'><strong>coloni</strong></span> <span class='ocrx_word' id='word_1_261' title='bbox 517 2975 612 3024; x_wconf 83' lang='lat' dir='ltr'><strong>Verltee</strong></span> <span class='ocrx_word' id='word_1_262' title='bbox 638 2988 705 3024; x_wconf 74' lang='lat' dir='ltr'><strong>tuoe</strong></span> <span class='ocrx_word' id='word_1_263' title='bbox 729 2987 825 3024; x_wconf 68' lang='lat' dir='ltr'><strong>mmmo</strong></span> <span class='ocrx_word' id='word_1_264' title='bbox 862 2973 946 3025; x_wconf 81' lang='lat' dir='ltr'><strong>est-in</strong></span> <span class='ocrx_word' id='word_1_265' title='bbox 962 2970 1053 3023; x_wconf 88' lang='lat' dir='ltr'><strong>verbis</strong></span> <span class='ocrx_word' id='word_1_266' title='bbox 1068 2975 1297 3038; x_wconf 67' lang='lat' dir='ltr'><strong>reposuimus,</strong></span> <span class='ocrx_word' id='word_1_267' title='bbox 1316 2973 1388 3025; x_wconf 86' lang='lat' dir='ltr'><strong>conl.</strong></span> 
     </span>
     <span class='ocr_line' id='line_1_31' title="bbox 294 3047 1388 3113; baseline 0 -15"><span class='ocrx_word' id='word_1_268' title='bbox 294 3053 447 3111; x_wconf 83' lang='lat' dir='ltr'><strong>properant,</strong></span> <span class='ocrx_word' id='word_1_269' title='bbox 465 3062 532 3098; x_wconf 77' lang='lat' dir='ltr'><strong>auor</strong></span> <span class='ocrx_word' id='word_1_270' title='bbox 549 3049 636 3113; x_wconf 79' lang='lat' dir='ltr'><strong>dotupe</strong></span> <span class='ocrx_word' id='word_1_271' title='bbox 652 3049 741 3111; x_wconf 81' lang='lat' dir='ltr'><strong>dorso,</strong></span> <span class='ocrx_word' id='word_1_272' title='bbox 763 3048 825 3100; x_wconf 79' lang='lat' dir='ltr'><strong>Cer-</strong></span> <span class='ocrx_word' id='word_1_273' title='bbox 863 3049 918 3100; x_wconf 87' lang='lat' dir='ltr'><strong>Cio.</strong></span> <span class='ocrx_word' id='word_1_274' title='bbox 938 3048 972 3098; x_wconf 88' lang='lat' dir='ltr'><strong>ad</strong></span> <span class='ocrx_word' id='word_1_275' title='bbox 988 3048 1041 3099; x_wconf 76' lang='lat' dir='ltr'><strong>stt.</strong></span> <span class='ocrx_word' id='word_1_276' title='bbox 1058 3048 1089 3107; x_wconf 82' lang='lat' dir='ltr'><strong>t,</strong></span> <span class='ocrx_word' id='word_1_277' title='bbox 1112 3047 1160 3107; x_wconf 83' lang='lat' dir='ltr'><strong>to,</strong></span> <span class='ocrx_word' id='word_1_278' title='bbox 1184 3047 1214 3098; x_wconf 84' lang='lat' dir='ltr'><strong>a:</strong></span> <span class='ocrx_word' id='word_1_279' title='bbox 1242 3049 1388 3112; x_wconf 77' lang='lat' dir='ltr'><strong>Quousque,</strong></span> 
     </span>
     <span class='ocr_line' id='line_1_32' title="bbox 297 3121 1390 3187; baseline 0 -13"><span class='ocrx_word' id='word_1_280' title='bbox 297 3123 657 3174; x_wconf 76' lang='lat' dir='ltr'><strong>wntesatottdisctomortboa:</strong></span> <span class='ocrx_word' id='word_1_281' title='bbox 674 3125 732 3174; x_wconf 81' lang='lat' dir='ltr'><strong>todo</strong></span> <span class='ocrx_word' id='word_1_282' title='bbox 741 3125 826 3174; x_wconf 79' lang='lat' dir='ltr'><strong>viator</strong></span> <span class='ocrx_word' id='word_1_283' title='bbox 861 3123 943 3186; x_wconf 76' lang='lat' dir='ltr'><strong>inquit</strong></span> <span class='ocrx_word' id='word_1_284' title='bbox 960 3121 1102 3186; x_wconf 81' lang='lat' dir='ltr'><strong>(Clodius),</strong></span> <span class='ocrx_word' id='word_1_285' title='bbox 1120 3123 1186 3172; x_wconf 73' lang='lat' dir='ltr'><strong>brata</strong></span> <span class='ocrx_word' id='word_1_286' title='bbox 1201 3135 1307 3187; x_wconf 79' lang='lat' dir='ltr'><strong>repom</strong></span> <span class='ocrx_word' id='word_1_287' title='bbox 1321 3124 1390 3187; x_wconf 78' lang='lat' dir='ltr'><strong>sero·</strong></span> 
     </span>
     <span class='ocr_line' id='line_1_33' title="bbox 297 3196 1388 3262; baseline -0.004 -12"><span class='ocrx_word' id='word_1_288' title='bbox 297 3199 421 3262; x_wconf 83' lang='lat' dir='ltr'><strong>lttporum</strong></span> <span class='ocrx_word' id='word_1_289' title='bbox 431 3199 541 3249; x_wconf 79' lang='lat' dir='ltr'><strong>subtecto</strong></span> <span class='ocrx_word' id='word_1_290' title='bbox 557 3203 652 3261; x_wconf 69' lang='lat' dir='ltr'><strong>imma,</strong></span> <span class='ocrx_word' id='word_1_291' title='bbox 670 3199 727 3248; x_wconf 78' lang='lat' dir='ltr'><strong>bine</strong></span> <span class='ocrx_word' id='word_1_292' title='bbox 737 3199 826 3250; x_wconf 78' lang='lat' dir='ltr'><strong>navilo</strong></span> <span class='ocrx_word' id='word_1_293' title='bbox 861 3197 935 3248; x_wconf 79' lang='lat' dir='ltr'><strong>mus?</strong></span> <span class='ocrx_word' id='word_1_294' title='bbox 948 3222 975 3248; x_wconf 89' lang='lat'><strong>-.</strong></span> <span class='ocrx_word' id='word_1_295' title='bbox 991 3198 1113 3260; x_wconf 78' lang='lat' dir='ltr'><strong>«lispem</strong></span> <span class='ocrx_word' id='word_1_296' title='bbox 1129 3196 1254 3259; x_wconf 79' lang='lat' dir='ltr'><strong>appellas,</strong></span> <span class='ocrx_word' id='word_1_297' title='bbox 1272 3199 1388 3261; x_wconf 76' lang='lat' dir='ltr'><strong>inquam,</strong></span> 
     </span>
     <span class='ocr_line' id='line_1_34' title="bbox 298 3271 1391 3336; baseline 0 -12"><span class='ocrx_word' id='word_1_298' title='bbox 298 3273 391 3336; x_wconf 70' lang='lat' dir='ltr'><strong>lobon,</strong></span> <span class='ocrx_word' id='word_1_299' title='bbox 413 3274 511 3324; x_wconf 77' lang='lat' dir='ltr'><strong>Probra</strong></span> <span class='ocrx_word' id='word_1_300' title='bbox 526 3277 621 3323; x_wconf 78' lang='lat' dir='ltr'><strong>canunt</strong></span> <span class='ocrx_word' id='word_1_301' title='bbox 640 3273 702 3323; x_wconf 71' lang='lat' dir='ltr'><strong>seris</strong></span> <span class='ocrx_word' id='word_1_302' title='bbox 719 3273 825 3322; x_wconf 79' lang='lat' dir='ltr'><strong>eottori-</strong></span> <span class='ocrx_word' id='word_1_303' title='bbox 861 3284 919 3320; x_wconf 80' lang='lat' dir='ltr'><strong>eum</strong></span> <span class='ocrx_word' id='word_1_304' title='bbox 937 3271 976 3336; x_wconf 82' lang='lat' dir='ltr'><strong>(Q.</strong></span> <span class='ocrx_word' id='word_1_305' title='bbox 996 3271 1113 3334; x_wconf 79' lang='lat' dir='ltr'><strong>Martius)</strong></span> <span class='ocrx_word' id='word_1_306' title='bbox 1131 3271 1201 3322; x_wconf 76' lang='lat' dir='ltr'><strong>door</strong></span> <span class='ocrx_word' id='word_1_307' title='bbox 1225 3272 1262 3322; x_wconf 83' lang='lat' dir='ltr'><strong>tui</strong></span> <span class='ocrx_word' id='word_1_308' title='bbox 1283 3273 1391 3324; x_wconf 68' lang='lat' dir='ltr'><strong>monto-</strong></span> 
     </span>
     <span class='ocr_line' id='line_1_35' title="bbox 298 3344 1392 3411; baseline -0.002 -12"><span class='ocrx_word' id='word_1_309' title='bbox 298 3348 356 3408; x_wconf 83' lang='lat' dir='ltr'><strong>bur;</strong></span> <span class='ocrx_word' id='word_1_310' title='bbox 374 3349 495 3411; x_wconf 81' lang='lat' dir='ltr'><strong>adstrepit</strong></span> <span class='ocrx_word' id='word_1_311' title='bbox 511 3349 567 3399; x_wconf 82' lang='lat' dir='ltr'><strong>ollis</strong></span> <span class='ocrx_word' id='word_1_312' title='bbox 582 3349 615 3398; x_wconf 81' lang='lat' dir='ltr'><strong>lit</strong></span> <span class='ocrx_word' id='word_1_313' title='bbox 631 3362 707 3410; x_wconf 60' lang='lat' dir='ltr'><strong>apos</strong></span> <span class='ocrx_word' id='word_1_314' title='bbox 723 3353 746 3398; x_wconf 84' lang='lat' dir='ltr'><strong>ot</strong></span> <span class='ocrx_word' id='word_1_315' title='bbox 761 3348 826 3397; x_wconf 77' lang='lat' dir='ltr'><strong>siba</strong></span> <span class='ocrx_word' id='word_1_316' title='bbox 862 3359 919 3394; x_wconf 82' lang='lat' dir='ltr'><strong>nora</strong></span> <span class='ocrx_word' id='word_1_317' title='bbox 936 3344 971 3407; x_wconf 81' lang='lat' dir='ltr'><strong>[in</strong></span> <span class='ocrx_word' id='word_1_318' title='bbox 988 3346 1151 3395; x_wconf 85' lang='lat' dir='ltr'><strong>testamento</strong></span> <span class='ocrx_word' id='word_1_319' title='bbox 1168 3345 1225 3409; x_wconf 89' lang='lat' dir='ltr'><strong>sno)</strong></span> <span class='ocrx_word' id='word_1_320' title='bbox 1242 3347 1341 3396; x_wconf 73' lang='lat' dir='ltr'><strong>oudam</strong></span> <span class='ocrx_word' id='word_1_321' title='bbox 1355 3349 1392 3411; x_wconf 77' lang='lat' dir='ltr'><strong>fs-</strong></span> 
     </span>
     <span class='ocr_line' id='line_1_36' title="bbox 296 3417 1391 3486; baseline -0.001 -14"><span class='ocrx_word' id='word_1_322' title='bbox 296 3429 404 3473; x_wconf 80' lang='lat' dir='ltr'><strong>tremess</strong></span> <span class='ocrx_word' id='word_1_323' title='bbox 419 3427 443 3474; x_wconf 83' lang='lat' dir='ltr'><strong>ot</strong></span> <span class='ocrx_word' id='word_1_324' title='bbox 459 3435 584 3472; x_wconf 80' lang='lat' dir='ltr'><strong>oooaooua</strong></span> <span class='ocrx_word' id='word_1_325' title='bbox 594 3424 685 3472; x_wconf 71' lang='lat' dir='ltr'><strong>omno.</strong></span> <span class='ocrx_word' id='word_1_326' title='bbox 701 3448 728 3458; x_wconf 85' lang='lat'><em>-</em></span> <span class='ocrx_word' id='word_1_327' title='bbox 743 3422 826 3472; x_wconf 84' lang='lat' dir='ltr'><strong>Grae-</strong></span> <span class='ocrx_word' id='word_1_328' title='bbox 862 3417 958 3470; x_wconf 67' lang='lat' dir='ltr'><strong>amita?</strong></span> <span class='ocrx_word' id='word_1_329' title='bbox 978 3447 1004 3455; x_wconf 98' lang='lat'><em>-</em></span> <span class='ocrx_word' id='word_1_330' title='bbox 1023 3417 1068 3470; x_wconf 84' lang='lat' dir='ltr'><strong>itte</strong></span> <span class='ocrx_word' id='word_1_331' title='bbox 1084 3423 1168 3470; x_wconf 64' lang='lat' dir='ltr'><strong>ouum</strong></span> <span class='ocrx_word' id='word_1_332' title='bbox 1183 3422 1276 3486; x_wconf 73' lang='lat' dir='ltr'><strong>llopis</strong></span> <span class='ocrx_word' id='word_1_333' title='bbox 1291 3421 1391 3471; x_wconf 73' lang='lat' dir='ltr'><strong>taedi-</strong></span> 
     </span>
     <span class='ocr_line' id='line_1_37' title="bbox 297 3494 1391 3560; baseline 0.002 -15"><span class='ocrx_word' id='word_1_334' title='bbox 297 3494 349 3559; x_wconf 79' lang='lat' dir='ltr'><strong>cos]</strong></span> <span class='ocrx_word' id='word_1_335' title='bbox 368 3498 397 3546; x_wconf 93' lang='lat' dir='ltr'><strong>ut</strong></span> <span class='ocrx_word' id='word_1_336' title='bbox 414 3494 486 3557; x_wconf 85' lang='lat' dir='ltr'><strong>talis,</strong></span> <span class='ocrx_word' id='word_1_337' title='bbox 515 3495 596 3546; x_wconf 90' lang='lat' dir='ltr'><strong>homo</strong></span> <span class='ocrx_word' id='word_1_338' title='bbox 613 3495 687 3546; x_wconf 84' lang='lat' dir='ltr'><strong>valer</strong></span> <span class='ocrx_word' id='word_1_339' title='bbox 704 3509 735 3546; x_wconf 89' lang='lat' dir='ltr'><strong>ae</strong></span> <span class='ocrx_word' id='word_1_340' title='bbox 757 3495 826 3559; x_wconf 87' lang='lat' dir='ltr'><strong>lepi-</strong></span> <span class='ocrx_word' id='word_1_341' title='bbox 863 3502 939 3547; x_wconf 79' lang='lat' dir='ltr'><strong>tutem</strong></span> <span class='ocrx_word' id='word_1_342' title='bbox 958 3509 1001 3560; x_wconf 81' lang='lat' dir='ltr'><strong>spo</strong></span> <span class='ocrx_word' id='word_1_343' title='bbox 1023 3497 1168 3547; x_wconf 80' lang='lat' dir='ltr'><strong>devorarat.</strong></span> <span class='ocrx_word' id='word_1_344' title='bbox 1190 3526 1217 3533; x_wconf 99' lang='lat'><em>-</em></span> <span class='ocrx_word' id='word_1_345' title='bbox 1236 3509 1391 3560; x_wconf 74' lang='lat' dir='ltr'><strong>operosa--</strong></span> 
     </span>
     <span class='ocr_line' id='line_1_38' title="bbox 299 3569 1391 3636; baseline 0.004 -16"><span class='ocrx_word' id='word_1_346' title='bbox 299 3570 364 3632; x_wconf 89' lang='lat' dir='ltr'><strong>dus,</strong></span> <span class='ocrx_word' id='word_1_347' title='bbox 383 3582 436 3620; x_wconf 90' lang='lat' dir='ltr'><strong>uno</strong></span> <span class='ocrx_word' id='word_1_348' title='bbox 454 3570 525 3621; x_wconf 88' lang='lat' dir='ltr'><strong>dioto</strong></span> <span class='ocrx_word' id='word_1_349' title='bbox 543 3569 619 3622; x_wconf 87' lang='lat' dir='ltr'><strong>laeile</strong></span> <span class='ocrx_word' id='word_1_350' title='bbox 637 3571 767 3621; x_wconf 86' lang='lat' dir='ltr'><strong>rusticum</strong></span> <span class='ocrx_word' id='word_1_351' title='bbox 784 3573 827 3620; x_wconf 90' lang='lat' dir='ltr'><strong>at·</strong></span> <span class='ocrx_word' id='word_1_352' title='bbox 862 3571 976 3636; x_wconf 82' lang='lat' dir='ltr'><strong>tuorum]</strong></span> <span class='ocrx_word' id='word_1_353' title='bbox 1002 3583 1102 3632; x_wconf 88' lang='lat' dir='ltr'><strong>unum;</strong></span> <span class='ocrx_word' id='word_1_354' title='bbox 1130 3572 1197 3623; x_wconf 75' lang='lat' dir='ltr'><strong>«hoc</strong></span> <span class='ocrx_word' id='word_1_355' title='bbox 1219 3574 1244 3624; x_wconf 86' lang='lat' dir='ltr'><strong>te</strong></span> <span class='ocrx_word' id='word_1_356' title='bbox 1266 3585 1330 3624; x_wconf 85' lang='lat' dir='ltr'><strong>sune</strong></span> <span class='ocrx_word' id='word_1_357' title='bbox 1349 3572 1391 3623; x_wconf 93' lang='lat' dir='ltr'><strong>di-</strong></span> 
     </span>
     <span class='ocr_line' id='line_1_39' title="bbox 299 3645 1029 3712; baseline 0.001 -16"><span class='ocrx_word' id='word_1_358' title='bbox 299 3659 352 3712; x_wconf 90' lang='lat' dir='ltr'><strong>que</strong></span> <span class='ocrx_word' id='word_1_359' title='bbox 365 3645 501 3697; x_wconf 84' lang='lat' dir='ltr'><strong>inficetum</strong></span> <span class='ocrx_word' id='word_1_360' title='bbox 513 3645 698 3698; x_wconf 84' lang='lat' dir='ltr'><strong>adversarium</strong></span> <span class='ocrx_word' id='word_1_361' title='bbox 711 3647 745 3697; x_wconf 92' lang='lat' dir='ltr'><strong>de</strong></span> <span class='ocrx_word' id='word_1_362' title='bbox 755 3647 825 3697; x_wconf 82' lang='lat' dir='ltr'><strong>statu</strong></span> <span class='ocrx_word' id='word_1_363' title='bbox 863 3658 945 3711; x_wconf 77' lang='lat' dir='ltr'><strong>gnum</strong></span> <span class='ocrx_word' id='word_1_364' title='bbox 963 3647 1029 3699; x_wconf 78' lang='lat' dir='ltr'><strong>est.-</strong></span> 
     </span>
    </p>
   </div>
   <div class='ocr_carea' id='block_1_5' title="bbox 0 0 1559 4968">
    <p class='ocr_par' dir='ltr' id='par_1_8' title="bbox 0 0 1559 4968">
     <span class='ocr_line' id='line_1_40' title="bbox 0 0 1559 4968; baseline 0 0"><span class='ocrx_word' id='word_1_365' title='bbox 0 0 1559 4968; x_wconf 95' lang='lat' dir='ltr'><strong> </strong></span> 
     </span>
    </p>
   </div>
  </div>
 </body>
</html>
