3116 4968
308 490 372 554 246
694 490 1019 543 uonirusnrrmnmr

351 650 386 713 ln
409 646 516 714 media
540 646 632 713 iussit
654 645 771 736 Libya,
795 647 872 734 quia
894 645 1017 714 tardius
1040 647 1121 714 irent

350 772 486 857 Propter
505 788 589 834 onus
611 788 737 856 segnes.
782 769 858 836 Uter
880 780 930 836 est
951 768 1093 836 insanior
1114 768 1251 836 horum?

349 890 396 957 Nil
421 891 485 978 agit
507 888 705 977 exemplum,
729 888 816 955 litem
837 888 927 977 quod
949 888 1003 956 lite
1025 889 1165 956 resolvit.

349 1014 382 1080 Si
404 1014 478 1100 quis
501 1022 586 1079 emat
607 1011 760 1088 citharas,
787 1021 911 1099 emptas
934 1020 1115 1099 comportet
1136 1012 1168 1078 in
1191 1033 1304 1086 unum,

347 1137 413 1202 Nec
436 1132 543 1200 studio
565 1132 706 1200 citharae
729 1154 789 1200 nec
812 1134 922 1200 Musae
946 1132 1075 1200 deditus
1098 1131 1170 1212 ulli;
1330 1131 1388 1198 tue

349 1257 381 1323 Si
406 1254 533 1344 scalpra
555 1265 586 1322 et
609 1254 727 1322 lormas
750 1275 813 1320 non
837 1265 940 1332 sutor,
964 1255 1093 1322 nautica
1115 1254 1187 1323 vela

347 1379 489 1444 dvorsus
512 1377 717 1444 mercaturis:
741 1375 863 1443 delirus
885 1388 918 1444 et
938 1397 1050 1444 amens

348 1498 497 1586 Undique
520 1499 646 1566 dicatur
667 1499 790 1566 merito.
835 1500 897 1578 Qut
919 1498 1082 1600 discrepat
1104 1500 1187 1578 istis,

348 1622 410 1701 Qui
434 1641 582 1688 nummos
604 1641 786 1709 aurumque
809 1619 967 1698 recondit,
990 1621 1120 1688 nescius
1142 1623 1187 1688 uti

347 1742 540 1831 Compositis
562 1752 775 1829 metuensque
797 1741 885 1807 velut
906 1743 1092 1830 contingere
1115 1745 1269 1810 sacrum?
1331 1743 1391 1810 tto

347 1865 379 1932 Si
402 1865 476 1954 quis
498 1864 538 1932 ad
562 1867 723 1953 ingentem
746 1863 895 1931 lrumenti
917 1885 1049 1952 semper
1071 1885 1224 1931 acervum

346 1989 518 2054 Porrectus
540 1986 649 2075 vigilet
671 2007 746 2054 oum
768 1986 864 2074 longo
887 1987 986 2060 luste,
1009 2005 1118 2072 neque
1141 1984 1226 2054 illinc

346 2109 472 2176 Audeat
494 2109 642 2176 esuriens
666 2109 816 2174 dominus
839 2108 1024 2195 contingere
1047 2128 1197 2194 granum,

372 2290 427 2340 toa.
448 2289 512 2351 Quid
525 2287 578 2338 duo
590 2289 721 2348 Puttierii,
740 2289 800 2338 LCt.
816 2316 843 2324 —
858 2289 978 2348 discrepet
990 2300 1013 2336 c.
1029 2312 1057 2323 -
1075 2287 1131 2337 tta.
1144 2287 1272 2338 Proiectum
1281 2289 1361 2340 Bent-

338 2363 405 2414 leius
421 2365 489 2415 coni.
509 2363 693 2426 «quantumvis
705 2361 913 2414 reclamantibus
927 2360 1067 2412 librariis.»

306 2477 379 2536 ὅσον
394 2482 516 2536 δύνασαι
532 2481 666 2547 [laterata.
683 2511 709 2520 —
723 2485 829 2548 Ntlagit
866 2484 967 2534 arrian.
992 2484 1077 2548 Epict.
1101 2483 1138 2546 l„
1158 2485 1186 2545 8,
1214 2486 1264 2536 ⁴6:
1295 2481 1393 2549 Οὐδεὶς

305 2560 371 2624 εει]
392 2562 452 2625 lpse
475 2562 527 2611 iam
549 2560 688 2611 Stertinius
705 2571 765 2612 sese
782 2572 829 2609 re·
866 2557 940 2629 ἐρεῖ,
971 2551 1042 2625 'Eyul
1075 2557 1219 2624 μουσικός
1247 2563 1322 2626 εἰμι,
1355 2555 1393 2611 dr

303 2637 382 2685 vocat
398 2634 431 2684 ab
450 2636 554 2699 incepta
572 2635 770 2698 comparatione
787 2635 829 2684 in·
866 2630 1010 2704 πλῆκτρον
1031 2635 1079 2684 nul
1100 2630 1227 2706 κιθάραν
1247 2630 1390 2708 ἀγοράσῃ.

305 2715 346 2759 ter
360 2708 525 2770 Staberium,
544 2709 668 2760 avaritiae
681 2709 826 2772 specimen,
866 2707 919 2759 Clr.
933 2709 981 2759 Dio
999 2709 1095 2771 chrys,
1114 2709 1158 2760 Or.
1178 2710 1218 2760 tt.
1236 2723 1265 2774 p.
1284 2711 1342 2762 ³02.
1362 2713 1390 2761 R.

304 2787 332 2835 et
359 2785 532 2848 Aristippum,
562 2785 674 2834 nimium
698 2785 828 2848 pecuniae
866 2783 993 2832 Ceterum
1018 2784 1072 2833 tota
1098 2783 1165 2834 hacc
1186 2783 1332 2836 similitudo
1349 2797 1392 2836 me

305 2861 534 2923 contemptorem,
562 2871 668 2909 memor
692 2861 828 2923 praecepti
865 2857 993 2908 admonet
1009 2857 1145 2922 proverbii
1156 2859 1228 2923 apud
1244 2861 1393 2910 Varronem

305 2934 380 2997 logici
414 2946 429 2982 a
457 2933 550 2984 Stoicis
583 2933 686 2992 traditi,
730 2932 828 2984 nullam
866 2933 980 2993 ttae,
999 2933 1027 2992 t,
1046 2932 1073 2982 3:
1101 2947 1267 2996 denormat,
1286 2935 1394 2996 quita-

304 3009 514 3060 controversiam
537 3009 676 3060 contrariis
699 3007 829 3074 exemplis
865 3006 921 3057 tant
945 3007 1085 3071 ειιιιαναιιι,
1114 3013 1171 3058 sunt
1196 3009 1343 3061 citharoedi.
1364 3037 1390 3045 -

304 3084 404 3144 dirimi,
424 3082 473 3136 sed
491 3081 551 3134 talia
567 3084 733 3148 anquirenda
753 3097 827 3146 esse,
865 3083 969 3144 emptos]
996 3084 1053 3133 Non
1071 3085 1112 3134 est
1137 3082 1295 3148 simpliciter
1317 3097 1393 3138 «eas-

305 3172 375 3221 quae
393 3159 443 3209 etsi
466 3159 552 3223 primo
574 3162 684 3225 aspectu
706 3159 827 3221 diversa,
866 3169 949 3220 quea
968 3156 1033 3208 sed:
1054 3157 1173 3220 rotatim,
1191 3163 1337 3226 postquam
1349 3173 1394 3211 eas

305 3238 394 3285 tamen
412 3248 440 3284 re
459 3235 608 3286 accuratius
625 3236 754 3299 pensitata
770 3247 829 3284 rna·
867 3233 994 3292 emetitur
1012 3233 1105 3297 sicque
1116 3235 1187 3297 Virg.
1200 3237 1267 3287 Aen.
1282 3235 1311 3297 6,
1330 3234 1391 3287 itt:

304 3309 400 3360 nilesto
418 3309 533 3360 intereo
551 3307 829 3359 concinantetveluti
865 3309 943 3370 offam
960 3308 1065 3368 Obiicit;
1091 3308 1304 3374 tttc--comptt
1327 3311 1396 3362 obio-

304 3395 352 3446 per
380 3381 561 3437 inductionem
585 3396 681 3433 verum
706 3384 731 3433 ln
758 3381 829 3434 clara
864 3387 939 3432 ctum.
975 3383 1141 3447 Frequenter
1160 3385 1229 3436 hanc
1253 3385 1393 3451 epiploceu

304 3454 364 3506 luce
382 3453 520 3507 collocent.
556 3455 626 3506 Talia
644 3457 721 3519 igitur
738 3458 764 3507 in
784 3471 829 3508 se·
865 3459 1002 3522 usurpavit
1019 3459 1136 3510 ovidius,
1165 3461 1273 3512 Metam.
1294 3461 1325 3523 9,
1344 3459 1391 3513 il:

303 3529 447 3596 quentibus
470 3531 606 3594 proponit,
629 3531 657 3580 in
680 3531 828 3595 quibusda
867 3531 1002 3596 (Hydram)
1017 3533 1282 3598 domuidomdcntque
1294 3538 1391 3602 peregi.
1493 3590 1496 3601 ¹

303 3604 410 3658 stultitia
439 3604 577 3656 hominum
603 3607 655 3666 sic,
686 3609 715 3657 ut
742 3607 827 3666 dicet,
865 3606 931 3657 lbid.
954 3607 1019 3658 tet:
1046 3611 1181 3672 praesepia
1205 3611 1258 3661 uidi
1287 3613 1393 3675 Visaque

303 3681 438 3745 agentium
467 3691 577 3743 prorsus
602 3693 682 3731 nemo
705 3681 828 3732 dubitare
865 3681 949 3734 deieci.
979 3683 1048 3734 last.
1063 3683 1150 3746 Mt:
1168 3687 1394 3738 llarsuidetltutw

303 3759 392 3820 queat.
423 3753 607 3820 {⁸8impliciter
633 3756 672 3806 sio
697 3754 825 3820 explices:
863 3758 992 3820 vuarato
1023 3760 1092 3822 cttpit
1121 3761 1268 3823 potiturque
1297 3763 1393 3825 mita.

303 3844 375 3890 rem,
394 3830 428 3881 de
441 3843 494 3894 qua
506 3829 537 3882 lis
548 3833 598 3890 est,
616 3830 706 3894 itaque
718 3831 828 3884 dubium
864 3834 950 3885 Etiam
968 3833 993 3886 iu
1010 3847 1092 3899 prosa
1108 3846 1147 3884 or.
1167 3835 1221 3884 tir.
1241 3837 1270 3898 t,
1296 3837 1324 3888 a:
1354 3837 1395 3887 la-

302 3905 433 3956 nonlicet
455 3919 488 3956 ex
509 3904 657 3969 logicorum
678 3908 828 3973 praeceptis
863 3915 947 3962 monas
963 3937 978 3947 ·
994 3935 1008 3946 ·
1031 3911 1135 3960 Remum
1158 3911 1265 3974 cepiano,
1293 3917 1395 3976 copam

302 3978 351 4030 alia
377 3995 406 4030 re
430 3983 493 4031 itum
517 3979 597 4031 dubia
622 3979 739 4044 solvere,
767 3983 827 4046 quia
863 3986 918 4048 regi
939 3985 1050 4036 lentullo
1072 3983 1213 4037 addidisse.
1236 4013 1262 4022 -
1283 3985 1394 4050 scalpro]

301 4052 382 4103 dubia
408 4056 487 4105 certis
511 4057 613 4106 tantum
637 4054 825 4107 dirimuntur.=
864 4060 1008 4123 Kneifeu,
1041 4059 1248 4111 Scltulcltlan.
1280 4087 1311 4100 -
1339 4062 1394 4125 sor-

301 4127 469 4190 ltaucasusr.)
864 4133 927 4196 moa]
952 4134 1084 4185 toletan.
1107 4163 1134 4171 -
1153 4149 1204 4186 ooo
1228 4137 1308 4202 uuor]
1333 4133 1394 4200 «qui

337 4200 458 4252 tot-tat.
484 4205 512 4252 St
525 4205 580 4266 quis
591 4212 656 4256 anot
668 4207 730 4272 cot]
743 4207 828 4258 Etiam
865 4221 918 4258 noa
935 4211 1010 4259 sutor
1027 4213 1093 4261 est.»
1114 4237 1142 4246 -
1160 4211 1320 4277 memoris]
1344 4210 1395 4261 da·

301 4275 538 4327 hocmimmsane
551 4279 748 4345 exemplemur
763 4283 828 4332 Stoi·
865 4285 942 4344 tivus,
961 4285 990 4334 ut
1001 4283 1050 4336 0d.
1063 4285 1094 4348 ι,
1108 4283 1136 4348 l,
1156 4285 1206 4338 te:
1228 4287 1300 4337 locro
1317 4298 1394 4337 ww

302 4349 825 4423 corumolficinavideturdepromptum.
865 4369 928 4410 mm.
949 4385 976 4394 —
997 4359 1117 4426 Undique]
1140 4361 1167 4412 iu
1184 4373 1264 4427 prosa
1281 4373 1322 4412 or.
1343 4357 1394 4412 mh
