3178 4972
287 458 351 524 ⁴¹0ss
636 449 765 501 llOllA'l'll
782 446 1003 518 Erisronaauat

331 614 393 694 Qui
417 609 516 678 semel
539 605 704 694 adspexit,
728 612 884 692 quantum
906 600 1040 668 dimissa
1061 599 1170 690 petitis

332 738 518 808 Praestent,
542 738 666 796 mature
689 725 803 793 redeat
823 733 1014 812 repetatque
1035 721 1157 790 relicta.

334 855 435 924 Metiri
459 869 682 943 aequomque
705 869 766 914 sno
788 845 919 912 modulo
943 865 981 912 ac
1004 844 1089 932 pede
1111 863 1227 912 verum
1250 853 1310 911 est.

356 1055 397 1104 96.
416 1051 491 1102 simrd
506 1049 600 1100 bSch
618 1049 645 1097 et
661 1059 756 1096 onmes
773 1045 899 1096 Poiiieril.
921 1073 948 1080 —
968 1044 1074 1093 demisse
1090 1043 1120 1092 E.

290 1223 373 1283 teter]
392 1223 492 1272 Rursus
504 1214 626 1268 iormnla.
649 1214 704 1266 Cic.
718 1211 753 1263 ad
764 1212 817 1261 Att.
857 1211 984 1274 «Acetum
1000 1212 1043 1261 est
1058 1213 1086 1260 et
1102 1208 1182 1260 decet
1198 1221 1335 1274 quomque
1346 1207 1385 1258 tn.

292 1299 336 1357 ll,
351 1295 378 1355 i,
393 1295 403 1344 l
419 1309 424 1342 :
443 1293 517 1354 idque
527 1295 555 1340 ut
566 1290 662 1352 sociat,
681 1293 703 1337 te
715 1286 820 1336 obteuor
857 1289 896 1336 tra
914 1297 961 1335 eos
973 1283 1040 1336 lines
1053 1297 1163 1336 manere
1176 1296 1289 1348 eamque
1301 1284 1385 1333 vitam

290 1375 366 1434 utque
377 1367 484 1418 ebsecro.
498 1393 526 1404 -
539 1365 587 1427 Qrti
599 1363 672 1414 senei
682 1361 745 1425 cet]
763 1363 819 1412 lam
856 1358 968 1423 eligere,
994 1371 1064 1422 quae
1087 1359 1217 1422 cuiusque
1235 1356 1336 1408 viribus
1352 1369 1386 1408 ee

292 1458 325 1496 ex
341 1444 393 1494 hac
411 1436 606 1492 narratiuncula
626 1439 705 1502 poeta
724 1433 821 1497 colligit
856 1436 896 1484 rei
913 1431 1033 1484 lamiliari
1051 1446 1132 1496 quam
1145 1433 1260 1483 maxime
1273 1444 1386 1483 consen-

292 1515 447 1582 generalem
473 1513 650 1566 sententiam:
688 1510 740 1562 «nt
765 1508 821 1571 pri·
857 1510 935 1558 tanea
953 1507 1012 1558 sit.»
1031 1507 1069 1558 Cl.
1090 1508 1145 1557 Cic.
1158 1505 1192 1556 de
1205 1505 1279 1556 Oille.
1299 1507 1323 1565 l,
1341 1505 1384 1566 at,

291 1605 368 1644 mum
386 1590 480 1654 aliquis
497 1587 647 1655 perspexit»
660 1587 712 1636 cel.
731 1584 821 1634 Lectio
859 1583 925 1633 llll:
944 1581 1079 1644 propriam
1093 1585 1216 1632 murem
1231 1593 1384 1642 mmor,

292 1667 367 1717 eimtd
400 1666 451 1716 hoc
484 1663 543 1714 loco
578 1673 643 1712 sano
676 1671 819 1724 perversa,
857 1662 898 1718 ut,
917 1658 993 1706 etiem
1009 1657 1030 1705 si
1046 1657 1096 1705 sint
1111 1656 1166 1705 alie
1177 1656 1388 1720 prmrioroctque

293 1735 723 1807 quemquaminlongeplurtmis
736 1733 820 1785 codd.
857 1732 980 1793 meliora,
1015 1736 1099 1781 mmm
1122 1743 1168 1780 nos
1191 1731 1276 1779 studio
1299 1735 1388 1780 metro

292 1816 438 1882 reperitur,
457 1816 483 1864 io
501 1813 592 1878 paucis
610 1811 747 1862 dumtaxat
757 1821 821 1858 vera
858 1811 960 1858 nostroe
973 1805 1182 1868 natureetepulo
1192 1805 1336 1856 metiamur.
1357 1833 1385 1840 -

293 1891 374 1942 senui.
394 1889 432 1939 ct.
446 1888 493 1938 0d.
508 1888 532 1946 i,
546 1887 570 1946 3,
585 1887 608 1935 l.
627 1913 656 1921 -
676 1884 740 1935 Mire
758 1895 824 1932 non·
858 1882 958 1931 nmdrdo
975 1895 1006 1932 uc
1019 1879 1091 1943 pede]
1110 1879 1240 1928 emedulur
1257 1881 1388 1929 estmen·

294 1964 357 2016 nulli
373 1965 440 2012 haec
452 1975 500 2028 pro
512 1959 622 2024 Philippi
634 1957 733 2019 verbis,
753 1969 821 2021 quae
859 1969 935 2012 sura;
955 1953 1112 2018 metaphora
1129 1967 1161 2003 uc
1174 1954 1237 2015 pede
1252 1952 1287 2003 ab
1299 1954 1330 2002 iis
1341 1952 1390 2003 de-

294 2041 387 2090 Menae
400 2037 561 2096 inclamarit,
581 2033 742 2091 habuerunt,
760 2043 822 2080 cum
859 2031 965 2094 sumpta
987 2030 1042 2088 esi,
1069 2029 1115 2094 qui
1138 2028 1257 2092 eorporis
1274 2027 1315 2078 sni
1332 2029 1388 2077 sta-

295 2113 417 2164 lloratius
443 2111 523 2161 totius
547 2109 587 2158 rei
611 2109 711 2157 exitum
729 2103 822 2155 callide
860 2107 947 2155 turam
964 2114 1076 2153 numero
1098 2100 1199 2165 pedum
1216 2101 1388 2152 metiuntur.»

295 2188 425 2238 tacuerit:
453 2183 515 2235 nihil
539 2185 610 2234 enirn
628 2180 757 2232 attinebat
773 2179 823 2228 ad·
860 2179 950 2229 Ossan.
961 2176 1093 2241 -omepq
1106 2177 1230 2236 «iustum,
1243 2187 1387 2241 aequum..

294 2264 405 2325 iungere
438 2272 454 2309 a
488 2257 606 2323 Philippo
640 2252 822 2306 misericordia
860 2249 1387 2315 steatomata.appelatavtrg.

295 2338 366 2386 tacto
392 2335 496 2384 Menam
519 2333 645 2397 pristinae
668 2331 738 2379 vitae
756 2327 823 2378 illico
860 2325 1191 2385 aen.ta,oet:neveaee
1199 2325 1390 2374 unuumvo·

295 2411 448 2462 restitutum
473 2419 566 2457 rursus
592 2405 687 2456 iecisse
708 2416 825 2468 praeco·
861 2401 898 2450 bis
913 2401 999 2464 foedes
1016 2402 1092 2451 inere.
1117 2403 1155 2450 Ac
1172 2413 1254 2463 saepe
1267 2399 1339 2465 apud
1350 2401 1390 2450 ti-

296 2485 378 2534 oium.
401 2511 427 2520 -
454 2483 539 2533 Metire·
564 2493 589 2532 aa
614 2492 735 2542 quemque
759 2477 823 2543 cet]
860 2476 1013 2536 vium3vld.
1023 2475 1215 2527 Drakenborch
1228 2473 1388 2536 αᾱῌΜ.

765 2657 913 2668 —-.—-

655 2823 1033 2884 EXGUBSUS.

348 2991 413 3040 «Est
438 2989 506 3040 haec
529 2985 640 3052 epistola
667 3001 700 3038 ex
717 2989 749 3038 iis
767 2987 866 3039 lloralii
883 2986 1062 3048 carminibus,
1090 2983 1161 3036 unde
1178 2983 1316 3048 egregium
1333 2981 1391 3044 eius,

301 3073 449 3136 ingenium,
477 3071 578 3122 candor
602 3071 773 3135 incorruptus
798 3073 825 3121 et
848 3071 962 3135 ingenua
988 3069 1098 3122 libertas
1127 3082 1180 3120 non
1204 3069 1293 3118 minue
1309 3077 1391 3129 mam

299 3167 380 3208 verae
406 3157 551 3218 amicitiae,
578 3154 613 3205 ab
639 3156 712 3206 omni
734 3154 885 3206 adulatione
907 3157 1041 3215 remotae,
1068 3157 1095 3204 et
1113 3153 1178 3218 grati
1196 3152 1277 3202 enimi
1294 3161 1392 3200 sensus

300 3237 427 3301 imprimis
446 3239 560 3290 elucent.
597 3240 738 3291 Maecenas
756 3240 845 3300 enim,
866 3239 911 3303 qui
929 3243 1025 3303 poetae
1043 3235 1237 3288 cousuetudine
1254 3245 1392 3298 nunquam

301 3334 354 3371 non
380 3316 524 3374 admodum
550 3320 730 3374 delectaretur
755 3325 782 3372 ei
808 3323 905 3373 invitus
932 3335 1041 3386 semper
1068 3333 1130 3371 eum
1152 3333 1167 3368 a
1189 3331 1219 3370 se
1237 3317 1391 3378 dimitteret,

302 3417 365 3454 cum
383 3401 522 3466 aliquando
541 3405 677 3466 lloralius,
696 3407 746 3456 etsi
765 3404 896 3470 pollicitos
915 3406 981 3457 intra
999 3417 1100 3470 paucos
1117 3403 1175 3454 dies
1191 3399 1392 3460 sareditarum,

303 3485 401 3537 Mutius
418 3484 486 3534 urbe
505 3488 625 3550 abesset,
650 3489 677 3539 id
700 3503 780 3552 aegre
800 3489 890 3540 tulisse
908 3489 1023 3540 videtur.
1059 3490 1115 3540 lam
1133 3488 1213 3551 igitur
1227 3487 1306 3550 poeta
1323 3485 1395 3535 hanc

303 3569 444 3636 epistolam
463 3569 536 3630 (sane
550 3577 698 3638 antequam
716 3573 843 3624 ederetur
861 3586 923 3624 cum
948 3571 991 3622 illo
1010 3572 1249 3630 communicatam,
1277 3568 1326 3619 etsi
1343 3569 1395 3622 hac

304 3653 338 3704 de
364 3667 394 3704 re
420 3651 551 3702 dubiluvil
567 3654 715 3719 weicheri)
739 3657 858 3721 scripsit,
886 3669 939 3720 qua
957 3657 984 3706 et
1000 3655 1070 3706 hanc
1087 3654 1237 3706 absentiam
1254 3657 1395 3703 excusaret

304 3739 332 3788 et
357 3737 465 3788 omuino
486 3733 571 3786 libere
594 3742 775 3804 eloqueretur,
803 3751 856 3803 que
879 3741 982 3790 ratione
1006 3739 1139 3789 amatore
1158 3737 1244 3788 amico
1261 3749 1323 3788 sese
1340 3739 1396 3785 tra-

304 3821 371 3872 ctari
388 3817 476 3870 vellet.
513 3819 631 3870 Primum
649 3823 790 3872 certiorem
807 3820 871 3872 iacit
886 3823 1088 3884 Maecenatem,
1107 3833 1137 3872 ee
1154 3821 1268 3886 proximi
1285 3818 1395 3871 demum

304 3903 367 3954 anni
392 3905 513 3968 tempore
538 3914 623 3952 verno
652 3902 686 3953 oh
712 3905 871 3956 valetudinis
895 3905 1044 3970 periculum
1070 3906 1183 3955 Romam
1200 3904 1299 3954 reverti
1315 3915 1396 3967 posse

306 3987 358 4050 (vv.
378 3987 459 4048 l-ts).
494 3987 573 4046 lum,
601 3983 646 4034 ubi
670 3981 756 4048 lepide
781 3989 939 4054 significavit
964 4003 994 4040 so
1015 3988 1100 4054 probe
1118 3986 1278 4051 intelligere,
1304 3985 1397 4050 quanti

305 4081 454 4132 generosus
481 4067 640 4120 Maecenatis
666 4069 768 4122 animus
790 4075 818 4123 et
835 4074 862 4122 io
878 4071 1017 4124 beneflciis
1034 4070 1176 4136 largiendis
1192 4071 1344 4122 humanitas
1361 4069 1398 4120 ia-

307 4151 403 4202 cienda
420 4152 454 4201 sit
471 4152 522 4215 (vv.
543 4149 657 4214 lidii,
685 4151 798 4204 maxime
817 4157 934 4206 aetatem
951 4168 1029 4208 suam
1046 4155 1246 4219 provectiorem
1262 4157 1343 4219 atque
1359 4155 1400 4204 ln-

307 4237 410 4284 certem
426 4232 608 4286 valetudinem
624 4233 744 4296 excusat,
763 4237 834 4297 qnod
852 4239 960 4289 omnino
978 4239 1090 4304 posthac
1102 4239 1130 4289 in
1140 4238 1212 4290 ilrhe
1224 4241 1279 4290 mm
1290 4235 1399 4288 midue

309 4331 338 4370 se
356 4317 469 4368 detineri
486 4329 539 4368 non
556 4329 684 4382 passurus
701 4318 736 4370 sit
753 4317 804 4382 (vv.
823 4319 946 4386 25-28.);
974 4325 1054 4388 atque
1072 4319 1159 4374 tabula
1177 4322 1229 4386 (vv.
1248 4319 1354 4384 iil-dli
1372 4322 1400 4370 et
