3082 4968
311 435 371 501 toa
644 484 647 490 ,
689 409 1016 487 nonaru'sarrmunu

665 705 1041 764 excubans

631 821 633 825 ’
733 826 967 879 mumma

372 954 442 1003 ituro
458 950 569 1016 quidem
587 949 636 1001 sed
661 948 795 1000 interdum
816 951 907 998 tamen
928 960 972 998 me
989 947 1080 998 nescio
1098 947 1235 1012 monendo
1260 950 1333 1000 iuvat
1359 951 1401 1000 in-

307 1038 412 1102 spicere
425 1037 563 1086 versiones
575 1031 821 1097 FrancogaHorum,
836 1031 976 1095 italorum,
996 1031 1186 1096 Hispanorum,
1205 1035 1247 1094 ut,
1260 1033 1400 1098 quomodo

306 1121 429 1173 homines
447 1120 607 1186 pierumque
625 1118 695 1168 acuti
712 1119 793 1181 atque
806 1113 941 1180 elegantes
958 1115 1031 1166 hunc
1041 1114 1084 1166 vel
1101 1115 1175 1167 iilum
1191 1114 1280 1167 locum
1298 1115 1401 1168 intelie-

307 1206 408 1267 1en'nt,
428 1219 477 1269 ego
495 1216 605 1269 quoque
621 1201 786 1267 perspiciam
802 1212 890 1263 neque
907 1211 1018 1265 semper
1034 1201 1103 1251 inter
1114 1213 1224 1252 seueros
1235 1199 1294 1253 ilion
1306 1203 1401 1252 Gram-

307 1291 421 1341 maticos
437 1301 545 1349 verser,
564 1285 662 1351 quibus
680 1286 772 1350 utique
789 1283 873 1336 multo
889 1283 965 1350 plura
982 1284 1080 1336 debeo.

370 1373 413 1423 Sic
439 1386 464 1423 v.
489 1373 530 1422 28.
553 1371 636 1422 verba
662 1371 766 1421 Felices!
793 1383 861 1420 aceto
877 1396 919 1409 --
937 1368 1074 1420 adoleverit
1095 1375 1166 1420 cetos
1188 1367 1308 1421 demissa
1330 1382 1400 1421 voce

305 1455 339 1505 ab
357 1455 465 1506 Horatio
481 1455 652 1520 pronuntiata
669 1454 743 1518 tingi,
771 1453 897 1504 viderunt
921 1453 1018 1504 Dacier
1034 1456 1062 1504 at
1080 1451 1220 1504 Sanadon:
1248 1453 1329 1516 Qu'tle
1344 1460 1402 1506 anet

306 1537 1402 1602 mmfflfflmmmfflmmmfflmmmmfflw

305 1629 361 1674 sont
377 1625 501 1686 bearem
519 1624 641 1687 replis-je
657 1627 712 1673 tout
727 1622 788 1672 bas!
806 1622 902 1673 Contra
921 1623 1015 1685 Goupy
1026 1621 1108 1684 (Paris
1120 1619 1203 1685 iata.)
1222 1621 1274 1672 boc
1285 1621 1400 1686 supple-

307 1710 429 1760 mentum
447 1709 548 1770 omisit,
567 1708 597 1758 ut
614 1705 750 1766 Wieiand,
768 1702 930 1766 Paliavicini,
948 1703 1082 1768 Gargallo,
1102 1705 1213 1768 Burgos.

371 1792 447 1843 Vers.
467 1791 499 1843 ia
516 1805 594 1856 seqq.
624 1791 717 1842 Omnia
735 1791 803 1840 haec
818 1791 953 1840 Maecenas
969 1789 1300 1850 eaeoeodo-·summosses
1314 1802 1400 1840 aeones

305 1876 407 1927 bomini
424 1876 577 1940 importuno
594 1877 669 1926 reete
686 1874 808 1925 tribuunt
827 1874 935 1934 Dacier,
955 1873 1094 1935 Sanadou,
1114 1873 1270 1937 Campenon
1289 1874 1316 1923 et
1332 1873 1400 1925 Des-

304 1962 382 2026 pres,
401 1961 467 2010 item
484 1961 586 2024 Goupy.
605 1960 653 2010 Hic
665 1960 714 2009 ita:
734 1956 864 2010 amedee!
881 1957 1031 2020 repeated-il,
1050 1961 1172 2008 omnmeet
1187 1961 1327 2008 ea-tuaoec
1339 1955 1399 2006 lui?

305 2045 326 2093 il
342 2045 436 2094 n'ae'ote
444 2057 492 2106 pas
503 2049 557 2094 tout
573 2044 596 2094 le
611 2044 715 2104 meede,
732 2047 756 2093 et
772 2043 792 2091 ll
807 2055 825 2092 a
836 2040 891 2091 bien
906 2042 1001 2091 raison.
1034 2041 1157 2092 Pereooee
1166 2043 1241 2091 n'ma
1251 2041 1340 2091 mimae
1351 2055 1399 2104 paee

305 2127 341 2177 lul
359 2128 389 2176 de
404 2139 434 2176 ea
449 2127 559 2191 tortulae.
594 2127 622 2178 se·
639 2131 667 2176 tn
682 2127 781 2176 omanis
798 2137 839 2176 nee
851 2128 980 2188 precetur
996 2125 1014 2176 cl
1030 2125 1079 2188 lai,
1097 2131 1125 2176 tu
1141 2126 1231 2176 eureis
1247 2139 1278 2176 ea
1293 2125 1346 2175 moi
1362 2139 1397 2176 een

305 2210 458 2272 asaeilloire,
485 2211 528 2273 eet
544 2216 569 2262 te
583 2211 737 2261 secondereit
759 2210 823 2260 ttae.
859 2210 912 2272 Qec
928 2211 957 2272 je
972 2222 1072 2272 meere,
1097 2209 1119 2260 el
1143 2214 1171 2260 tu
1186 2209 1325 2269 n'dtiocoe'e
1345 2223 1397 2273 pes

305 2299 361 2344 toea
377 2299 413 2347 tes
426 2295 557 2346 mouent»
587 2293 711 2345 Similiter
727 2292 893 2344 Paliavicini:

537 2379 629 2442 Qaiodl
644 2379 762 2442 rtpe'plin:
781 2377 855 2428 Coele
871 2382 895 2428 te
911 2377 937 2428 ln
950 2377 1021 2440 pessi

602 2462 653 2513 Gon
669 2461 815 2513 Herennia?
830 2475 866 2512 un
882 2475 941 2512 nom
957 2463 1040 2512 ct'uso
1056 2461 1172 2526 mtpllore

602 2547 695 2596 Faceta
711 2547 737 2596 di
753 2559 801 2596 aaa
815 2545 921 2610 [ortem
936 2561 987 2596 eon
1004 2547 1139 2598 vedmmm

535 2631 670 2682 Produrmi
686 2635 713 2680 ta
730 2631 837 2680 donresti
853 2643 871 2680 a
888 2630 945 2692 quel
960 2631 1075 2695 signorm

601 2715 625 2764 il
640 2715 704 2778 {edel
720 2715 908 2777 recondendoti‚
927 2719 1069 2766 scoomaette

603 2798 707 2872 Cb'opnt
722 2800 789 2848 altro
805 2811 962 2849 eaoeranmo
979 2798 1022 2848 dal
1036 2799 1132 2862 faeere.

307 2884 350 2934 Sic
367 2883 448 2934 etiam
465 2883 575 2946 burgos.
592 2907 619 2918 -
639 2883 721 2932 itecte
739 2882 874 2933 Sanadon:
895 2883 1050 2934 «Maecenas
1068 2881 1204 2947 quomodo
1221 2883 1320 2948 tecum]
1337 2884 1400 2936 Tout

304 2981 332 3018 oe
349 2969 392 3030 qni
408 2969 458 3019 atil
472 2968 580 3031 jmqe’ct
601 2969 652 3018 isto
670 2981 724 3018 non
739 2968 853 3018 vivimus
871 2967 923 3016 doit
939 2971 992 3016 atre
1007 2967 1056 3016 mia
1072 2967 1136 3016 detes
1151 2967 1179 3016 la
1195 2967 1286 3018 boante
1303 2969 1338 3018 dn
1352 2969 1399 3033 stt-

304 3051 394 3104 cbean.
429 3054 475 3103 Les
496 3053 598 3115 peresees
613 3052 658 3114 a'p
674 3057 730 3102 sont
750 3063 800 3114 pos
821 3050 880 3100 lites
896 3050 927 3099 de
941 3050 993 3113 sort
1013 3049 1089 3112 prta,
1115 3050 1181 3100 mals
1196 3051 1249 3101 celo
1265 3055 1347 3102 meane
1362 3057 1400 3103 eat

304 3141 358 3186 tent
375 3136 456 3199 osolt
473 3137 536 3186 dans
552 3137 575 3186 le
592 3135 722 3186 carncttre
738 3135 880 3197 qa'lioruce
895 3147 985 3184 nense
995 3135 1078 3184 mnne
1093 3135 1128 3184 du
1140 3147 1314 3199 personnepe,
1333 3147 1399 3186 cum

305 3211 437 3284 quidlibet
452 3217 494 3271 ille
513 3221 656 3270 Garriret»
693 3219 788 3283 (Herus
807 3219 999 3269 sententiamm
1017 3219 1060 3268 hio
1076 3219 1129 3279 est,
1149 3217 1222 3282 quod
1239 3219 1399 3270 oumhomo

305 3304 473 3367 importunus
491 3304 554 3354 satis
571 3301 684 3354 moleste
702 3301 839 3352 Horatium
860 3303 1051 3366 interrogasset
1071 3304 1205 3353 Mamaeae
1220 3303 1343 3365 puonwdo
1359 3307 1399 3353 te-

305 3399 375 3447 cum,
394 3386 518 3447 quamvis
536 3386 644 3435 minime
663 3387 797 3448 ignoraret
818 3387 963 3449 utrumque
981 3386 1072 3437 intima
1090 3387 1207 3437 amicitia
1223 3387 1398 3438 coniunctum

306 3481 383 3530 esse,
402 3469 466 3533 ipsi,
486 3481 540 3532 quo
557 3467 719 3533 benignum,
746 3469 784 3518 uti
801 3471 904 3533 sperat,
931 3481 1091 3534 responsum
1109 3469 1207 3533 eiiciat,
1235 3473 1399 3524 Maecenatis

306 3551 440 3617 duplicem
458 3549 580 3613 laudem,
607 3550 720 3602 alteram
737 3551 847 3615 quidem
869 3565 976 3613 veram,
1002 3551 1115 3604 alteram
1131 3555 1196 3605 satis
1218 3555 1337 3619 ineptam
1355 3555 1399 3605 iu-

307 3649 400 3688 serere
418 3635 601 3686 necessarium
613 3633 728 3686 videtur.
755 3635 795 3687 Ab
808 3635 850 3686 his
862 3636 928 3697 iam,
947 3637 978 3686 ut
989 3637 1200 3688 consentaneum
1212 3641 1283 3700 erat,
1302 3640 1399 3690 transit

307 3720 342 3772 ad
368 3720 407 3783 id,
440 3718 514 3784 qnod
540 3730 637 3783 reapse
661 3718 797 3784 cupiebat,
829 3719 858 3769 ut
879 3731 929 3784 per
951 3719 1090 3770 Horatium
1113 3721 1261 3772 Maecenati
1282 3720 1398 3775 nuditus

304 3805 424 3870 primum
441 3802 521 3865 aiios,
540 3805 635 3868 postea
652 3804 741 3868 ipsum
758 3814 866 3866 quoqrm
885 3803 1147 3866 commendatorem,
1171 3805 1194 3854 si
1215 3803 1272 3854 lieri
1289 3808 1396 3869 posset,

306 3887 416 3939 tandem
438 3886 641 3950 summoveret.)
676 3885 761 3936 «Cetae
778 3886 822 3947 qut
845 3891 888 3936 ont
908 3887 986 3937 voela
1001 3891 1089 3938 mettre
1105 3901 1136 3938 aa
1152 3887 1268 3952 elabente
1283 3899 1324 3938 ces
1338 3889 1399 3951 cinq

304 3985 362 4020 cers
376 3971 431 4035 {ont
446 3971 555 4022 violem
572 3983 608 4021 aa
622 3983 677 4021 aeos
693 3969 819 4020 natura.»
854 3969 926 4021 Halti
944 3972 1036 4021 oontm
1053 3969 1189 4036 dialogum
1204 3983 1264 4022 essa
1277 3973 1399 4024 statuunt

305 4053 389 4105 verba
407 4055 498 4105 tamen
514 4055 589 4106 varie
607 4051 813 4113 distribuentes,
832 4053 859 4103 id
875 4053 950 4118 quod
965 4055 1054 4119 ipsum
1070 4052 1154 4105 falsae
1171 4054 1398 4119 interpretationis

305 4137 477 4189 manifestum
489 4141 533 4189 eet
548 4140 663 4202 signum.
700 4138 737 4187 ita
748 4137 855 4202 reperio
872 4138 942 4187 banc
954 4137 1159 4202 explicationem
1171 4136 1244 4202 apud
1255 4139 1396 4202 Ceratum,

306 4223 352 4287 qui
369 4221 465 4272 eadem
486 4233 597 4286 prorsus
613 4223 701 4273 viaet
720 4221 823 4272 ratione
847 4223 928 4284 atque
952 4234 1039 4286 nuper
1058 4223 1177 4273 Dttntaer
1192 4233 1258 4273 usus
1274 4220 1398 4274 leviden-

307 4317 365 4358 eem
382 4299 571 4377 παράφρασιν
596 4305 696 4356 Horatii
721 4303 804 4357 edidit
827 4305 950 4356 Veronae
971 4305 1059 4356 anan:
1088 4303 1221 4356 «subinde
1239 4305 1283 4356 bio
1298 4306 1398 4370 repetit
