3022 4984
832 461 962 512 florarii

513 621 541 670 lc
556 619 638 671 nes-hie
653 619 729 672 etam
746 619 825 670 mute
841 624 979 681 canemque
995 618 1116 679 samse,

514 704 567 754 Hoc
583 709 664 765 mod,
682 703 727 754 hcc
743 707 846 765 sponsat
859 703 978 765 prom
994 702 1115 753 cannete
1131 707 1229 752 owtor.

515 788 621 838 neec
638 788 737 851 egregio
754 789 806 848 cet.

353 884 469 935 eumque
487 869 562 922 multi
580 871 664 922 secuti
681 872 756 930 suut,
777 871 815 921 sic
833 868 1024 934 explicantem:
1045 870 1120 920 siloc
1138 867 1273 934 (verbum)
1287 865 1417 933 utprchun

351 957 476 1020 recipiet,
495 954 559 1005 illud
575 956 605 1004 ut
620 949 714 1004 κακοῦ
726 947 880 1019 κόμματος
896 954 1021 1018 repudiet
1036 955 1117 1018 atque
1134 951 1270 1004 abiiciat.»
1293 951 1342 1002 Sed
1352 955 1418 1001 tetm-

351 1041 438 1090 reriae
463 1041 526 1090 sunt
551 1050 646 1090 omnes
671 1039 824 1089 huiusmodi
848 1039 1067 1102 transpositiones
1087 1037 1113 1087 in
1138 1037 1285 1101 scriptore,
1312 1036 1378 1086 cuins
1391 1035 1418 1082 tct

352 1127 462 1188 tamque
479 1123 581 1186 antiqui
599 1124 705 1172 exstem
720 1121 827 1173 codices
839 1120 945 1185 (utilia,
964 1133 1046 1184 mam
1058 1121 1183 1185 proponit
1192 1121 1314 1184 Wagner
1324 1118 1418 1178 adtirg

352 1209 418 1258 Aen.
440 1206 469 1267 3,
493 1206 572 1268 teos,
603 1210 630 1256 et
652 1219 694 1256 vv.
712 1207 742 1256 io
756 1205 1007 1264 verbim-certum,
1032 1217 1112 1268 wem
1130 1204 1207 1268 quasi
1228 1197 1377 1274 ἀναφορὰν
1390 1199 1419 1251 ille

353 1293 452 1342 acriter
469 1289 657 1355 reprehendit,
676 1289 771 1342 similia
788 1291 849 1340 sunt
865 1288 970 1340 illorum
986 1301 1030 1338 vv.
1045 1287 1086 1339 tt.
1100 1286 1140 1338 ta.
1160 1289 1231 1338 ordo.
1251 1288 1357 1338 Ordtuh.

418 1375 533 1437 Dignus,
558 1375 604 1437 qui
630 1372 664 1424 de
690 1374 742 1424 hcc
768 1372 826 1424 loco
853 1371 967 1436 legatur,
995 1373 1036 1423 est
1055 1371 1233 1423 hlitscherlich
1252 1373 1282 1422 iu
1300 1371 1420 1422 Racemalt

353 1460 452 1510 Venus.
471 1458 525 1508 vll.
544 1470 570 1521 p.
590 1458 605 1506 6
621 1470 698 1520 seqq.
736 1457 775 1507 Ex
792 1455 869 1520 longa
887 1458 944 1506 eins
960 1455 1177 1519 interpretatione
1195 1455 1268 1506 hneo
1284 1455 1374 1507 saltem
1388 1467 1422 1503 er·

353 1553 480 1606 cerpem:
501 1541 664 1601 «Quaerenti
680 1537 812 1600 Bentlcio,
832 1553 901 1603 quae
918 1539 969 1590 ista
986 1539 1050 1600 sint,
1069 1551 1137 1602 quae
1155 1550 1267 1600 amara,
1287 1549 1423 1603 quaespcr-

353 1638 418 1676 nere
436 1623 534 1674 debeat
551 1626 657 1683 auctor,
678 1624 704 1673 in
722 1624 847 1687 promptu
864 1624 906 1673 est
921 1623 1104 1686 respondere;
1129 1621 1181 1673 hcc
1205 1622 1352 1674 diiudicata
1368 1619 1423 1672 iaci·

353 1707 446 1759 limum
464 1707 514 1757 erit
531 1707 570 1766 ei,
589 1707 631 1756 cut
647 1707 711 1756 tecto
724 1711 839 1768 potente·
855 1707 902 1756 etit
917 1719 972 1765 νοις
992 1719 1054 1756 narn
1066 1706 1100 1755 de
1112 1706 1164 1756 hoc
1175 1704 1297 1772 loquitur
1309 1705 1422 1758 llcratios:

354 1805 404 1842 nec
422 1789 497 1842 iacile
516 1791 657 1854 exspectes
675 1789 814 1853 speciatim
832 1802 864 1838 ee
876 1803 891 1839 a
903 1791 982 1853 pohte
994 1789 1098 1850 afferri,
1118 1802 1187 1852 quae
1202 1803 1255 1854 pro
1267 1791 1342 1841 vario
1352 1799 1424 1840 mmm

353 1874 553 1926 tractandorum
570 1885 669 1937 genere
687 1872 870 1924 diversissima
887 1875 963 1932 sunt;
982 1874 1020 1923 uti
1032 1885 1083 1923 nec
1094 1875 1171 1922 antee
1184 1873 1294 1933 docuit,
1313 1883 1424 1937 quaenam

352 1961 407 2010 iam
425 1971 496 2009 nunc
514 1958 566 2008 dici
584 1969 708 2021 quaeque
725 1957 824 2008 dlllerri
842 1956 968 2007 debeant.
995 1956 1043 2008 Vel
1061 1958 1099 2007 sic
1117 1959 1207 2007 tamen
1219 1956 1298 2008 dictu
1308 1955 1378 2008 facile
1388 1957 1424 2007 esi.

354 2055 424 2106 quae
441 2045 537 2107 poetae
556 2041 669 2092 emenda
687 2041 752 2102 sint,
772 2053 841 2104 quae
859 2040 1022 2103 spernenda,
1041 2039 1155 2091 emenda
1169 2053 1201 2090 ea
1219 2042 1424 2103 nimirumque

356 2125 479 2176 ordinem
496 2125 621 2176 carminis
638 2124 775 2185 adtumni,
802 2127 832 2175 ut
848 2137 879 2174 ce
904 2124 1074 2187 potissimum
1091 2126 1117 2174 in
1135 2123 1206 2174 clera
1222 2123 1286 2175 luce
1304 2127 1425 2189 mentm,

356 2210 507 2270 emineant,
526 2211 553 2258 in
570 2208 668 2272 quihus
686 2208 766 2258 cardo
783 2221 874 2258 rerum
890 2209 1014 2258 versetur
1026 2209 1086 2271 (non
1099 2211 1204 2268 autem,
1224 2209 1302 2272 quod
1313 2207 1425 2258 Bentleins

354 2290 476 2352 volebat,
505 2305 573 2354 quae
599 2293 710 2341 tractate
736 2292 867 2342 nitescent
892 2291 948 2342 sive
973 2292 1109 2356 poeticum
1128 2293 1256 2343 omehrm
1280 2293 1425 2342 admittenti:

355 2374 506 2438 spernendo
524 2377 629 2435 autem,
649 2387 717 2438 quae
735 2373 822 2424 obiter
840 2376 942 2426 matum
960 2375 1049 2437 ahingi
1067 2373 1198 2437 debeant,
1217 2389 1254 2426 nc
1273 2377 1362 2440 operis
1377 2371 1427 2424 celo

356 2456 557 2509 conturbetur..

824 2603 965 2615 ''—

669 2727 1037 2789 EXCUBSUS
1070 2733 1128 2788 lv.

739 2875 771 2910 an
788 2863 819 2910 Α.
838 2863 865 2910 P.
885 2875 929 2910 vv.
948 2861 1051 2912 63-69.

422 2965 501 3014 «Fuit
527 2964 571 3026 qui
597 2977 622 3012 v.
642 2962 683 3013 et.
703 2961 737 3012 de
761 2963 873 3013 Ostiensi
898 2965 977 3026 portu
994 2977 1009 3013 a
1026 2963 1135 3015 Claudio
1153 2964 1265 3018 demum
1282 2967 1428 3033 perfecturi

355 3061 382 3096 v.
400 3047 440 3098 h'l.
460 3047 494 3096 de
521 3059 601 3098 cursu
623 3045 726 3096 'liberis
747 3044 880 3112 flectendo
901 3044 1067 3109 intelligeret.
1103 3049 1170 3099 Cum
1194 3051 1267 3100 enirn
1290 3050 1429 3102 Plutarchus

357 3130 443 3192 (Ceos.
461 3129 512 3193 ts.)
532 3129 644 3190 reiciet,
670 3127 764 3179 lulium
788 3129 931 3180 Caesarem
956 3131 1126 3182 constituisse
1142 3133 1259 3184 Tiberim
1276 3147 1365 3201 prope
1380 3131 1429 3182 inin

357 3212 453 3264 urbem
470 3213 601 3278 prohrndc
619 3211 695 3263 alveo
712 3211 872 3277 intercipere
891 3214 918 3262 et
934 3212 969 3262 ad
986 3214 1104 3265 Circeios
1122 3214 1281 3276 deflectere,
1305 3225 1335 3268 ut
1346 3227 1430 3268 merce

356 3297 460 3348 toribus
482 3298 594 3347 Romam
614 3296 767 3362 petentibus
789 3299 914 3348 tutiorem
937 3300 964 3346 et
985 3293 1128 3350 leciliorem
1154 3299 1282 3351 redderet
1301 3300 1430 3365 navigatio

357 3393 436 3442 nem,
456 3381 483 3429 et
499 3381 644 3444 Pomptinis
661 3378 803 3444 paludibus
821 3381 960 3432 exsiccatis
977 3393 1071 3444 agrum
1088 3381 1177 3434 multis
1188 3383 1332 3436 hominum
1343 3383 1430 3436 militae

358 3463 500 3515 colendum
517 3463 650 3526 reddere,
669 3463 786 3526 denique
804 3464 892 3514 Ostiae
908 3463 1050 3527 aggeribus
1068 3467 1093 3514 in
1111 3479 1186 3516 mare
1198 3469 1331 3520 coniectis
1342 3471 1430 3534 pertun

358 3550 386 3598 et
403 3548 510 3598 navium
528 3549 671 3598 stationem
684 3547 817 3597 condere:
836 3547 918 3606 haec,
937 3549 1059 3612 inquam,
1078 3549 1267 3601 luliicaesaris
1281 3552 1388 3604 consilia
1399 3561 1429 3601 co.

359 3644 413 3694 quo
439 3632 562 3682 llcratius
589 3629 727 3695 epistolam
749 3632 900 3696 scripserit,
927 3633 1049 3696 tempore
1072 3632 1106 3682 nh
1122 3635 1239 3697 Augusto
1256 3639 1383 3700 suscepta
1397 3635 1430 3681 act

360 3717 513 3780 exspectate
531 3715 582 3766 hoc
599 3713 657 3766 leco
675 3715 772 3780 respici
789 3714 1008 3766 verisimillimum
1025 3728 1095 3766 esse.
1122 3718 1195 3777 Quae
1212 3716 1364 3782 explicandi
1380 3717 1430 3768 ratic

359 3798 452 3850 verbis
468 3800 582 3861 tutonem
597 3799 724 3863 mettre,
743 3797 841 3861 quihus
859 3811 953 3850 cursus
965 3799 1067 3850 Tiberis
1078 3799 1198 3851 mutandi
1210 3813 1293 3852 causa
1305 3803 1429 3854 indicatur.

361 3881 489 3932 refellitur
506 3885 534 3932 et
550 3896 659 3934 omnem
676 3881 709 3932 de
727 3895 752 3930 v.
767 3879 798 3930 63
811 3894 851 3945 sq.
865 3881 1059 3933 dubitationem
1070 3881 1167 3947 Virgilii
1183 3882 1258 3935 locus
1270 3888 1372 3938 eximit.
1396 3885 1432 3934 Ce-

361 3967 449 4016 terum
467 3967 590 4017 Horatius
607 3963 727 4016 consulto
745 3965 814 4015 iuter
831 3965 884 4016 duo
896 3979 977 4030 opera
995 3968 1048 4016 iam
1065 3967 1183 4031 perlecta
1197 3969 1384 4032 gravismum
1398 3981 1432 4031 pr

362 4046 454 4100 ludum
473 4051 670 4115 Pomptinarum
688 4049 906 4123 exsiccanderum
924 4049 1064 4101 consillum
1080 4051 1186 4102 ddetur
1200 4054 1351 4116 posuisse.»
1376 4055 1431 4104 liiii·

364 4143 432 4180 rzer.
459 4133 583 4195 Tangitur
599 4133 641 4183 his
655 4131 747 4184 verbis
764 4133 916 4184 doctissima
933 4133 962 4183 L.
975 4133 1082 4186 Prelleri
1099 4135 1241 4200 disputatio
1257 4137 1285 4188 in
1302 4133 1432 4188 Schneide-

281 4285 285 4294 Ι
364 4213 422 4262 nini
440 4213 531 4264 Philet
549 4213 606 4266 Vol
620 4217 650 4266 ll.
669 4228 695 4279 p.
712 4215 760 4266 tea
776 4229 848 4280 sqq..
868 4229 949 4280 quam
967 4229 1029 4267 cum
1046 4219 1168 4281 egregiae
1185 4219 1324 4272 doctrinae
1341 4222 1375 4272 sit
1388 4217 1431 4282 ptr

366 4297 489 4357 pissima,
509 4297 552 4347 hic
569 4301 651 4348 totam
669 4297 860 4350 subiiciendam
878 4301 1039 4352 curavimus.
