3090 4974
325 445 385 510 703
440 427 446 438 ’
743 489 746 496 ,
808 441 937 493 sonsrn

367 604 536 687 iratusque
560 596 714 666 Chremes
735 596 859 663 tumido
883 595 1026 683 delitigat
1047 617 1121 676 ore;

367 724 405 788 Et
428 721 566 808 tragicus
589 718 783 806 plerumque
806 717 894 784 dolet
915 737 1065 784 sermone
1091 717 1233 804 pedestri
1371 718 1407 780 os

367 842 527 931 Telephus
549 851 582 908 et
603 839 735 917 Peleus,
760 859 834 906 eum
857 849 1035 926 pauperet
1056 839 1147 906 exsul
1171 848 1308 926 uterquc

389 1061 430 1109 95.
449 1057 490 1107 446.
507 1055 622 1118 pedestri.
650 1054 764 1115 Telephus
785 1051 946 1117 distinguunt
964 1055 1035 1104 sets
1059 1059 1085 1106 et
1103 1054 1268 1120 Peerlkamp.
1292 1085 1320 1093 —
1339 1058 1378 1108 44.

360 1136 385 1185 T.
398 1139 443 1184 out
458 1133 542 1182 Peleus
552 1130 686 1181 Bentleius
704 1127 865 1180 coniectore.
881 1155 908 1164 -
930 1128 1044 1190 Telephus
1060 1135 1083 1179 et
1099 1130 1194 1192 Peleos,
1213 1145 1270 1181 eum
1283 1145 1381 1194 perper

326 1319 491 1372 Caecilianus
508 1317 578 1382 apud
594 1317 648 1366 Cic.
662 1329 712 1379 pro
723 1313 794 1366 Cael.
809 1315 849 1374 46,
889 1317 968 1366 metr.
983 1314 1054 1366 Phal.
1068 1317 1113 1368 28:
1130 1311 1249 1369 Ἅπλοῦν
1266 1319 1315 1368 erui
1329 1313 1409 1368 deot-

325 1391 658 1446 37:1tmceetmeemum
674 1390 736 1439 444444
752 1390 852 1439 oremus
888 1404 960 1455 ητον
984 1387 1120 1450 βούλεται
1146 1389 1219 1444 sivae
1247 1389 1282 1443 ed
1310 1389 1407 1455 πάθος.

326 1471 407 1530 ardet,
419 1481 486 1518 nune
497 1479 580 1516 meum
591 1479 636 1514 eor
645 1465 792 1516 cumulatae
799 1465 850 1514 iro.
890 1461 986 1516 «Recte
1008 1465 1142 1518 Bentlelus
1163 1471 1294 1532 punctum
1311 1471 1372 1533 post
1385 1482 1407 1517 r.

328 1573 355 1582 -
374 1545 506 1602 iratusque
518 1540 641 1601 Chrernes]
659 1537 701 1588 ille
719 1539 853 1589 Terentia-
886 1540 994 1601 pedestri
1010 1540 1127 1603 sustulit,
1146 1555 1230 1606 quem
1247 1546 1337 1594 temen
1348 1544 1409 1594 seri-

326 1612 641 1674 assumerentur..
666 1611 713 1662 uhi
730 1614 853 1664 irascitur
888 1613 974 1676 psisse
1000 1612 1099 1666 nollem
1121 1616 1237 1679 Telephus
1257 1625 1303 1668 aut
1324 1619 1407 1668 Peleus

325 1693 379 1745 filio
401 1691 553 1755 Clitiphonii
574 1691 685 1753 propter
703 1689 852 1739 meretricis
889 1687 1004 1751 Uterque
1022 1689 1094 1739 euim
1117 1689 1196 1741 simul
1214 1693 1351 1744 Chremeti
1368 1707 1410 1741 eo·

326 1779 447 1819 amorem
457 1765 535 1816 nimis
543 1763 653 1827 prodigo
661 1775 778 1826 eumque
787 1764 853 1812 4444-
890 1761 960 1810 mico
977 1764 1145 1826 opponitur.»
1163 1767 1233 1816 4444.
1254 1769 1360 1829 (Postu.
1372 1779 1410 1829 pe·

326 1846 368 1893 ter
383 1841 501 1904 castigat.
521 1838 627 1888 cisni.
642 1839 666 1896 4,
680 1836 704 1897 4,
718 1835 758 1886 48.
775 1863 802 1871 -
815 1841 854 1886 tu·
889 1835 965 1886 desili
982 1836 1146 1901 distinguens
1163 1853 1251 1904 nuper
1261 1855 1355 1892 rursus
1366 1844 1410 1892 Go-

326 1913 476 1977 mido-ore]
496 1913 604 1976 Proprie
621 1923 703 1961 sensu
720 1910 763 1961 hic
781 1923 854 1960 com·
890 1909 977 1960 nodv.
988 1913 1101 1975 tropicus
1115 1912 1230 1978 explicat
1247 1915 1408 1979 oragoedtae

326 1990 407 2042 mode
431 1987 598 2051 interpretari
621 1997 774 2049 possumus.
804 1987 852 2036 Se·
889 1984 1074 2048 4444444444)-
1088 1987 1210 2052 Telephus]
1222 1989 1342 2054 Telephi,
1353 1991 1410 2040 4444·

326 2079 394 2116 neca
411 2063 445 2116 de
462 2065 502 2112 444
521 2063 531 2110 4
546 2099 551 2122 ,
566 2061 595 2122 4,
610 2059 636 2110 4;
655 2060 853 2110 lreseeutium-·
890 2057 956 2108 culis
974 2057 1018 2110 44444
1036 2073 1067 2109 es
1086 2063 1159 2124 Auge
1173 2061 1244 2123 4444,
1262 2065 1364 2127 lipsiae
1375 2077 1410 2114 re

325 2141 399 2204 foede
415 2139 471 2188 uisu
487 2141 510 2186 et
527 2135 653 2184 horrendo
666 2135 743 2197 socies
759 2136 853 2197 depro-
890 2133 942 2195 gis,
962 2132 1013 2183 illia
1031 2133 1133 2185 Tabulas
1146 2135 1204 2200 lege
1216 2139 1289 2203 apud
1301 2140 1376 2190 Diod.
1386 2139 1408 2199 l,

325 2215 440 2264 vantium
456 2225 481 2261 se
498 2215 574 2273 atoue
585 2210 806 2259 intumescentium.
825 2211 850 2272 4,
890 2206 931 2256 34.
950 2207 1043 2271 hygin.
1057 2209 1161 2260 ss-tot.
1181 2213 1276 2274 veter,
1295 2215 1410 2264 44444444-

326 2289 371 2339 35:
390 2289 626 2344 turneseuntueuoe,
645 2285 786 2333 concutitis·
796 2297 852 2334 ere-
889 2282 936 2332 den
952 2282 994 2332 des
1009 2283 1154 2346 Sopholsles,
1180 2286 1274 2337 Berlin.
1294 2289 1367 2340 4835.
1385 2301 1407 2352 p.

327 2363 372 2412 bro
388 2361 479 2422 spiritu
492 2363 592 2421 pectus,
611 2357 703 2407 rubida
718 2359 785 2407 uocis
795 2371 853 2408 eru·
890 2353 930 2416 44,
945 2356 985 2406 48.
1004 2356 1149 2422 Telephus,
1169 2363 1214 2423 qui
1232 2362 1357 2414 miseriae
1368 2363 1410 2412 hu·

321 2437 378 2500 ptio
394 2435 459 2484 eolla
469 2433 592 2482 4444444444.
608 2457 636 2468 -
649 2432 771 2496 deliteat]
784 2431 851 2482 414444
890 2441 985 2480 manae
1011 2431 1164 2496 exemplum
1186 2437 1227 2485 esi
1244 2436 1327 2488 etiem
1345 2435 1409 2502 apud

325 2509 446 2560 nondum
463 2507 599 2570 repertum
612 2519 671 2556 esse
684 2505 789 2556 videtur
800 2507 852 2557 hoe
888 2504 1062 2570 philosophos
1080 2505 1142 2570 (vid.
1154 2509 1296 2572 synesium
1311 2514 1408 2563 4444444.

325 2584 448 2634 verbum.
477 2579 565 2631 simile
584 2582 624 2630 444
641 2579 715 2630 ovid.
733 2582 795 2632 ittet.
809 2583 849 2643 tt,
889 2580 953 2642 leg.
967 2592 992 2644 p.
1006 2579 1046 2632 st.
1061 2581 1239 2647 4444444444),
1253 2587 1353 2650 tragice
1364 2589 1410 2636 444

325 2659 389 2710 est:
408 2657 599 2708 delumeetmur.
630 2655 711 2714 Vide,
739 2656 851 2707 4444444
890 2655 975 2705 cletus
992 2655 1085 2706 44444)
1102 2657 1251 2722 Aeschylo,
1272 2660 1408 2726 Sophocle.

325 2732 474 2798 (ememtes,
501 2729 665 2792 depraeliari,
693 2729 851 2796 debacchari)
889 2727 1027 2791 Euripide,
1047 2732 1197 2794 Agathone,
1210 2733 1308 2794 Ennio,
1323 2737 1407 2788 Accio:

325 2807 474 2872 significent
496 2805 604 2870 proprie
622 2818 675 2854 een
694 2802 752 2856 loeo
769 2818 852 2871 supe·
889 2801 939 2852 sed
963 2803 1007 2853 4444
1029 2808 1056 2854 44
1075 2818 1101 2853 r.
1121 2806 1178 2858 404.
1196 2819 1328 2870 personas
1345 2813 1410 2875 ipses

325 2885 395 2934 riors
412 2895 445 2932 ae
468 2881 611 2945 propterea
629 2879 728 2930 maiore
747 2894 808 2931 cum
825 2882 851 2930 vi
888 2878 977 2941 potius
994 2891 1076 2941 quem
1093 2883 1181 2932 certas
1192 2883 1325 2945 quasdem
1339 2886 1410 2936 lebu-

325 2957 422 3007 soeuire
433 2957 496 3016 cel,
515 2967 595 3018 quam
614 2955 636 3004 si
653 2953 680 3003 id
693 2954 851 3018 sequolooo
889 2949 928 3002 las
946 2954 1072 3016 respexit.
1098 2953 1136 3004 Cl.
1153 2955 1238 3020 Epod.
1252 2959 1296 3016 47,
1313 2962 1339 3010 8.
1357 2960 1410 3010 444-

327 3031 430 3082 tieret.»
890 3029 952 3076 stol.
966 3029 1038 3076 Post.
1054 3027 1098 3086 48,
1112 3030 1142 3079 T:
1165 3027 1217 3080 veie
1234 3034 1297 3103 sepi
1315 3029 1409 3100 ὀλίγας

358 3107 399 3156 95.
413 3105 453 3155 96.
479 3102 601 3166 tropicus]
618 3100 685 3154 44444
703 3101 766 3152 olim
783 3117 852 3167 pun·
890 3098 1409 3176 oielaguledlleoemepaypde'moe

326 3183 369 3230 ctu
387 3181 448 3244 post
464 3191 489 3227 v.
505 3177 613 3239 pedestri
630 3177 717 3240 posito
735 3175 851 3242 explica·
889 3173 1030 3236 asemas,
1043 3171 1107 3226 oleo
1118 3179 1183 3249 περὶ
1195 3174 1409 3248 Ἀλκμαίωνα--

325 3255 392 3305 bant
407 3251 449 3303 vel
468 3251 598 3316 «impleus
616 3255 705 3301 actor·
723 3250 764 3301 vel
786 3255 853 3302 4444-
890 3251 938 3300 eet
951 3250 1082 3317 Θυέστην
1093 3253 1142 3302 nai
1155 3250 1297 3319 Τήλεφον,
1310 3261 1341 3310 ο,
1351 3260 1409 3309 Jahn

326 3331 401 3393 picus
413 3327 556 3390 scripum,-
569 3327 701 3376 ertissime
714 3327 784 3376 enirn
797 3329 853 3377 iuu-
892 3325 1005 3388 Telephos
1019 3327 1072 3376 und
1090 3327 1191 3378 Troilus.
1210 3331 1273 3381 idel.
1293 3333 1365 3385 4844.
1384 3359 1407 3369 -

326 3402 444 3468 gendum
461 3403 503 3451 444
519 3413 581 3452 oum
599 3400 690 3452 verbis
703 3401 818 3464 Telephus
830 3408 854 3453 et
889 3399 980 3463 Peleu]
1000 3399 1123 3462 «Peleus,
1142 3405 1219 3467 pater
1228 3405 1345 3470 Achillis,
1358 3409 1408 3472 ipse

325 3478 421 3536 Peleus,
440 3487 509 3538 quae
526 3487 658 3539 personae
670 3489 780 3540 semper
791 3479 852 3528 sunt
891 3473 959 3525 tilius
977 3475 1070 3534 444444,
1098 3475 1166 3528 duos
1191 3478 1285 3530 hahuit
1310 3482 1407 3536 4444444.

326 3551 452 3614 tragicae.
472 3549 514 3598 Sic
531 3551 625 3599 Cicero
642 3550 668 3600 in
684 3551 734 3600 Pis.
748 3551 793 3612 20,
805 3550 850 3601 tt:
890 3548 1061 3600 Telamonem
1077 3563 1110 3600 ex
1122 3552 1218 3602 eodem
1230 3559 1307 3619 petre
1319 3561 1347 3608 44
1357 3569 1409 3608 444-

326 3627 381 3690 Epo
398 3630 421 3676 te
431 3651 446 3662 ·
454 3651 468 3661 ·
479 3637 529 3674 non
546 3625 643 3688 tropico
658 3623 701 3674 illo
713 3626 797 3674 Oreste
809 3630 854 3674 444
891 3627 944 3684 444,
963 3625 1082 3674 Phocum
1099 3639 1132 3676 ex
1144 3629 1219 3690 putre
1232 3631 1348 3692 4444444,
1365 3628 1408 3680 sed

326 3702 477 3751 4444444444
492 3701 666 3750 dementiorem
679 3701 853 3763 peremisse
891 3699 984 3748 natum
1008 3699 1059 3748 dea
1084 3701 1199 3762 marine,
1223 3702 1409 3756 8414444444-

328 3774 854 3826 etiameomicosstuitossenesdinitcae-
891 3773 979 3834 mine,
1006 3786 1087 3837 quem
1105 3777 1163 3839 ipse
1180 3777 1326 3837 interiecit,
1353 3777 1409 3828 lude

328 3849 405 3900 cilius
421 3850 519 3900 Statius
535 3849 605 3913 apud
623 3850 676 3898 Cic.
690 3849 797 3898 desen.
811 3851 852 3911 44,
891 3847 965 3898 iuriis
983 3849 1130 3911 exagitatus
1150 3853 1177 3899 et
1197 3851 1288 3902 exsilio
1305 3854 1410 3904 44444444-

329 3925 382 3984 34,
406 3923 527 3974 4444444444
543 3923 670 3974 moechum
686 3925 764 3987 Prop.
782 3925 810 3984 it,
827 3926 852 3986 s,
892 3925 935 3972 ius
952 3925 1001 3972 444.
1024 3923 1143 3974 Tandem
1160 3929 1287 3989 receptus
1304 3926 1409 3992 hospitio

330 3999 372 4050 44.
386 4023 416 4034 -
426 3997 581 4062 plerumque]
600 3995 768 4062 «ubicunque
786 4000 855 4050 etus·
893 4011 907 4046 4
926 3999 1015 4060 Ceyce
1038 3997 1091 4048 llllo
1108 3998 1207 4050 844444
1225 4001 1309 4051 caede
1327 4001 1410 4065 expie-

330 4072 404 4122 modi
426 4073 531 4136 portes,
558 4069 651 4135 quales
668 4074 731 4123 sunt
746 4071 855 4138 Telephi
892 4075 961 4122 tur.»
978 4074 1172 4124 Acrontlsrnrn.
1192 4074 1231 4125 cl.
1245 4074 1294 4125 0d.
1305 4073 1408 4136 s,‘1,tt.

331 4147 394 4204 cet..
413 4145 601 4198 inducuntur.»
617 4173 644 4182 -
658 4158 769 4197 4444444444
781 4149 856 4210 pede
893 4147 940 4196 «iti
957 4146 1038 4197 ambo
1049 4159 1128 4211 reges
1140 4147 1260 4210 luerunt,
1279 4151 1325 4215 qui
1335 4149 1410 4200 44444·

331 4219 388 4283 stri]
407 4215 445 4286 τῷ
458 4217 529 4286 444ζῴ
542 4217 631 4288 λόγῳ,
650 4219 761 4286 simplici
775 4224 854 4285 atque
893 4222 929 4272 sis
952 4222 1040 4286 regnis
1057 4222 1090 4271 ad
1115 4223 1215 4274 4444444
1232 4224 1349 4288 inopiam
1365 4221 1409 4272 de·
1494 4255 1495 4272 .

332 4293 442 4344 minime
466 4290 499 4342 τὸ
520 4287 601 4358 ὕψος
622 4295 771 4346 allectante.
802 4296 855 4345 De·
894 4297 1037 4358 venerunt,
1065 4299 1094 4346 ut
1111 4297 1216 4346 44444444
1234 4297 1294 4350 laeti
1313 4295 1409 4348 mondi-
