<?xml version="1.0" encoding="UTF-8"?>
<!DOCTYPE html PUBLIC "-//W3C//DTD XHTML 1.0 Transitional//EN"
    "http://www.w3.org/TR/xhtml1/DTD/xhtml1-transitional.dtd">
<html xmlns="http://www.w3.org/1999/xhtml" xml:lang="en" lang="en">
 <head>
  <title>
</title>
<meta http-equiv="Content-Type" content="text/html;charset=utf-8" />
  <meta name='ocr-system' content='tesseract 3.04.00' />
  <meta name='ocr-capabilities' content='ocr_page ocr_carea ocr_par ocr_line ocrx_word'/>
</head>
<body>
  <div class='ocr_page' id='page_1' title='image "./qhoratiusflaccu01baitgoog_0417.png"; bbox 0 0 3192 4974; ppageno 0'>
   <div class='ocr_carea' id='block_1_1' title="bbox 310 443 1038 510">
    <p class='ocr_par' dir='ltr' id='par_1_1' title="bbox 310 443 1038 510">
     <span class='ocr_line' id='line_1_1' title="bbox 310 443 1038 510; baseline 0 -16"><span class='ocrx_word' id='word_1_1' title='bbox 310 443 371 510; x_wconf 70' lang='lat'><strong>402</strong></span> <span class='ocrx_word' id='word_1_2' title='bbox 670 443 798 495; x_wconf 79' lang='lat' dir='ltr'><strong>nonam</strong></span> <span class='ocrx_word' id='word_1_3' title='bbox 816 443 1038 508; x_wconf 80' lang='lat' dir='ltr'><strong>nrrsrounauu</strong></span> 
     </span>
    </p>
   </div>
   <div class='ocr_carea' id='block_1_2' title="bbox 352 599 1400 1156">
    <p class='ocr_par' dir='ltr' id='par_1_2' title="bbox 352 599 1400 934">
     <span class='ocr_line' id='line_1_2' title="bbox 353 599 1246 688; baseline -0.004 -18"><span class='ocrx_word' id='word_1_4' title='bbox 353 603 409 670; x_wconf 88' lang='lat' dir='ltr'><strong>Est</strong></span> <span class='ocrx_word' id='word_1_5' title='bbox 430 602 586 679; x_wconf 90' lang='lat' dir='ltr'><strong>animum,</strong></span> <span class='ocrx_word' id='word_1_6' title='bbox 608 599 719 668; x_wconf 85' lang='lat' dir='ltr'><strong>differs</strong></span> <span class='ocrx_word' id='word_1_7' title='bbox 741 599 876 666; x_wconf 89' lang='lat' dir='ltr'><strong>curandi</strong></span> <span class='ocrx_word' id='word_1_8' title='bbox 898 608 1027 688; x_wconf 89' lang='lat' dir='ltr'><strong>tempus</strong></span> <span class='ocrx_word' id='word_1_9' title='bbox 1049 599 1081 664; x_wconf 91' lang='lat' dir='ltr'><strong>in</strong></span> <span class='ocrx_word' id='word_1_10' title='bbox 1103 601 1246 667; x_wconf 76' lang='lat' dir='ltr'><strong>minum?</strong></span> 
     </span>
     <span class='ocr_line' id='line_1_3' title="bbox 352 719 1400 811; baseline -0.002 -21"><span class='ocrx_word' id='word_1_11' title='bbox 352 723 527 790; x_wconf 82' lang='lat' dir='ltr'><strong>Dimidium</strong></span> <span class='ocrx_word' id='word_1_12' title='bbox 548 722 637 796; x_wconf 83' lang='lat' dir='ltr'><strong>sacti,</strong></span> <span class='ocrx_word' id='word_1_13' title='bbox 661 721 717 811; x_wconf 87' lang='lat' dir='ltr'><strong>qui</strong></span> <span class='ocrx_word' id='word_1_14' title='bbox 741 722 864 809; x_wconf 88' lang='lat' dir='ltr'><strong>coepit,</strong></span> <span class='ocrx_word' id='word_1_15' title='bbox 889 719 1000 801; x_wconf 88' lang='lat' dir='ltr'><strong>habet;</strong></span> <span class='ocrx_word' id='word_1_16' title='bbox 1024 741 1141 809; x_wconf 79' lang='lat' dir='ltr'>sapere</span> <span class='ocrx_word' id='word_1_17' title='bbox 1164 721 1264 802; x_wconf 83' lang='lat' dir='ltr'><strong>audo;</strong></span> <span class='ocrx_word' id='word_1_18' title='bbox 1359 725 1400 788; x_wconf 82' lang='lat' dir='ltr'><strong>to</strong></span> 
     </span>
     <span class='ocr_line' id='line_1_4' title="bbox 352 841 1165 934; baseline -0.004 -22"><span class='ocrx_word' id='word_1_19' title='bbox 352 847 470 934; x_wconf 81' lang='lat' dir='ltr'><strong>Incipe.</strong></span> <span class='ocrx_word' id='word_1_20' title='bbox 516 843 578 924; x_wconf 87' lang='lat' dir='ltr'><strong>Oui</strong></span> <span class='ocrx_word' id='word_1_21' title='bbox 601 853 690 911; x_wconf 88' lang='lat' dir='ltr'><strong>recte</strong></span> <span class='ocrx_word' id='word_1_22' title='bbox 711 842 840 910; x_wconf 87' lang='lat' dir='ltr'><strong>vivendi</strong></span> <span class='ocrx_word' id='word_1_23' title='bbox 862 852 1017 930; x_wconf 81' lang='lat' dir='ltr'>prorogat</span> <span class='ocrx_word' id='word_1_24' title='bbox 1038 841 1165 918; x_wconf 86' lang='lat' dir='ltr'><strong>horam,</strong></span> 
     </span>
    </p>

    <p class='ocr_par' dir='ltr' id='par_1_3' title="bbox 353 964 1221 1053">
     <span class='ocr_line' id='line_1_5' title="bbox 353 964 1221 1053; baseline 0 -19"><span class='ocrx_word' id='word_1_25' title='bbox 353 967 501 1034; x_wconf 82' lang='lat' dir='ltr'><strong>Rusticus</strong></span> <span class='ocrx_word' id='word_1_26' title='bbox 524 975 707 1053; x_wconf 81' lang='lat' dir='ltr'>exspectat,</span> <span class='ocrx_word' id='word_1_27' title='bbox 731 965 810 1032; x_wconf 93' lang='lat' dir='ltr'><strong>dum</strong></span> <span class='ocrx_word' id='word_1_28' title='bbox 832 964 954 1033; x_wconf 86' lang='lat' dir='ltr'><strong>defluat</strong></span> <span class='ocrx_word' id='word_1_29' title='bbox 975 967 1092 1048; x_wconf 81' lang='lat' dir='ltr'><strong>amuis3</strong></span> <span class='ocrx_word' id='word_1_30' title='bbox 1116 976 1148 1034; x_wconf 89' lang='lat' dir='ltr'><strong>at</strong></span> <span class='ocrx_word' id='word_1_31' title='bbox 1168 965 1221 1034; x_wconf 85' lang='lat' dir='ltr'><strong>ilio</strong></span> 
     </span>
    </p>

    <p class='ocr_par' dir='ltr' id='par_1_4' title="bbox 352 1086 1180 1156">
     <span class='ocr_line' id='line_1_6' title="bbox 352 1086 1180 1156; baseline -0.001 -1"><span class='ocrx_word' id='word_1_32' title='bbox 352 1088 484 1155; x_wconf 84' lang='lat' dir='ltr'><strong>Labitur</strong></span> <span class='ocrx_word' id='word_1_33' title='bbox 505 1099 537 1156; x_wconf 86' lang='lat' dir='ltr'><strong>et</strong></span> <span class='ocrx_word' id='word_1_34' title='bbox 559 1087 687 1155; x_wconf 87' lang='lat' dir='ltr'><strong>labetur</strong></span> <span class='ocrx_word' id='word_1_35' title='bbox 709 1086 741 1153; x_wconf 91' lang='lat' dir='ltr'><strong>in</strong></span> <span class='ocrx_word' id='word_1_36' title='bbox 764 1109 860 1155; x_wconf 88' lang='lat' dir='ltr'><strong>omna</strong></span> <span class='ocrx_word' id='word_1_37' title='bbox 882 1087 1032 1156; x_wconf 88' lang='lat' dir='ltr'><strong>volubilis</strong></span> <span class='ocrx_word' id='word_1_38' title='bbox 1055 1109 1180 1156; x_wconf 89' lang='lat' dir='ltr'><strong>aevum.</strong></span> 
     </span>
    </p>
   </div>
   <div class='ocr_carea' id='block_1_3' title="bbox 345 1294 1364 1437">
    <p class='ocr_par' dir='ltr' id='par_1_5' title="bbox 345 1294 1364 1437">
     <span class='ocr_line' id='line_1_7' title="bbox 374 1294 1364 1364; baseline 0.003 -17"><span class='ocrx_word' id='word_1_39' title='bbox 374 1295 415 1348; x_wconf 81' lang='lat' dir='ltr'><strong>tr.</strong></span> <span class='ocrx_word' id='word_1_40' title='bbox 437 1297 537 1346; x_wconf 73' lang='lat' dir='ltr'><strong>Viventii</strong></span> <span class='ocrx_word' id='word_1_41' title='bbox 554 1297 597 1358; x_wconf 82' lang='lat' dir='ltr'><strong>qui</strong></span> <span class='ocrx_word' id='word_1_42' title='bbox 608 1301 673 1346; x_wconf 79' lang='lat' dir='ltr'><strong>recte</strong></span> <span class='ocrx_word' id='word_1_43' title='bbox 683 1294 832 1359; x_wconf 81' lang='lat' dir='ltr'><strong>bchp,Ct,</strong></span> <span class='ocrx_word' id='word_1_44' title='bbox 854 1296 954 1346; x_wconf 81' lang='lat' dir='ltr'><strong>Vtoendi</strong></span> <span class='ocrx_word' id='word_1_45' title='bbox 967 1301 1034 1346; x_wconf 82' lang='lat' dir='ltr'><strong>recte</strong></span> <span class='ocrx_word' id='word_1_46' title='bbox 1045 1297 1089 1358; x_wconf 80' lang='lat' dir='ltr'><strong>qui</strong></span> <span class='ocrx_word' id='word_1_47' title='bbox 1099 1299 1128 1347; x_wconf 85' lang='lat' dir='ltr'><strong>L.</strong></span> <span class='ocrx_word' id='word_1_48' title='bbox 1149 1298 1188 1361; x_wconf 86' lang='lat' dir='ltr'><strong>(Ut</strong></span> <span class='ocrx_word' id='word_1_49' title='bbox 1199 1311 1257 1360; x_wconf 82' lang='lat' dir='ltr'><strong>nos,</strong></span> <span class='ocrx_word' id='word_1_50' title='bbox 1276 1299 1302 1359; x_wconf 85' lang='lat' dir='ltr'><strong>S,</strong></span> <span class='ocrx_word' id='word_1_51' title='bbox 1315 1296 1364 1364; x_wconf 81' lang='grc' dir='ltr'><strong>λμ,</strong></span> 
     </span>
     <span class='ocr_line' id='line_1_8' title="bbox 345 1370 1364 1437; baseline 0.003 -15"><span class='ocrx_word' id='word_1_52' title='bbox 345 1371 461 1423; x_wconf 82' lang='lat' dir='ltr'><strong>Petticrii</strong></span> <span class='ocrx_word' id='word_1_53' title='bbox 470 1371 493 1421; x_wconf 86' lang='lat'><strong>9.</strong></span> <span class='ocrx_word' id='word_1_54' title='bbox 505 1373 532 1421; x_wconf 93' lang='lat' dir='ltr'><strong>et</strong></span> <span class='ocrx_word' id='word_1_55' title='bbox 542 1370 592 1434; x_wconf 83' lang='grc'><strong>44.)</strong></span> <span class='ocrx_word' id='word_1_56' title='bbox 606 1395 634 1406; x_wconf 91' lang='grc'><strong>-</strong></span> <span class='ocrx_word' id='word_1_57' title='bbox 645 1370 742 1435; x_wconf 62' lang='lat' dir='ltr'><strong>mom]</strong></span> <span class='ocrx_word' id='word_1_58' title='bbox 761 1384 857 1420; x_wconf 83' lang='lat' dir='ltr'><strong>conum</strong></span> <span class='ocrx_word' id='word_1_59' title='bbox 868 1374 963 1423; x_wconf 78' lang='lat' dir='ltr'><strong>Acron.</strong></span> <span class='ocrx_word' id='word_1_60' title='bbox 985 1373 1071 1434; x_wconf 88' lang='lat' dir='ltr'>(Error</span> <span class='ocrx_word' id='word_1_61' title='bbox 1084 1374 1162 1424; x_wconf 88' lang='lat' dir='ltr'><strong>natus</strong></span> <span class='ocrx_word' id='word_1_62' title='bbox 1175 1375 1259 1425; x_wconf 85' lang='lat' dir='ltr'><strong>estex</strong></span> <span class='ocrx_word' id='word_1_63' title='bbox 1276 1388 1301 1425; x_wconf 84' lang='lat' dir='ltr'><strong>v.</strong></span> <span class='ocrx_word' id='word_1_64' title='bbox 1313 1373 1364 1437; x_wconf 80' lang='grc'><strong>39.)</strong></span> 
     </span>
    </p>
   </div>
   <div class='ocr_carea' id='block_1_4' title="bbox 297 1547 1398 4381">
    <p class='ocr_par' dir='ltr' id='par_1_6' title="bbox 305 1547 1398 2362">
     <span class='ocr_line' id='line_1_9' title="bbox 309 1547 1397 1614; baseline 0.004 -14"><span class='ocrx_word' id='word_1_65' title='bbox 309 1547 517 1600; x_wconf 86' lang='lat' dir='ltr'><strong>morandaarat.</strong></span> <span class='ocrx_word' id='word_1_66' title='bbox 531 1548 741 1614; x_wconf 76' lang='lat' dir='ltr'><strong>-EstooimumJ</strong></span> <span class='ocrx_word' id='word_1_67' title='bbox 755 1548 834 1608; x_wconf 80' lang='lat' dir='ltr'><strong>«edit,</strong></span> <span class='ocrx_word' id='word_1_68' title='bbox 873 1549 954 1599; x_wconf 88' lang='lat' dir='ltr'><strong>etiem</strong></span> <span class='ocrx_word' id='word_1_69' title='bbox 979 1549 1096 1614; x_wconf 86' lang='lat' dir='ltr'><strong>optimus</strong></span> <span class='ocrx_word' id='word_1_70' title='bbox 1122 1553 1163 1602; x_wconf 82' lang='lat' dir='ltr'><strong>est</strong></span> <span class='ocrx_word' id='word_1_71' title='bbox 1188 1554 1216 1602; x_wconf 88' lang='lat' dir='ltr'><strong>et</strong></span> <span class='ocrx_word' id='word_1_72' title='bbox 1239 1565 1255 1601; x_wconf 90' lang='lat' dir='ltr'><strong>a</strong></span> <span class='ocrx_word' id='word_1_73' title='bbox 1279 1550 1397 1604; x_wconf 82' lang='lat' dir='ltr'><strong>Benticio</strong></span> 
     </span>
     <span class='ocr_line' id='line_1_10' title="bbox 309 1617 1395 1690; baseline 0.002 -16"><span class='ocrx_word' id='word_1_74' title='bbox 309 1625 469 1675; x_wconf 78' lang='lat' dir='ltr'><strong>consumit.»</strong></span> <span class='ocrx_word' id='word_1_75' title='bbox 495 1621 523 1673; x_wconf 93' lang='grc'><strong>44.</strong></span> <span class='ocrx_word' id='word_1_76' title='bbox 541 1625 568 1686; x_wconf 83' lang='grc' dir='ltr'><strong>ζ,</strong></span> <span class='ocrx_word' id='word_1_77' title='bbox 587 1624 651 1674; x_wconf 75' lang='lat'><strong>202:</strong></span> <span class='ocrx_word' id='word_1_78' title='bbox 671 1617 722 1673; x_wconf 81' lang='grc' dir='ltr'><strong>Ὃν</strong></span> <span class='ocrx_word' id='word_1_79' title='bbox 738 1617 835 1687; x_wconf 76' lang='grc' dir='ltr'>θυμὸν</span> <span class='ocrx_word' id='word_1_80' title='bbox 873 1625 945 1674; x_wconf 83' lang='lat' dir='ltr'><strong>recte</strong></span> <span class='ocrx_word' id='word_1_81' title='bbox 957 1622 1102 1687; x_wconf 86' lang='lat' dir='ltr'><strong>praelatus.</strong></span> <span class='ocrx_word' id='word_1_82' title='bbox 1132 1627 1245 1690; x_wconf 90' lang='lat' dir='ltr'><strong>Semper</strong></span> <span class='ocrx_word' id='word_1_83' title='bbox 1261 1627 1395 1678; x_wconf 77' lang='lat' dir='ltr'><strong>Horatius:</strong></span> 
     </span>
     <span class='ocr_line' id='line_1_11' title="bbox 309 1696 1395 1764; baseline 0.002 -14"><span class='ocrx_word' id='word_1_84' title='bbox 309 1696 449 1759; x_wconf 78' lang='grc' dir='ltr'><strong>κατέδων,</strong></span> <span class='ocrx_word' id='word_1_85' title='bbox 475 1697 547 1761; x_wconf 90' lang='lat' dir='ltr'><strong>quod</strong></span> <span class='ocrx_word' id='word_1_86' title='bbox 571 1697 625 1748; x_wconf 91' lang='lat' dir='ltr'><strong>Cic.</strong></span> <span class='ocrx_word' id='word_1_87' title='bbox 644 1699 721 1749; x_wconf 88' lang='lat' dir='ltr'><strong>Tusc.</strong></span> <span class='ocrx_word' id='word_1_88' title='bbox 740 1697 768 1760; x_wconf 86' lang='grc'><strong>3,</strong></span> <span class='ocrx_word' id='word_1_89' title='bbox 787 1698 832 1760; x_wconf 75' lang='lat'><strong>26,</strong></span> <span class='ocrx_word' id='word_1_90' title='bbox 871 1703 937 1748; x_wconf 83' lang='lat' dir='ltr'><strong>recte</strong></span> <span class='ocrx_word' id='word_1_91' title='bbox 958 1699 1042 1748; x_wconf 68' lang='lat' dir='ltr'><strong>emere</strong></span> <span class='ocrx_word' id='word_1_92' title='bbox 1065 1700 1265 1763; x_wconf 83' lang='lat' dir='ltr'><strong>(convenienter</strong></span> <span class='ocrx_word' id='word_1_93' title='bbox 1286 1701 1395 1764; x_wconf 82' lang='lat' dir='ltr'><strong>virtuti),</strong></span> 
     </span>
     <span class='ocr_line' id='line_1_12' title="bbox 309 1773 1398 1836; baseline 0.002 -11"><span class='ocrx_word' id='word_1_94' title='bbox 309 1776 350 1826; x_wconf 88' lang='grc'><strong>63.</strong></span> <span class='ocrx_word' id='word_1_95' title='bbox 361 1777 387 1825; x_wconf 94' lang='lat' dir='ltr'><strong>in</strong></span> <span class='ocrx_word' id='word_1_96' title='bbox 399 1774 520 1824; x_wconf 86' lang='lat' dir='ltr'><strong>Latinum</strong></span> <span class='ocrx_word' id='word_1_97' title='bbox 533 1773 678 1824; x_wconf 86' lang='lat' dir='ltr'><strong>convertit:</strong></span> <span class='ocrx_word' id='word_1_98' title='bbox 697 1774 751 1836; x_wconf 83' lang='lat' dir='ltr'><strong>ipse</strong></span> <span class='ocrx_word' id='word_1_99' title='bbox 761 1785 835 1822; x_wconf 81' lang='lat' dir='ltr'><strong>soum</strong></span> <span class='ocrx_word' id='word_1_100' title='bbox 871 1773 937 1822; x_wconf 83' lang='lat' dir='ltr'><strong>mate</strong></span> <span class='ocrx_word' id='word_1_101' title='bbox 946 1773 1038 1836; x_wconf 73' lang='grc' dir='ltr'><strong>υίυαο,</strong></span> <span class='ocrx_word' id='word_1_102' title='bbox 1051 1787 1105 1825; x_wconf 87' lang='lat' dir='ltr'><strong>non</strong></span> <span class='ocrx_word' id='word_1_103' title='bbox 1116 1775 1200 1826; x_wconf 71' lang='lat' dir='ltr'><strong>eom</strong></span> <span class='ocrx_word' id='word_1_104' title='bbox 1210 1781 1284 1826; x_wconf 78' lang='lat' dir='ltr'><strong>recte.</strong></span> <span class='ocrx_word' id='word_1_105' title='bbox 1303 1777 1398 1828; x_wconf 81' lang='lat' dir='ltr'><strong>Trans·</strong></span> 
     </span>
     <span class='ocr_line' id='line_1_13' title="bbox 307 1846 1397 1914; baseline 0.002 -14"><span class='ocrx_word' id='word_1_106' title='bbox 307 1864 353 1902; x_wconf 87' lang='lat' dir='ltr'><strong>cor</strong></span> <span class='ocrx_word' id='word_1_107' title='bbox 373 1851 452 1900; x_wconf 79' lang='lat' dir='ltr'><strong>edane.</strong></span> <span class='ocrx_word' id='word_1_108' title='bbox 483 1847 603 1911; x_wconf 83' lang='lat' dir='ltr'><strong>symbol.</strong></span> <span class='ocrx_word' id='word_1_109' title='bbox 623 1848 734 1912; x_wconf 80' lang='lat' dir='ltr'><strong>Pythag.</strong></span> <span class='ocrx_word' id='word_1_110' title='bbox 754 1846 832 1898; x_wconf 88' lang='lat' dir='ltr'><strong>Oreil.</strong></span> <span class='ocrx_word' id='word_1_111' title='bbox 870 1848 1031 1912; x_wconf 88' lang='lat' dir='ltr'><strong>positionem</strong></span> <span class='ocrx_word' id='word_1_112' title='bbox 1052 1849 1187 1914; x_wconf 76' lang='lat' dir='ltr'><strong>duplicem</strong></span> <span class='ocrx_word' id='word_1_113' title='bbox 1207 1851 1397 1902; x_wconf 78' lang='lat' dir='ltr'><strong>versificatori-</strong></span> 
     </span>
     <span class='ocr_line' id='line_1_14' title="bbox 308 1919 1397 1994; baseline 0.002 -18"><span class='ocrx_word' id='word_1_114' title='bbox 308 1927 405 1990; x_wconf 89' lang='lat' dir='ltr'><strong>Opusc.</strong></span> <span class='ocrx_word' id='word_1_115' title='bbox 419 1926 438 1974; x_wconf 90' lang='lat'><strong>1.</strong></span> <span class='ocrx_word' id='word_1_116' title='bbox 452 1937 479 1988; x_wconf 89' lang='lat' dir='ltr'><strong>p.</strong></span> <span class='ocrx_word' id='word_1_117' title='bbox 493 1924 537 1974; x_wconf 78' lang='lat' dir='ltr'><strong>ot:</strong></span> <span class='ocrx_word' id='word_1_118' title='bbox 556 1920 677 1994; x_wconf 76' lang='grc' dir='ltr'><strong><em>καρδίαν</em></strong></span> <span class='ocrx_word' id='word_1_119' title='bbox 693 1919 736 1988; x_wconf 85' lang='grc' dir='ltr'><strong>μὴ</strong></span> <span class='ocrx_word' id='word_1_120' title='bbox 752 1921 834 1974; x_wconf 67' lang='lat' dir='ltr'><strong>roct—</strong></span> <span class='ocrx_word' id='word_1_121' title='bbox 870 1921 922 1973; x_wconf 92' lang='lat' dir='ltr'><strong>bus</strong></span> <span class='ocrx_word' id='word_1_122' title='bbox 943 1921 1010 1974; x_wconf 89' lang='lat' dir='ltr'><strong>talcs</strong></span> <span class='ocrx_word' id='word_1_123' title='bbox 1030 1936 1111 1989; x_wconf 85' lang='lat' dir='ltr'><strong>saepe</strong></span> <span class='ocrx_word' id='word_1_124' title='bbox 1130 1927 1211 1976; x_wconf 89' lang='lat' dir='ltr'><strong>animi</strong></span> <span class='ocrx_word' id='word_1_125' title='bbox 1234 1938 1315 1976; x_wconf 86' lang='lat' dir='ltr'><strong>causa</strong></span> <span class='ocrx_word' id='word_1_126' title='bbox 1337 1928 1397 1978; x_wconf 89' lang='lat' dir='ltr'><strong>ten·</strong></span> 
     </span>
     <span class='ocr_line' id='line_1_15' title="bbox 308 1995 1396 2062; baseline 0.001 -12"><span class='ocrx_word' id='word_1_127' title='bbox 308 2015 358 2052; x_wconf 79' lang='grc' dir='ltr'><strong>ειν.</strong></span> <span class='ocrx_word' id='word_1_128' title='bbox 379 1999 466 2062; x_wconf 80' lang='lat' dir='ltr'><strong>Virgii.</strong></span> <span class='ocrx_word' id='word_1_129' title='bbox 480 2001 545 2049; x_wconf 76' lang='lat' dir='ltr'><strong>Aen.</strong></span> <span class='ocrx_word' id='word_1_130' title='bbox 566 1997 595 2059; x_wconf 85' lang='lat' dir='ltr'><strong>t,</strong></span> <span class='ocrx_word' id='word_1_131' title='bbox 620 1999 665 2049; x_wconf 79' lang='lat'><strong>66:</strong></span> <span class='ocrx_word' id='word_1_132' title='bbox 693 2003 728 2048; x_wconf 81' lang='lat' dir='ltr'><strong>est</strong></span> <span class='ocrx_word' id='word_1_133' title='bbox 749 1998 835 2048; x_wconf 66' lang='lat' dir='ltr'><strong>moues</strong></span> <span class='ocrx_word' id='word_1_134' title='bbox 870 1995 987 2048; x_wconf 81' lang='lat' dir='ltr'><strong>tontibus</strong></span> <span class='ocrx_word' id='word_1_135' title='bbox 1005 1997 1099 2050; x_wconf 85' lang='lat' dir='ltr'><strong>deberi</strong></span> <span class='ocrx_word' id='word_1_136' title='bbox 1119 1999 1243 2052; x_wconf 81' lang='lat' dir='ltr'><strong>arbitror.</strong></span> <span class='ocrx_word' id='word_1_137' title='bbox 1264 2027 1292 2038; x_wconf 90' lang='lat'><em>-</em></span> <span class='ocrx_word' id='word_1_138' title='bbox 1312 2001 1396 2051; x_wconf 70' lang='grc'><strong>4444444-</strong></span> 
     </span>
     <span class='ocr_line' id='line_1_16' title="bbox 305 2071 1396 2140; baseline 0.001 -15"><span class='ocrx_word' id='word_1_139' title='bbox 305 2077 412 2140; x_wconf 77' lang='lat' dir='ltr'><strong>flommc</strong></span> <span class='ocrx_word' id='word_1_140' title='bbox 434 2073 563 2123; x_wconf 62' lang='lat' dir='ltr'><strong>modulor.</strong></span> <span class='ocrx_word' id='word_1_141' title='bbox 588 2100 612 2108; x_wconf 98' lang='lat'><em>-</em></span> <span class='ocrx_word' id='word_1_142' title='bbox 630 2072 658 2120; x_wconf 84' lang='lat' dir='ltr'><strong>tn</strong></span> <span class='ocrx_word' id='word_1_143' title='bbox 676 2071 779 2136; x_wconf 81' lang='lat' dir='ltr'><strong>conam]</strong></span> <span class='ocrx_word' id='word_1_144' title='bbox 799 2072 832 2122; x_wconf 88' lang='lat' dir='ltr'><strong>de</strong></span> <span class='ocrx_word' id='word_1_145' title='bbox 870 2074 992 2135; x_wconf 76' lang='lat' dir='ltr'><strong>carcat]</strong></span> <span class='ocrx_word' id='word_1_146' title='bbox 1011 2073 1098 2124; x_wconf 79' lang='lat' dir='ltr'><strong>«Facit</strong></span> <span class='ocrx_word' id='word_1_147' title='bbox 1120 2079 1150 2124; x_wconf 93' lang='lat' dir='ltr'><strong>ut</strong></span> <span class='ocrx_word' id='word_1_148' title='bbox 1172 2075 1287 2126; x_wconf 87' lang='lat' dir='ltr'><strong>rusticus</strong></span> <span class='ocrx_word' id='word_1_149' title='bbox 1309 2073 1352 2126; x_wconf 80' lang='lat' dir='ltr'><strong>rue</strong></span> <span class='ocrx_word' id='word_1_150' title='bbox 1369 2075 1396 2126; x_wconf 84' lang='lat' dir='ltr'><strong>iu</strong></span> 
     </span>
     <span class='ocr_line' id='line_1_17' title="bbox 307 2145 1395 2215; baseline 0.003 -16"><span class='ocrx_word' id='word_1_151' title='bbox 307 2149 386 2214; x_wconf 82' lang='lat' dir='ltr'>longo</span> <span class='ocrx_word' id='word_1_152' title='bbox 399 2151 534 2214; x_wconf 84' lang='lat' dir='ltr'><strong>tempore,</strong></span> <span class='ocrx_word' id='word_1_153' title='bbox 552 2147 658 2211; x_wconf 86' lang='lat' dir='ltr'><strong>utEpp.</strong></span> <span class='ocrx_word' id='word_1_154' title='bbox 673 2147 703 2208; x_wconf 95' lang='grc'><strong>4,</strong></span> <span class='ocrx_word' id='word_1_155' title='bbox 722 2147 767 2208; x_wconf 93' lang='grc'><strong>44,</strong></span> <span class='ocrx_word' id='word_1_156' title='bbox 785 2145 830 2195; x_wconf 75' lang='lat'><strong>23:</strong></span> <span class='ocrx_word' id='word_1_157' title='bbox 871 2146 982 2211; x_wconf 82' lang='lat' dir='ltr'><strong>tabella,</strong></span> <span class='ocrx_word' id='word_1_158' title='bbox 1009 2151 1088 2214; x_wconf 85' lang='lat' dir='ltr'><strong>puto,</strong></span> <span class='ocrx_word' id='word_1_159' title='bbox 1106 2151 1234 2215; x_wconf 77' lang='lat' dir='ltr'><strong>Aesopia,</strong></span> <span class='ocrx_word' id='word_1_160' title='bbox 1254 2152 1315 2215; x_wconf 88' lang='lat' dir='ltr'><strong>qui,</strong></span> <span class='ocrx_word' id='word_1_161' title='bbox 1334 2163 1395 2202; x_wconf 88' lang='lat' dir='ltr'><strong>cum</strong></span> 
     </span>
     <span class='ocr_line' id='line_1_18' title="bbox 306 2223 1393 2291; baseline 0.005 -18"><span class='ocrx_word' id='word_1_162' title='bbox 306 2237 356 2274; x_wconf 80' lang='lat' dir='ltr'><strong>nco</strong></span> <span class='ocrx_word' id='word_1_163' title='bbox 372 2223 456 2273; x_wconf 60' lang='lat' dir='ltr'><strong>doeio</strong></span> <span class='ocrx_word' id='word_1_164' title='bbox 473 2223 547 2285; x_wconf 73' lang='lat' dir='ltr'><strong>differ</strong></span> <span class='ocrx_word' id='word_1_165' title='bbox 562 2223 589 2272; x_wconf 81' lang='lat' dir='ltr'><strong>to</strong></span> <span class='ocrx_word' id='word_1_166' title='bbox 606 2234 710 2272; x_wconf 83' lang='lat' dir='ltr'><strong>onnam.</strong></span> <span class='ocrx_word' id='word_1_167' title='bbox 871 2224 971 2274; x_wconf 85' lang='lat' dir='ltr'><strong>otiosus</strong></span> <span class='ocrx_word' id='word_1_168' title='bbox 998 2224 1107 2276; x_wconf 81' lang='lat' dir='ltr'><strong>sederet</strong></span> <span class='ocrx_word' id='word_1_169' title='bbox 1131 2225 1158 2276; x_wconf 93' lang='lat' dir='ltr'><strong>in</strong></span> <span class='ocrx_word' id='word_1_170' title='bbox 1183 2227 1241 2291; x_wconf 83' lang='lat' dir='ltr'><strong>ripa</strong></span> <span class='ocrx_word' id='word_1_171' title='bbox 1263 2227 1393 2284; x_wconf 83' lang='lat' dir='ltr'><strong>fluminis.</strong></span> 
     </span>
     <span class='ocr_line' id='line_1_19' title="bbox 870 2299 1395 2362; baseline 0.008 -14"><span class='ocrx_word' id='word_1_172' title='bbox 870 2299 1048 2362; x_wconf 81' lang='lat' dir='ltr'><strong>interrogatus</strong></span> <span class='ocrx_word' id='word_1_173' title='bbox 1065 2300 1213 2351; x_wconf 70' lang='lat' dir='ltr'><strong>astatore:</strong></span> <span class='ocrx_word' id='word_1_174' title='bbox 1243 2300 1326 2361; x_wconf 70' lang='lat' dir='ltr'><strong>«Quid</strong></span> <span class='ocrx_word' id='word_1_175' title='bbox 1348 2301 1395 2352; x_wconf 89' lang='lat' dir='ltr'><strong>tibi</strong></span> 
     </span>
    </p>

    <p class='ocr_par' dir='ltr' id='par_1_7' title="bbox 297 2369 1395 4381">
     <span class='ocr_line' id='line_1_20' title="bbox 339 2369 1394 2442; baseline 0.005 -19"><span class='ocrx_word' id='word_1_176' title='bbox 339 2371 428 2423; x_wconf 80' lang='lat' dir='ltr'><strong>tota.</strong></span> <span class='ocrx_word' id='word_1_177' title='bbox 446 2371 586 2421; x_wconf 80' lang='lat' dir='ltr'><strong>Dimidium</strong></span> <span class='ocrx_word' id='word_1_178' title='bbox 597 2369 660 2434; x_wconf 82' lang='lat' dir='ltr'><strong>cet]</strong></span> <span class='ocrx_word' id='word_1_179' title='bbox 677 2371 761 2420; x_wconf 88' lang='lat' dir='ltr'><strong>Vetus</strong></span> <span class='ocrx_word' id='word_1_180' title='bbox 773 2383 834 2434; x_wconf 90' lang='lat' dir='ltr'><strong>pro-</strong></span> <span class='ocrx_word' id='word_1_181' title='bbox 870 2374 913 2424; x_wconf 88' lang='lat' dir='ltr'><strong>hic</strong></span> <span class='ocrx_word' id='word_1_182' title='bbox 935 2374 1015 2424; x_wconf 72' lang='lat' dir='ltr'><strong>nist»</strong></span> <span class='ocrx_word' id='word_1_183' title='bbox 1045 2375 1223 2439; x_wconf 62' lang='lat' dir='ltr'><strong>«Exspectop</strong></span> <span class='ocrx_word' id='word_1_184' title='bbox 1241 2377 1394 2442; x_wconf 82' lang='lat' dir='ltr'><strong>respondit,</strong></span> 
     </span>
     <span class='ocr_line' id='line_1_21' title="bbox 306 2436 1395 2516; baseline 0.006 -20"><span class='ocrx_word' id='word_1_185' title='bbox 306 2446 429 2498; x_wconf 78' lang='lat' dir='ltr'><strong>verutum</strong></span> <span class='ocrx_word' id='word_1_186' title='bbox 445 2439 530 2516; x_wconf 73' lang='grc' dir='ltr'><strong>Ἀρχὴ</strong></span> <span class='ocrx_word' id='word_1_187' title='bbox 548 2443 578 2495; x_wconf 76' lang='grc' dir='ltr'><strong>δέ</strong></span> <span class='ocrx_word' id='word_1_188' title='bbox 594 2459 641 2494; x_wconf 82' lang='grc' dir='ltr'><strong>τοι</strong></span> <span class='ocrx_word' id='word_1_189' title='bbox 657 2436 748 2510; x_wconf 78' lang='grc' dir='ltr'>ἥμισυ</span> <span class='ocrx_word' id='word_1_190' title='bbox 760 2457 833 2494; x_wconf 76' lang='grc' dir='ltr'><strong><em>παν·</em></strong></span> <span class='ocrx_word' id='word_1_191' title='bbox 871 2449 972 2500; x_wconf 67' lang='lat' dir='ltr'><strong>«donec</strong></span> <span class='ocrx_word' id='word_1_192' title='bbox 984 2448 1085 2500; x_wconf 83' lang='lat' dir='ltr'><strong>defluat</strong></span> <span class='ocrx_word' id='word_1_193' title='bbox 1101 2451 1200 2514; x_wconf 83' lang='lat' dir='ltr'><strong>amnis,</strong></span> <span class='ocrx_word' id='word_1_194' title='bbox 1219 2455 1248 2502; x_wconf 93' lang='lat' dir='ltr'><strong>ut</strong></span> <span class='ocrx_word' id='word_1_195' title='bbox 1265 2453 1395 2504; x_wconf 86' lang='lat' dir='ltr'><strong>siccatum</strong></span> 
     </span>
     <span class='ocr_line' id='line_1_22' title="bbox 306 2519 1395 2584; baseline 0.006 -14"><span class='ocrx_word' id='word_1_196' title='bbox 306 2519 370 2583; x_wconf 82' lang='grc' dir='ltr'><strong>τός,</strong></span> <span class='ocrx_word' id='word_1_197' title='bbox 390 2519 461 2584; x_wconf 90' lang='lat' dir='ltr'><strong>quod</strong></span> <span class='ocrx_word' id='word_1_198' title='bbox 480 2521 587 2570; x_wconf 84' lang='lat' dir='ltr'><strong>Lucian.</strong></span> <span class='ocrx_word' id='word_1_199' title='bbox 606 2519 764 2570; x_wconf 83' lang='lat' dir='ltr'><strong>Hermot3.</strong></span> <span class='ocrx_word' id='word_1_200' title='bbox 784 2533 833 2584; x_wconf 88' lang='lat' dir='ltr'><strong>per</strong></span> <span class='ocrx_word' id='word_1_201' title='bbox 870 2526 1030 2575; x_wconf 70' lang='lat' dir='ltr'><strong>transeam.»</strong></span> <span class='ocrx_word' id='word_1_202' title='bbox 1060 2525 1128 2576; x_wconf 90' lang='lat' dir='ltr'><strong>Cum</strong></span> <span class='ocrx_word' id='word_1_203' title='bbox 1143 2539 1210 2576; x_wconf 85' lang='lat' dir='ltr'><strong>vero</strong></span> <span class='ocrx_word' id='word_1_204' title='bbox 1227 2527 1339 2578; x_wconf 83' lang='lat' dir='ltr'><strong>huiusce</strong></span> <span class='ocrx_word' id='word_1_205' title='bbox 1350 2539 1395 2576; x_wconf 88' lang='lat' dir='ltr'><strong>er-</strong></span> 
     </span>
     <span class='ocr_line' id='line_1_23' title="bbox 307 2593 1393 2665; baseline 0.005 -18"><span class='ocrx_word' id='word_1_206' title='bbox 307 2609 429 2648; x_wconf 86' lang='lat' dir='ltr'><strong>errorem</strong></span> <span class='ocrx_word' id='word_1_207' title='bbox 455 2594 548 2645; x_wconf 82' lang='lat' dir='ltr'><strong>tribuit</strong></span> <span class='ocrx_word' id='word_1_208' title='bbox 567 2593 697 2652; x_wconf 85' lang='lat' dir='ltr'><strong>Hesiodo;</strong></span> <span class='ocrx_word' id='word_1_209' title='bbox 724 2593 833 2645; x_wconf 88' lang='lat' dir='ltr'><strong>Iambli-</strong></span> <span class='ocrx_word' id='word_1_210' title='bbox 870 2599 989 2662; x_wconf 81' lang='lat' dir='ltr'><strong>gumcoti</strong></span> <span class='ocrx_word' id='word_1_211' title='bbox 1005 2597 1102 2648; x_wconf 85' lang='lat' dir='ltr'><strong>tabella</strong></span> <span class='ocrx_word' id='word_1_212' title='bbox 1120 2599 1189 2650; x_wconf 84' lang='lat' dir='ltr'><strong>inter</strong></span> <span class='ocrx_word' id='word_1_213' title='bbox 1199 2601 1328 2665; x_wconf 79' lang='lat' dir='ltr'><strong>Aesopias</strong></span> <span class='ocrx_word' id='word_1_214' title='bbox 1340 2603 1393 2652; x_wconf 89' lang='lat' dir='ltr'><strong>iam</strong></span> 
     </span>
     <span class='ocr_line' id='line_1_24' title="bbox 306 2668 1395 2738; baseline 0.005 -16"><span class='ocrx_word' id='word_1_215' title='bbox 306 2672 373 2722; x_wconf 90' lang='lat' dir='ltr'><strong>chus</strong></span> <span class='ocrx_word' id='word_1_216' title='bbox 391 2671 442 2721; x_wconf 84' lang='lat' dir='ltr'><strong>vit.</strong></span> <span class='ocrx_word' id='word_1_217' title='bbox 456 2671 533 2733; x_wconf 84' lang='lat' dir='ltr'><strong>Pyth.</strong></span> <span class='ocrx_word' id='word_1_218' title='bbox 546 2671 587 2720; x_wconf 71' lang='grc'><strong>49.</strong></span> <span class='ocrx_word' id='word_1_219' title='bbox 602 2668 636 2719; x_wconf 90' lang='lat' dir='ltr'><strong>ad</strong></span> <span class='ocrx_word' id='word_1_220' title='bbox 653 2671 831 2734; x_wconf 81' lang='lat' dir='ltr'><strong>Pythagoram</strong></span> <span class='ocrx_word' id='word_1_221' title='bbox 869 2686 923 2724; x_wconf 88' lang='lat' dir='ltr'><strong>non</strong></span> <span class='ocrx_word' id='word_1_222' title='bbox 941 2675 1040 2734; x_wconf 85' lang='lat' dir='ltr'><strong>exstet,</strong></span> <span class='ocrx_word' id='word_1_223' title='bbox 1058 2672 1114 2733; x_wconf 86' lang='lat' dir='ltr'><strong>otii,</strong></span> <span class='ocrx_word' id='word_1_224' title='bbox 1132 2673 1286 2738; x_wconf 84' lang='lat' dir='ltr'><strong>intorques</strong></span> <span class='ocrx_word' id='word_1_225' title='bbox 1304 2675 1395 2727; x_wconf 84' lang='lat' dir='ltr'><strong>Obba·</strong></span> 
     </span>
     <span class='ocr_line' id='line_1_25' title="bbox 304 2745 1395 2811; baseline 0.003 -13"><span class='ocrx_word' id='word_1_226' title='bbox 304 2747 400 2808; x_wconf 85' lang='lat' dir='ltr'><strong>retert,</strong></span> <span class='ocrx_word' id='word_1_227' title='bbox 419 2745 483 2806; x_wconf 85' lang='lat' dir='ltr'><strong>sad,</strong></span> <span class='ocrx_word' id='word_1_228' title='bbox 502 2747 604 2810; x_wconf 91' lang='lat' dir='ltr'><strong>primus</strong></span> <span class='ocrx_word' id='word_1_229' title='bbox 621 2745 666 2808; x_wconf 89' lang='lat' dir='ltr'><strong>qui</strong></span> <span class='ocrx_word' id='word_1_230' title='bbox 685 2747 829 2808; x_wconf 85' lang='lat' dir='ltr'><strong>invenerit,</strong></span> <span class='ocrx_word' id='word_1_231' title='bbox 869 2749 937 2808; x_wconf 89' lang='lat' dir='ltr'><strong>rius,</strong></span> <span class='ocrx_word' id='word_1_232' title='bbox 959 2760 1009 2811; x_wconf 90' lang='lat' dir='ltr'><strong>pro</strong></span> <span class='ocrx_word' id='word_1_233' title='bbox 1026 2748 1141 2811; x_wconf 76' lang='lat' dir='ltr'><strong>imagine</strong></span> <span class='ocrx_word' id='word_1_234' title='bbox 1159 2749 1298 2800; x_wconf 76' lang='lat' dir='ltr'><strong>dumtaxat</strong></span> <span class='ocrx_word' id='word_1_235' title='bbox 1314 2763 1395 2802; x_wconf 83' lang='lat' dir='ltr'><strong>exco-</strong></span> 
     </span>
     <span class='ocr_line' id='line_1_26' title="bbox 304 2820 1395 2888; baseline 0.002 -14"><span class='ocrx_word' id='word_1_236' title='bbox 304 2824 468 2887; x_wconf 79' lang='lat' dir='ltr'><strong>iguoramue.</strong></span> <span class='ocrx_word' id='word_1_237' title='bbox 502 2820 636 2884; x_wconf 83' lang='lat' dir='ltr'><strong>Quidquid</strong></span> <span class='ocrx_word' id='word_1_238' title='bbox 662 2821 696 2871; x_wconf 92' lang='lat' dir='ltr'><strong>de</strong></span> <span class='ocrx_word' id='word_1_239' title='bbox 722 2834 755 2871; x_wconf 91' lang='lat' dir='ltr'><strong>ao</strong></span> <span class='ocrx_word' id='word_1_240' title='bbox 780 2821 832 2872; x_wconf 90' lang='lat' dir='ltr'><strong>dici</strong></span> <span class='ocrx_word' id='word_1_241' title='bbox 869 2824 949 2887; x_wconf 79' lang='lat' dir='ltr'><strong>gitata</strong></span> <span class='ocrx_word' id='word_1_242' title='bbox 966 2822 1001 2874; x_wconf 91' lang='lat' dir='ltr'><strong>ab</strong></span> <span class='ocrx_word' id='word_1_243' title='bbox 1020 2823 1127 2873; x_wconf 83' lang='lat' dir='ltr'>Horatio</span> <span class='ocrx_word' id='word_1_244' title='bbox 1145 2824 1203 2888; x_wconf 91' lang='lat' dir='ltr'><strong>ipso</strong></span> <span class='ocrx_word' id='word_1_245' title='bbox 1225 2825 1338 2888; x_wconf 81' lang='lat' dir='ltr'><strong>babent,</strong></span> <span class='ocrx_word' id='word_1_246' title='bbox 1365 2829 1395 2878; x_wconf 90' lang='lat' dir='ltr'><strong>ut</strong></span> 
     </span>
     <span class='ocr_line' id='line_1_27' title="bbox 304 2890 1395 2970; baseline 0.005 -23"><span class='ocrx_word' id='word_1_247' title='bbox 304 2899 409 2962; x_wconf 81' lang='lat' dir='ltr'><strong>potest,</strong></span> <span class='ocrx_word' id='word_1_248' title='bbox 424 2895 605 2946; x_wconf 82' lang='lat' dir='ltr'><strong>exhauserunt</strong></span> <span class='ocrx_word' id='word_1_249' title='bbox 615 2895 831 2946; x_wconf 85' lang='lat' dir='ltr'><strong>Hcmsterhusius</strong></span> <span class='ocrx_word' id='word_1_250' title='bbox 869 2898 983 2948; x_wconf 87' lang='lat' dir='ltr'><strong>rusticus</strong></span> <span class='ocrx_word' id='word_1_251' title='bbox 995 2899 1029 2947; x_wconf 88' lang='lat' dir='ltr'><strong>sit</strong></span> <span class='ocrx_word' id='word_1_252' title='bbox 1041 2890 1208 2970; x_wconf 78' lang='grc' dir='ltr'><strong><em>«ἄγροικος,</em></strong></span> <span class='ocrx_word' id='word_1_253' title='bbox 1227 2901 1309 2952; x_wconf 89' lang='lat' dir='ltr'><strong>bomo</strong></span> <span class='ocrx_word' id='word_1_254' title='bbox 1320 2913 1395 2952; x_wconf 84' lang='lat' dir='ltr'><strong>scae-</strong></span> 
     </span>
     <span class='ocr_line' id='line_1_28' title="bbox 304 2967 1393 3043; baseline -0.003 -20"><span class='ocrx_word' id='word_1_255' title='bbox 304 2972 339 3024; x_wconf 90' lang='lat' dir='ltr'><strong>ad</strong></span> <span class='ocrx_word' id='word_1_256' title='bbox 357 2974 419 3022; x_wconf 85' lang='lat' dir='ltr'><strong>Luc.</strong></span> <span class='ocrx_word' id='word_1_257' title='bbox 434 2973 524 3022; x_wconf 88' lang='lat' dir='ltr'><strong>somn.</strong></span> <span class='ocrx_word' id='word_1_258' title='bbox 537 2969 561 3020; x_wconf 84' lang='lat'><strong>3.</strong></span> <span class='ocrx_word' id='word_1_259' title='bbox 580 2972 629 3020; x_wconf 78' lang='lat' dir='ltr'><strong>Ast</strong></span> <span class='ocrx_word' id='word_1_260' title='bbox 645 2969 679 3020; x_wconf 89' lang='lat' dir='ltr'><strong>ad</strong></span> <span class='ocrx_word' id='word_1_261' title='bbox 697 2967 762 3019; x_wconf 88' lang='lat' dir='ltr'><strong>Plat.</strong></span> <span class='ocrx_word' id='word_1_262' title='bbox 780 2971 831 3019; x_wconf 86' lang='lat' dir='ltr'><strong>Po·</strong></span> <span class='ocrx_word' id='word_1_263' title='bbox 867 2985 930 3030; x_wconf 82' lang='lat' dir='ltr'><strong>vus.</strong></span> <span class='ocrx_word' id='word_1_264' title='bbox 948 2971 1067 3037; x_wconf 89' lang='lat' dir='ltr'><strong>inaptus,</strong></span> <span class='ocrx_word' id='word_1_265' title='bbox 1091 2971 1215 3024; x_wconf 82' lang='lat' dir='ltr'><strong>stultus.»</strong></span> <span class='ocrx_word' id='word_1_266' title='bbox 1240 3001 1268 3012; x_wconf 88' lang='lat'><strong>·-</strong></span> <span class='ocrx_word' id='word_1_267' title='bbox 1292 2975 1393 3043; x_wconf 69' lang='grc' dir='ltr'><strong>ααρααι]</strong></span> 
     </span>
     <span class='ocr_line' id='line_1_29' title="bbox 303 3043 1394 3113; baseline 0.003 -15"><span class='ocrx_word' id='word_1_268' title='bbox 303 3047 341 3098; x_wconf 88' lang='grc'><strong>444.</strong></span> <span class='ocrx_word' id='word_1_269' title='bbox 354 3061 380 3112; x_wconf 89' lang='lat' dir='ltr'><strong>p.</strong></span> <span class='ocrx_word' id='word_1_270' title='bbox 394 3045 452 3098; x_wconf 75' lang='grc'><strong>436.</strong></span> <span class='ocrx_word' id='word_1_271' title='bbox 470 3044 594 3110; x_wconf 86' lang='lat' dir='ltr'><strong>sophocl.</strong></span> <span class='ocrx_word' id='word_1_272' title='bbox 609 3045 650 3096; x_wconf 85' lang='lat' dir='ltr'><strong>Fr.</strong></span> <span class='ocrx_word' id='word_1_273' title='bbox 664 3045 721 3095; x_wconf 80' lang='grc'><strong>745.</strong></span> <span class='ocrx_word' id='word_1_274' title='bbox 735 3043 828 3094; x_wconf 80' lang='lat' dir='ltr'><strong>Diod:</strong></span> <span class='ocrx_word' id='word_1_275' title='bbox 868 3047 1021 3097; x_wconf 85' lang='lat' dir='ltr'><strong>Lectionem</strong></span> <span class='ocrx_word' id='word_1_276' title='bbox 1038 3047 1135 3111; x_wconf 70' lang='lat' dir='ltr'><strong>dotted,</strong></span> <span class='ocrx_word' id='word_1_277' title='bbox 1159 3060 1241 3111; x_wconf 90' lang='lat' dir='ltr'><strong>quam</strong></span> <span class='ocrx_word' id='word_1_278' title='bbox 1262 3049 1394 3113; x_wconf 85' lang='lat' dir='ltr'><strong>praebent</strong></span> 
     </span>
     <span class='ocr_line' id='line_1_30' title="bbox 297 3111 1391 3194; baseline 0.003 -20"><span class='ocrx_word' id='word_1_279' title='bbox 297 3113 403 3194; x_wconf 80' lang='grc' dir='ltr'><strong><em>Ἓργου</em></strong></span> <span class='ocrx_word' id='word_1_280' title='bbox 420 3119 452 3172; x_wconf 77' lang='lat' dir='ltr'><strong>dd</strong></span> <span class='ocrx_word' id='word_1_281' title='bbox 468 3115 576 3182; x_wconf 80' lang='grc' dir='ltr'><strong><em>παντὸς</em></strong></span> <span class='ocrx_word' id='word_1_282' title='bbox 593 3113 630 3186; x_wconf 78' lang='grc' dir='ltr'><strong>ἦν</strong></span> <span class='ocrx_word' id='word_1_283' title='bbox 646 3134 689 3183; x_wconf 79' lang='grc' dir='ltr'><strong>τις</strong></span> <span class='ocrx_word' id='word_1_284' title='bbox 706 3111 831 3190; x_wconf 71' lang='grc' dir='ltr'><strong><em>ἄρχηται</em></strong></span> <span class='ocrx_word' id='word_1_285' title='bbox 866 3121 944 3185; x_wconf 92' lang='lat' dir='ltr'><strong>pauci</strong></span> <span class='ocrx_word' id='word_1_286' title='bbox 974 3120 1058 3172; x_wconf 88' lang='lat' dir='ltr'><strong>Codd.</strong></span> <span class='ocrx_word' id='word_1_287' title='bbox 1087 3120 1183 3172; x_wconf 84' lang='lat' dir='ltr'><strong>nullius</strong></span> <span class='ocrx_word' id='word_1_288' title='bbox 1214 3125 1391 3186; x_wconf 72' lang='lat' dir='ltr'><strong>auctoritatis.</strong></span> 
     </span>
     <span class='ocr_line' id='line_1_31' title="bbox 303 3189 1392 3261; baseline 0.003 -14"><span class='ocrx_word' id='word_1_289' title='bbox 303 3195 414 3260; x_wconf 79' lang='grc' dir='ltr'><strong>καλῶς,</strong></span> <span class='ocrx_word' id='word_1_290' title='bbox 440 3196 496 3246; x_wconf 76' lang='grc' dir='ltr'><strong>Καὶ</strong></span> <span class='ocrx_word' id='word_1_291' title='bbox 522 3190 574 3258; x_wconf 81' lang='grc' dir='ltr'><strong>τὰς</strong></span> <span class='ocrx_word' id='word_1_292' title='bbox 599 3189 732 3257; x_wconf 79' lang='grc' dir='ltr'><strong>τελευτὰς</strong></span> <span class='ocrx_word' id='word_1_293' title='bbox 751 3189 831 3257; x_wconf 82' lang='grc' dir='ltr'><strong><em>εἰκός</em></strong></span> <span class='ocrx_word' id='word_1_294' title='bbox 866 3193 984 3261; x_wconf 72' lang='lat' dir='ltr'><strong>praefert</strong></span> <span class='ocrx_word' id='word_1_295' title='bbox 1000 3194 1076 3246; x_wconf 81' lang='lat' dir='ltr'><strong>fland</strong></span> <span class='ocrx_word' id='word_1_296' title='bbox 1088 3196 1163 3246; x_wconf 85' lang='lat' dir='ltr'><strong>Ture.</strong></span> <span class='ocrx_word' id='word_1_297' title='bbox 1176 3197 1208 3246; x_wconf 87' lang='lat'><strong>11.</strong></span> <span class='ocrx_word' id='word_1_298' title='bbox 1222 3209 1249 3260; x_wconf 91' lang='lat' dir='ltr'><strong>p.</strong></span> <span class='ocrx_word' id='word_1_299' title='bbox 1262 3195 1320 3248; x_wconf 75' lang='lat'><strong>32⁴.</strong></span> <span class='ocrx_word' id='word_1_300' title='bbox 1339 3197 1392 3250; x_wconf 83' lang='lat' dir='ltr'><strong>Sed</strong></span> 
     </span>
     <span class='ocr_line' id='line_1_32' title="bbox 304 3263 1394 3338; baseline 0 -14"><span class='ocrx_word' id='word_1_301' title='bbox 304 3272 365 3324; x_wconf 79' lang='grc' dir='ltr'><em>ἐσθ’</em></span> <span class='ocrx_word' id='word_1_302' title='bbox 385 3265 477 3334; x_wconf 78' lang='grc' dir='ltr'><strong><em>οὕτως</em></strong></span> <span class='ocrx_word' id='word_1_303' title='bbox 492 3263 579 3330; x_wconf 69' lang='grc' dir='ltr'><strong>ἔχειν.</strong></span> <span class='ocrx_word' id='word_1_304' title='bbox 601 3299 628 3308; x_wconf 88' lang='grc'><strong>-</strong></span> <span class='ocrx_word' id='word_1_305' title='bbox 647 3282 735 3334; x_wconf 84' lang='lat' dir='ltr'><strong>sapere</strong></span> <span class='ocrx_word' id='word_1_306' title='bbox 756 3269 828 3332; x_wconf 79' lang='lat' dir='ltr'><strong>ouda]</strong></span> <span class='ocrx_word' id='word_1_307' title='bbox 867 3270 1051 3322; x_wconf 84' lang='lat' dir='ltr'><strong>coniunctivus</strong></span> <span class='ocrx_word' id='word_1_308' title='bbox 1068 3272 1167 3321; x_wconf 84' lang='lat' dir='ltr'><strong>rectius</strong></span> <span class='ocrx_word' id='word_1_309' title='bbox 1184 3270 1276 3322; x_wconf 89' lang='lat' dir='ltr'><strong>rustici</strong></span> <span class='ocrx_word' id='word_1_310' title='bbox 1296 3285 1394 3338; x_wconf 83' lang='lat' dir='ltr'><strong>exepe-</strong></span> 
     </span>
     <span class='ocr_line' id='line_1_33' title="bbox 303 3341 1392 3412; baseline 0.001 -15"><span class='ocrx_word' id='word_1_311' title='bbox 303 3351 333 3398; x_wconf 92' lang='lat' dir='ltr'><strong>ut</strong></span> <span class='ocrx_word' id='word_1_312' title='bbox 345 3357 471 3411; x_wconf 64' lang='lat' dir='ltr'><strong>maecum</strong></span> <span class='ocrx_word' id='word_1_313' title='bbox 483 3341 607 3412; x_wconf 75' lang='grc' dir='ltr'><strong>τολμᾷν,</strong></span> <span class='ocrx_word' id='word_1_314' title='bbox 627 3345 761 3406; x_wconf 74' lang='lat' dir='ltr'><strong>«sustine,</strong></span> <span class='ocrx_word' id='word_1_315' title='bbox 780 3343 829 3394; x_wconf 88' lang='lat' dir='ltr'><strong>abs</strong></span> <span class='ocrx_word' id='word_1_316' title='bbox 866 3345 1392 3410; x_wconf 80' lang='lat' dir='ltr'><strong>ctationamvanamquespcmsignificat.</strong></span> 
     </span>
     <span class='ocr_line' id='line_1_34' title="bbox 303 3417 1393 3484; baseline 0.001 -13"><span class='ocrx_word' id='word_1_317' title='bbox 303 3423 329 3471; x_wconf 87' lang='lat' dir='ltr'><strong>to</strong></span> <span class='ocrx_word' id='word_1_318' title='bbox 356 3421 500 3484; x_wconf 71' lang='lat' dir='ltr'><strong>impetra.»</strong></span> <span class='ocrx_word' id='word_1_319' title='bbox 527 3421 598 3483; x_wconf 79' lang='lat' dir='ltr'><strong>virg.</strong></span> <span class='ocrx_word' id='word_1_320' title='bbox 620 3422 686 3470; x_wconf 81' lang='lat' dir='ltr'><strong>Aen.</strong></span> <span class='ocrx_word' id='word_1_321' title='bbox 708 3419 738 3480; x_wconf 89' lang='grc'><strong>8,</strong></span> <span class='ocrx_word' id='word_1_322' title='bbox 766 3418 827 3470; x_wconf 84' lang='grc'><strong>364;</strong></span> <span class='ocrx_word' id='word_1_323' title='bbox 866 3418 1060 3480; x_wconf 71' lang='lat' dir='ltr'><strong>onducto,</strong></span> <span class='ocrx_word' id='word_1_324' title='bbox 1080 3417 1125 3470; x_wconf 84' lang='lat' dir='ltr'><strong>at:</strong></span> <span class='ocrx_word' id='word_1_325' title='bbox 1143 3432 1223 3483; x_wconf 75' lang='lat' dir='ltr'><strong>nepae</strong></span> <span class='ocrx_word' id='word_1_326' title='bbox 1234 3420 1316 3482; x_wconf 78' lang='lat' dir='ltr'><strong>rotat,</strong></span> <span class='ocrx_word' id='word_1_327' title='bbox 1334 3421 1393 3472; x_wconf 71' lang='lat' dir='ltr'><strong>duo</strong></span> 
     </span>
     <span class='ocr_line' id='line_1_35' title="bbox 302 3493 1395 3558; baseline -0.001 -11"><span class='ocrx_word' id='word_1_328' title='bbox 302 3495 383 3558; x_wconf 72' lang='lat' dir='ltr'><strong>Arate,</strong></span> <span class='ocrx_word' id='word_1_329' title='bbox 401 3495 498 3556; x_wconf 79' lang='lat' dir='ltr'><strong>torpes,</strong></span> <span class='ocrx_word' id='word_1_330' title='bbox 517 3499 748 3557; x_wconf 76' lang='lat' dir='ltr'><strong>contararereoper.</strong></span> <span class='ocrx_word' id='word_1_331' title='bbox 783 3494 830 3543; x_wconf 88' lang='lat' dir='ltr'><strong>Est</strong></span> <span class='ocrx_word' id='word_1_332' title='bbox 864 3493 972 3558; x_wconf 77' lang='lat' dir='ltr'><strong>ttomtno</strong></span> <span class='ocrx_word' id='word_1_333' title='bbox 988 3505 1080 3556; x_wconf 82' lang='lat' dir='ltr'><strong>pacem</strong></span> <span class='ocrx_word' id='word_1_334' title='bbox 1102 3493 1134 3542; x_wconf 83' lang='grc'><strong>444</strong></span> <span class='ocrx_word' id='word_1_335' title='bbox 1150 3494 1265 3556; x_wconf 74' lang='lat' dir='ltr'><strong>ptoctdoa</strong></span> <span class='ocrx_word' id='word_1_336' title='bbox 1287 3494 1395 3546; x_wconf 67' lang='lat' dir='ltr'><strong>mnam</strong></span> 
     </span>
     <span class='ocr_line' id='line_1_36' title="bbox 301 3568 1394 3637; baseline -0.005 -15"><span class='ocrx_word' id='word_1_337' title='bbox 301 3569 522 3637; x_wconf 82' lang='lat' dir='ltr'><strong>philosophorum</strong></span> <span class='ocrx_word' id='word_1_338' title='bbox 558 3568 634 3621; x_wconf 90' lang='lat' dir='ltr'><strong>locus</strong></span> <span class='ocrx_word' id='word_1_339' title='bbox 667 3569 828 3619; x_wconf 87' lang='lat' dir='ltr'><strong>communis.</strong></span> <span class='ocrx_word' id='word_1_340' title='bbox 865 3569 963 3631; x_wconf 73' lang='lat' dir='ltr'><strong>lapsae,</strong></span> <span class='ocrx_word' id='word_1_341' title='bbox 997 3573 1111 3632; x_wconf 77' lang='lat' dir='ltr'><strong>totaeque</strong></span> <span class='ocrx_word' id='word_1_342' title='bbox 1143 3570 1270 3630; x_wconf 70' lang='lat' dir='ltr'><strong>recidam,</strong></span> <span class='ocrx_word' id='word_1_343' title='bbox 1311 3570 1394 3634; x_wconf 84' lang='lat' dir='ltr'><strong>Oppe-</strong></span> 
     </span>
     <span class='ocr_line' id='line_1_37' title="bbox 303 3639 1391 3715; baseline -0.003 -17"><span class='ocrx_word' id='word_1_344' title='bbox 303 3648 346 3698; x_wconf 89' lang='lat' dir='ltr'><strong>Sic</strong></span> <span class='ocrx_word' id='word_1_345' title='bbox 362 3646 470 3697; x_wconf 89' lang='lat' dir='ltr'><strong>Lucian.</strong></span> <span class='ocrx_word' id='word_1_346' title='bbox 493 3646 563 3709; x_wconf 80' lang='lat' dir='ltr'><strong>Nigr.</strong></span> <span class='ocrx_word' id='word_1_347' title='bbox 582 3645 629 3695; x_wconf 71' lang='lat' dir='ltr'><strong>ti:</strong></span> <span class='ocrx_word' id='word_1_348' title='bbox 657 3640 779 3715; x_wconf 76' lang='grc' dir='ltr'><strong><em>παρῄνει</em></strong></span> <span class='ocrx_word' id='word_1_349' title='bbox 798 3639 829 3692; x_wconf 77' lang='grc' dir='ltr'><strong>δὲ</strong></span> <span class='ocrx_word' id='word_1_350' title='bbox 865 3644 978 3704; x_wconf 61' lang='lat' dir='ltr'><strong>duntur,</strong></span> <span class='ocrx_word' id='word_1_351' title='bbox 996 3655 1087 3705; x_wconf 70' lang='lat' dir='ltr'><strong>aprus.</strong></span> <span class='ocrx_word' id='word_1_352' title='bbox 1109 3671 1137 3680; x_wconf 96' lang='lat'><em>-</em></span> <span class='ocrx_word' id='word_1_353' title='bbox 1154 3643 1276 3706; x_wconf 63' lang='grc'><strong>4403444444]</strong></span> <span class='ocrx_word' id='word_1_354' title='bbox 1294 3644 1343 3695; x_wconf 82' lang='lat' dir='ltr'><strong>od.</strong></span> <span class='ocrx_word' id='word_1_355' title='bbox 1361 3643 1391 3706; x_wconf 80' lang='lat' dir='ltr'><strong>t,</strong></span> 
     </span>
     <span class='ocr_line' id='line_1_38' title="bbox 302 3713 1393 3788; baseline -0.001 -17"><span class='ocrx_word' id='word_1_356' title='bbox 302 3726 365 3785; x_wconf 82' lang='grc' dir='ltr'><strong><em>τοῖς</em></strong></span> <span class='ocrx_word' id='word_1_357' title='bbox 381 3717 505 3772; x_wconf 79' lang='grc' dir='ltr'>συνοῦσι</span> <span class='ocrx_word' id='word_1_358' title='bbox 524 3717 592 3788; x_wconf 82' lang='grc' dir='ltr'><strong>μηδ’</strong></span> <span class='ocrx_word' id='word_1_359' title='bbox 612 3713 830 3780; x_wconf 79' lang='grc' dir='ltr'><strong><em>ἀναβάλλεσθαι</em></strong></span> <span class='ocrx_word' id='word_1_360' title='bbox 866 3719 895 3780; x_wconf 91' lang='grc'><strong>4,</strong></span> <span class='ocrx_word' id='word_1_361' title='bbox 925 3715 974 3768; x_wconf 77' lang='lat' dir='ltr'><strong>to:</strong></span> <span class='ocrx_word' id='word_1_362' title='bbox 1010 3731 1093 3780; x_wconf 73' lang='lat' dir='ltr'><strong>opem</strong></span> <span class='ocrx_word' id='word_1_363' title='bbox 1119 3717 1253 3780; x_wconf 57' lang='lat' dir='ltr'><strong>ootudt&#39;tffi</strong></span> <span class='ocrx_word' id='word_1_364' title='bbox 1283 3731 1393 3783; x_wconf 82' lang='lat' dir='ltr'><strong>semper</strong></span> 
     </span>
     <span class='ocr_line' id='line_1_39' title="bbox 302 3788 1393 3865; baseline -0.003 -18"><span class='ocrx_word' id='word_1_365' title='bbox 302 3793 338 3847; x_wconf 77' lang='grc' dir='ltr'><strong>τὸ</strong></span> <span class='ocrx_word' id='word_1_366' title='bbox 354 3789 481 3863; x_wconf 77' lang='grc' dir='ltr'><strong><em>ἀγαθόν·</em></strong></span> <span class='ocrx_word' id='word_1_367' title='bbox 494 3822 533 3832; x_wconf 93' lang='grc'><strong>--</strong></span> <span class='ocrx_word' id='word_1_368' title='bbox 545 3789 629 3861; x_wconf 79' lang='grc' dir='ltr'>ἠξίου</span> <span class='ocrx_word' id='word_1_369' title='bbox 640 3790 696 3865; x_wconf 78' lang='grc' dir='ltr'><strong>γὰρ</strong></span> <span class='ocrx_word' id='word_1_370' title='bbox 707 3788 830 3860; x_wconf 68' lang='grc' dir='ltr'><strong><em>ἁμέλλη-</em></strong></span> <span class='ocrx_word' id='word_1_371' title='bbox 866 3793 964 3843; x_wconf 87' lang='lat' dir='ltr'><strong>ostium</strong></span> <span class='ocrx_word' id='word_1_372' title='bbox 988 3803 1084 3843; x_wconf 84' lang='lat' dir='ltr'><strong>versus</strong></span> <span class='ocrx_word' id='word_1_373' title='bbox 1112 3792 1238 3844; x_wconf 82' lang='lat' dir='ltr'><strong>fluentes.</strong></span> <span class='ocrx_word' id='word_1_374' title='bbox 1277 3795 1393 3846; x_wconf 69' lang='lat' dir='ltr'><strong>avarsus</strong></span> 
     </span>
     <span class='ocr_line' id='line_1_40' title="bbox 302 3861 1395 3942; baseline -0.005 -19"><span class='ocrx_word' id='word_1_375' title='bbox 302 3886 354 3923; x_wconf 78' lang='grc' dir='ltr'><strong>τον</strong></span> <span class='ocrx_word' id='word_1_376' title='bbox 371 3867 445 3922; x_wconf 76' lang='lat' dir='ltr'><strong>sirac</strong></span> <span class='ocrx_word' id='word_1_377' title='bbox 460 3867 513 3936; x_wconf 77' lang='grc' dir='ltr'><strong>τὴν</strong></span> <span class='ocrx_word' id='word_1_378' title='bbox 530 3867 603 3942; x_wconf 78' lang='grc' dir='ltr'><strong><em>πρὸς</em></strong></span> <span class='ocrx_word' id='word_1_379' title='bbox 621 3865 654 3920; x_wconf 85' lang='grc' dir='ltr'><strong>τὸ</strong></span> <span class='ocrx_word' id='word_1_380' title='bbox 671 3865 761 3919; x_wconf 78' lang='grc' dir='ltr'><strong><em>καλὸν</em></strong></span> <span class='ocrx_word' id='word_1_381' title='bbox 778 3861 830 3939; x_wconf 87' lang='grc' dir='ltr'><strong>ὁρ-</strong></span> <span class='ocrx_word' id='word_1_382' title='bbox 867 3869 990 3918; x_wconf 88' lang='lat' dir='ltr'><strong>naturam</strong></span> <span class='ocrx_word' id='word_1_383' title='bbox 1006 3880 1093 3932; x_wconf 85' lang='lat' dir='ltr'><strong>aquae</strong></span> <span class='ocrx_word' id='word_1_384' title='bbox 1111 3867 1270 3920; x_wconf 85' lang='lat' dir='ltr'><strong>describens</strong></span> <span class='ocrx_word' id='word_1_385' title='bbox 1286 3879 1318 3918; x_wconf 82' lang='lat' dir='ltr'><strong>ex</strong></span> <span class='ocrx_word' id='word_1_386' title='bbox 1334 3867 1395 3918; x_wconf 86' lang='lat' dir='ltr'><strong>tati·</strong></span> 
     </span>
     <span class='ocr_line' id='line_1_41' title="bbox 302 3941 1392 4013; baseline 0 -17"><span class='ocrx_word' id='word_1_387' title='bbox 302 3943 371 4013; x_wconf 82' lang='grc' dir='ltr'><strong>μήν.</strong></span> <span class='ocrx_word' id='word_1_388' title='bbox 393 3975 421 3984; x_wconf 84' lang='lat'><em>-</em></span> <span class='ocrx_word' id='word_1_389' title='bbox 439 3945 530 4010; x_wconf 80' lang='lat' dir='ltr'><strong>Incipe]</strong></span> <span class='ocrx_word' id='word_1_390' title='bbox 549 3945 674 3995; x_wconf 78' lang='lat' dir='ltr'><strong>«tendam</strong></span> <span class='ocrx_word' id='word_1_391' title='bbox 692 3943 770 3994; x_wconf 85' lang='lat' dir='ltr'><strong>firmo</strong></span> <span class='ocrx_word' id='word_1_392' title='bbox 782 3957 830 3993; x_wconf 87' lang='lat' dir='ltr'><strong>co-</strong></span> <span class='ocrx_word' id='word_1_393' title='bbox 866 3942 918 3994; x_wconf 86' lang='lat' dir='ltr'><strong>bus</strong></span> <span class='ocrx_word' id='word_1_394' title='bbox 935 3947 989 4007; x_wconf 82' lang='lat' dir='ltr'><strong>est,</strong></span> <span class='ocrx_word' id='word_1_395' title='bbox 1009 3942 1094 4008; x_wconf 87' lang='lat' dir='ltr'><strong>qualis</strong></span> <span class='ocrx_word' id='word_1_396' title='bbox 1111 3941 1207 4008; x_wconf 76' lang='lat' dir='ltr'><strong>iegitur</strong></span> <span class='ocrx_word' id='word_1_397' title='bbox 1218 3945 1299 4009; x_wconf 84' lang='lat' dir='ltr'><strong>Epist.</strong></span> <span class='ocrx_word' id='word_1_398' title='bbox 1313 3946 1337 4004; x_wconf 91' lang='grc'><strong>4,</strong></span> <span class='ocrx_word' id='word_1_399' title='bbox 1351 3945 1392 4006; x_wconf 84' lang='grc'><strong>44),</strong></span> 
     </span>
     <span class='ocr_line' id='line_1_42' title="bbox 303 4015 1394 4084; baseline -0.001 -13"><span class='ocrx_word' id='word_1_400' title='bbox 303 4023 379 4072; x_wconf 80' lang='lat' dir='ltr'><strong>natu!</strong></span> <span class='ocrx_word' id='word_1_401' title='bbox 406 4019 464 4071; x_wconf 86' lang='lat' dir='ltr'><strong>Noli</strong></span> <span class='ocrx_word' id='word_1_402' title='bbox 487 4019 585 4071; x_wconf 88' lang='lat' dir='ltr'><strong>diutius</strong></span> <span class='ocrx_word' id='word_1_403' title='bbox 603 4018 734 4070; x_wconf 75' lang='lat' dir='ltr'><strong>morant»</strong></span> <span class='ocrx_word' id='word_1_404' title='bbox 760 4015 829 4066; x_wconf 82' lang='lat' dir='ltr'><strong>Alibi</strong></span> <span class='ocrx_word' id='word_1_405' title='bbox 865 4019 1099 4070; x_wconf 74' lang='lat' dir='ltr'><strong>20.etn.1&gt;.t&#39;1.</strong></span> <span class='ocrx_word' id='word_1_406' title='bbox 1131 4020 1174 4070; x_wconf 89' lang='lat' dir='ltr'><strong>Sic</strong></span> <span class='ocrx_word' id='word_1_407' title='bbox 1196 4031 1394 4084; x_wconf 75' lang='lat' dir='ltr'><strong>supratonsus</strong></span> 
     </span>
     <span class='ocr_line' id='line_1_43' title="bbox 304 4092 1395 4158; baseline 0 -12"><span class='ocrx_word' id='word_1_408' title='bbox 304 4099 346 4146; x_wconf 87' lang='lat' dir='ltr'><strong>cst</strong></span> <span class='ocrx_word' id='word_1_409' title='bbox 370 4095 405 4146; x_wconf 87' lang='lat' dir='ltr'><strong>de</strong></span> <span class='ocrx_word' id='word_1_410' title='bbox 432 4094 542 4146; x_wconf 89' lang='lat' dir='ltr'><strong>consitio</strong></span> <span class='ocrx_word' id='word_1_411' title='bbox 568 4093 672 4146; x_wconf 90' lang='lat' dir='ltr'><strong>audaci.</strong></span> <span class='ocrx_word' id='word_1_412' title='bbox 690 4092 827 4144; x_wconf 82' lang='lat' dir='ltr'><strong>Ruhnken.</strong></span> <span class='ocrx_word' id='word_1_413' title='bbox 867 4094 907 4144; x_wconf 80' lang='grc'><strong>45.</strong></span> <span class='ocrx_word' id='word_1_414' title='bbox 921 4093 1061 4146; x_wconf 85' lang='lat' dir='ltr'><strong>celerrime</strong></span> <span class='ocrx_word' id='word_1_415' title='bbox 1075 4093 1224 4146; x_wconf 75' lang='lat' dir='ltr'><strong>decurrens</strong></span> <span class='ocrx_word' id='word_1_416' title='bbox 1236 4094 1336 4158; x_wconf 88' lang='lat' dir='ltr'><strong>optime</strong></span> <span class='ocrx_word' id='word_1_417' title='bbox 1347 4106 1395 4146; x_wconf 87' lang='lat' dir='ltr'><strong>no-</strong></span> 
     </span>
     <span class='ocr_line' id='line_1_44' title="bbox 304 4167 1394 4234; baseline -0.001 -13"><span class='ocrx_word' id='word_1_418' title='bbox 304 4170 339 4221; x_wconf 88' lang='lat' dir='ltr'><strong>ad</strong></span> <span class='ocrx_word' id='word_1_419' title='bbox 355 4172 459 4221; x_wconf 86' lang='lat' dir='ltr'><strong>Terent.</strong></span> <span class='ocrx_word' id='word_1_420' title='bbox 476 4169 560 4221; x_wconf 77' lang='lat' dir='ltr'><strong>Andr.</strong></span> <span class='ocrx_word' id='word_1_421' title='bbox 578 4171 606 4232; x_wconf 90' lang='grc'><strong>4,</strong></span> <span class='ocrx_word' id='word_1_422' title='bbox 625 4168 653 4232; x_wconf 87' lang='grc'><strong>3,</strong></span> <span class='ocrx_word' id='word_1_423' title='bbox 674 4167 713 4220; x_wconf 90' lang='grc'><strong>43.</strong></span> <span class='ocrx_word' id='word_1_424' title='bbox 735 4193 762 4204; x_wconf 84' lang='lat'>—</span> <span class='ocrx_word' id='word_1_425' title='bbox 782 4168 831 4230; x_wconf 83' lang='lat' dir='ltr'><strong>Qut</strong></span> <span class='ocrx_word' id='word_1_426' title='bbox 866 4170 904 4219; x_wconf 89' lang='lat' dir='ltr'><strong>tat</strong></span> <span class='ocrx_word' id='word_1_427' title='bbox 929 4167 1090 4233; x_wconf 87' lang='lat' dir='ltr'><strong>populorum</strong></span> <span class='ocrx_word' id='word_1_428' title='bbox 1114 4169 1139 4217; x_wconf 87' lang='lat' dir='ltr'><strong>tn</strong></span> <span class='ocrx_word' id='word_1_429' title='bbox 1158 4168 1280 4220; x_wconf 80' lang='lat' dir='ltr'><strong>diversas</strong></span> <span class='ocrx_word' id='word_1_430' title='bbox 1301 4171 1394 4234; x_wconf 78' lang='lat' dir='ltr'><strong>parter</strong></span> 
     </span>
     <span class='ocr_line' id='line_1_45' title="bbox 302 4241 1393 4310; baseline -0.002 -14"><span class='ocrx_word' id='word_1_431' title='bbox 302 4250 369 4298; x_wconf 80' lang='lat' dir='ltr'><strong>recte</strong></span> <span class='ocrx_word' id='word_1_432' title='bbox 384 4245 642 4310; x_wconf 74' lang='lat' dir='ltr'><strong>vtvmdt1Hicordo</strong></span> <span class='ocrx_word' id='word_1_433' title='bbox 663 4241 830 4308; x_wconf 86' lang='lat' dir='ltr'><strong>simplicissi·</strong></span> <span class='ocrx_word' id='word_1_434' title='bbox 866 4242 1023 4294; x_wconf 79' lang='lat' dir='ltr'><strong>abeumtum</strong></span> <span class='ocrx_word' id='word_1_435' title='bbox 1044 4241 1220 4294; x_wconf 85' lang='lat' dir='ltr'><strong>mobilitatem</strong></span> <span class='ocrx_word' id='word_1_436' title='bbox 1243 4253 1393 4308; x_wconf 82' lang='lat' dir='ltr'><strong>eorumque</strong></span> 
     </span>
     <span class='ocr_line' id='line_1_46' title="bbox 303 4313 1391 4381; baseline -0.005 -8"><span class='ocrx_word' id='word_1_437' title='bbox 303 4334 365 4373; x_wconf 88' lang='lat' dir='ltr'><strong>mus</strong></span> <span class='ocrx_word' id='word_1_438' title='bbox 382 4323 409 4372; x_wconf 86' lang='lat' dir='ltr'><strong>et</strong></span> <span class='ocrx_word' id='word_1_439' title='bbox 425 4319 537 4371; x_wconf 87' lang='lat' dir='ltr'><strong>aCodd.</strong></span> <span class='ocrx_word' id='word_1_440' title='bbox 552 4319 616 4370; x_wconf 91' lang='lat' dir='ltr'><strong>satis</strong></span> <span class='ocrx_word' id='word_1_441' title='bbox 633 4317 754 4370; x_wconf 83' lang='lat' dir='ltr'><strong>firmatus</strong></span> <span class='ocrx_word' id='word_1_442' title='bbox 770 4317 798 4368; x_wconf 89' lang='lat' dir='ltr'><strong>b.</strong></span> <span class='ocrx_word' id='word_1_443' title='bbox 811 4313 827 4368; x_wconf 92' lang='grc' dir='ltr'><strong>Ι.</strong></span> <span class='ocrx_word' id='word_1_444' title='bbox 866 4314 952 4368; x_wconf 89' lang='lat' dir='ltr'><strong>calida</strong></span> <span class='ocrx_word' id='word_1_445' title='bbox 969 4315 1091 4378; x_wconf 78' lang='lat' dir='ltr'><strong>consilia,</strong></span> <span class='ocrx_word' id='word_1_446' title='bbox 1117 4315 1347 4381; x_wconf 67' lang='lat' dir='ltr'><strong>quaemadmodum</strong></span> <span class='ocrx_word' id='word_1_447' title='bbox 1365 4329 1391 4368; x_wconf 88' lang='lat' dir='ltr'><strong>v.</strong></span> 
     </span>
    </p>
   </div>
   <div class='ocr_carea' id='block_1_5' title="bbox 0 0 1600 4974">
    <p class='ocr_par' dir='ltr' id='par_1_8' title="bbox 0 0 1600 4974">
     <span class='ocr_line' id='line_1_47' title="bbox 0 0 1600 4974; baseline 0 2"><span class='ocrx_word' id='word_1_448' title='bbox 0 0 1600 4974; x_wconf 95' lang='lat' dir='ltr'><strong> </strong></span> 
     </span>
    </p>
   </div>
  </div>
 </body>
</html>
