3022 4984
585 443 645 494 tiis
662 441 807 494 Poenica.

200 598 263 678 Qui
286 597 394 666 studet
416 605 557 684 optatam
578 616 677 664 eursu
698 596 884 684 contingere
906 606 1039 673 metam,

200 718 297 786 liulta
318 718 389 786 tulit
409 719 549 806 fecitque
571 739 669 806 puer,
693 716 821 786 sudavit
842 727 875 784 et
897 717 984 794 alsit,

197 839 357 908 Abstinuit
378 861 498 908 venere
520 849 553 908 et
574 841 666 920 vinc;
689 840 746 928 qui
767 838 882 928 Pythia
903 847 1010 906 cantat

199 961 347 1040 Tibicen,
371 961 483 1030 didicit
504 962 595 1049 prius
617 961 828 1048 extimuitque
849 960 1046 1048 magistrum.
1184 962 1245 1028 lle

199 1083 267 1150 Neo
290 1081 368 1150 satis
390 1091 441 1150 est
461 1081 598 1150 dixisse:
622 1083 690 1170 ligo
712 1082 793 1148 mira
814 1089 964 1169 poemata
987 1101 1110 1172 pangc;

222 1287 279 1340 tlt.
301 1293 324 1339 et
344 1288 441 1338 Boccho
462 1287 593 1352 Excerpta
614 1288 798 1350 Frisingensie.
820 1315 846 1324 -
870 1287 927 1338 ile.
946 1289 1004 1339 Non
1020 1289 1052 1351 il,
1078 1289 1211 1355 pellique

190 1363 262 1428 apud
273 1361 431 1424 Gonodium,
449 1363 523 1412 Nesse
534 1362 618 1424 cibe,
633 1362 727 1424 LClFJ,
741 1361 826 1413 codd.
839 1362 957 1414 Monaec.
971 1367 999 1414 et
1009 1365 1127 1416 Pollierii
1137 1377 1213 1428 pree-

192 1439 234 1489 tar
249 1449 333 1487 unum
350 1449 457 1498 omnes,
476 1437 544 1487 Neon
556 1437 621 1488 cod.
635 1433 776 1488 Melitensis
793 1437 895 1488 secli.
915 1438 955 1501 (Ut
966 1450 1028 1500 nos,
1042 1438 1086 1499 Sd,
1106 1440 1165 1500 κσ.)
1181 1463 1207 1476 -

186 1512 284 1577 ΜΟ]
300 1513 369 1577 ΜΟ
385 1525 413 1576 Ρ·

157 1692 215 1741 riet.
242 1691 276 1741 lt
287 1690 348 1752 quill
360 1689 457 1752 proeli,
474 1689 503 1739 st
514 1681 552 1742 ἂν
563 1682 683 1750 ὠφελοῖ,
721 1688 832 1755 plicant,
857 1692 917 1754 «qui
937 1691 963 1742 in
980 1690 1049 1742 ludis
1067 1692 1166 1756 Pythiis
1183 1705 1245 1744 cum

158 1765 246 1816 minus
258 1766 300 1814 est
309 1761 502 1826 humiliusque,
519 1775 600 1827 quem
611 1763 685 1827 qnod
721 1763 778 1816 aliis
787 1765 939 1817 tibicinibus
951 1769 1062 1818 certat.»
1080 1765 1173 1818 Obstat
1184 1769 1247 1818 slm-

156 1839 244 1905 poselt
260 1838 401 1888 sententia.
428 1838 495 1887 Nam
513 1839 540 1887 el
552 1835 683 1900 Choerilo,
721 1837 782 1903 plen
793 1853 819 1890 v.
832 1845 934 1903 comat,
953 1840 1100 1904 quodsum
1108 1841 1247 1904 perfectam

157 1925 221 1966 com
240 1911 347 1964 incultis
364 1909 487 1962 versibus
507 1924 604 1963 aureos
623 1912 685 1962 Phi·
722 1913 858 1965 tibicinem
884 1927 945 1966 esse
970 1915 1114 1978 significat,
1141 1917 1169 1966 et
1193 1916 1246 1966 iam

157 1985 244 2052 lippos
253 1984 409 2046 abstulerat,
418 1985 516 2048 propitii
524 1984 686 2053 quidemru·
722 1991 783 2038 ante
801 1987 878 2040 ludos
896 1990 930 2040 ita
949 1989 1140 2050 exercitatum,
1158 1993 1188 2040 ut
1199 2003 1246 2040 ex-

95 2059 98 2068 *
159 2060 194 2112 de
206 2060 355 2124 ingenium
375 2057 531 2123 quantillum
542 2072 607 2109 vero
618 2061 684 2120 erat,
721 2060 793 2126 plodi
810 2061 845 2112 ab
857 2062 1009 2112 auditorum
1020 2075 1119 2112 corona
1132 2074 1184 2112 non
1197 2075 1247 2126 pe-

7 2164 12 2174 ·
87 2145 92 2156 ’
157 2135 232 2199 qnod
244 2135 340 2197 potitii,
358 2132 423 2184 vidit
433 2134 531 2197 optime
546 2132 626 2190 iudex
637 2135 685 2183 Po·
721 2135 859 2186 riclitetur.
874 2162 901 2172 -
914 2135 1001 2186 occis
1013 2136 1087 2197 pisto
1104 2135 1166 2200 eet]
1184 2137 1248 2186 Ver·

157 2209 290 2260 sterilae.»
310 2207 348 2258 ct.
361 2206 409 2258 od.
422 2206 452 2268 l,
470 2205 501 2268 i,
520 2208 553 2258 se
573 2219 633 2270 sqq.
654 2231 682 2244 -
721 2223 751 2260 ro
763 2223 806 2274 ep.
819 2210 933 2260 Nonium
945 2211 971 2261 in
982 2224 1008 2260 v.
1021 2211 1145 2262 raneos:
1162 2212 1246 2262 Prius·

159 2283 277 2334 coniurut
292 2281 380 2346 umine]
399 2282 574 2344 Frequentius
585 2281 637 2331 hac
648 2281 686 2330 si·
720 2296 799 2346 quom
822 2285 849 2334 iu
874 2283 1002 2334 orcistro
1023 2285 1155 2348 pythaules
1178 2286 1247 2348 inflet

158 2357 326 2421 gmfloatione
344 2357 387 2407 est
395 2369 422 2406 v.
434 2356 581 2418 conspirare
596 2354 631 2405 ad
643 2355 684 2404 in·
720 2359 805 2420 tibias,
832 2359 900 2409 domi
918 2372 979 2408 saeue
994 2358 1102 2409 rmuiees
1117 2360 1194 2422 ηφῑι.
1216 2387 1244 2396 -

158 2434 250 2484 timum
262 2430 467 2482 consensionem
480 2433 507 2481 et
518 2429 684 2482 coniunctio·
719 2433 771 2484 Nec
788 2431 850 2497 cet]
869 2433 984 2484 Tametsi
1001 2433 1157 2486 auctoritate
1169 2445 1246 2498 prse-

158 2519 220 2557 nem
238 2504 448 2569 exprimendam.
467 2506 496 2555 in
509 2507 622 2568 utroque
634 2517 685 2554 au·
720 2511 813 2572 gravet
829 2506 907 2558 lectio
919 2508 1001 2570 Nunc,
1020 2510 1109 2560 temen
1126 2507 1245 2573 prolecta

158 2578 684 2643 tamvsrnoetcoaturotetamiceerre
720 2583 826 2634 videtur
850 2582 885 2633 ab
912 2582 1033 2642 bomine,
1060 2583 1105 2647 qui
1123 2583 1187 2634 satis
1204 2583 1246 2632 in-

157 2656 199 2719 gla
219 2655 413 2720 prosopopoeia
430 2655 525 2714 utitur,
551 2653 586 2703 de
602 2655 684 2704 studio
720 2659 879 2722 tempestive
901 2655 951 2706 loci
975 2657 1120 2726 εἰρωνείαν
1146 2668 1245 2720 sugere

158 2732 186 2781 et
201 2730 235 2780 de
252 2729 352 2794 ispanio
369 2727 446 2792 quasi
463 2727 497 2778 ‹ie
512 2729 635 2792 personis
647 2727 685 2778 lo-
720 2731 842 2782 voluerit.
875 2731 906 2780 Et
923 2731 949 2782 in
966 2732 1047 2781 satira
1065 2730 1175 2794 quidem
1192 2728 1246 2779 lor·

159 2807 246 2856 cutus.
721 2807 792 2857 tasse
815 2807 889 2856 esset
907 2807 986 2868 apta;
1012 2803 1060 2854 sed
1079 2804 1101 2855 si
1118 2802 1145 2853 h.
1164 2801 1180 2852 i.
1199 2816 1247 2854 ao-

190 2877 312 2930 ils-lte.
342 2878 390 2940 Qut
405 2878 488 2928 codo
503 2877 566 2938 eet]
590 2877 684 2928 Peneis
721 2879 837 2930 curatius
863 2879 1026 2942 inspexeris,
1054 2876 1157 2928 videbis
1183 2873 1245 2926 nihii

158 2953 249 3004 verbis
261 2951 360 3004 educat
376 2953 483 3015 poetam
496 2964 511 3002 a
523 2951 623 3002 teneris
633 2965 684 3002 un·
720 2967 786 3004 sana
803 2953 921 3018 potuisse
938 2951 1062 3002 rusticius
1079 2950 1131 3001 dici
1148 2951 1174 3000 in
1192 2950 1247 3013 epi-

157 3026 284 3091 guiculis,
302 3029 332 3078 ut
348 3027 483 3076 oratorem
501 3024 683 3086 Quintilianus.
721 3027 803 3080 stole:
824 3027 907 3089 uirgo
919 3027 1046 3090 quoniam
1059 3038 1129 3076 nunc
1140 3025 1192 3076 hoc
1204 3024 1246 3074 di-

158 3104 335 3162 succursus
353 3101 453 3165 inquii,
467 3100 684 3152 assumtionem
720 3103 792 3154 nisse
809 3100 919 3163 sulficii,
947 3102 975 3150 tu
997 3113 1118 3166 quoque,
1145 3099 1245 3166 optime

157 3176 361 3243 praeparatione
379 3189 447 3240 opus
465 3177 506 3226 esi
522 3175 610 3226 lunum
621 3180 685 3240 po'e·
721 3178 793 3238 Piso,
812 3177 852 3226 sic
868 3175 974 3226 dicito·
999 3177 1099 3238 Atque,
1126 3176 1156 3224 ut
1172 3175 1245 3223 reete

158 3254 201 3302 tae
210 3271 233 3312 ,s
252 3263 335 3315 quem
350 3263 412 3301 cum
424 3263 535 3302 cursore
547 3248 684 3314 Olympico
721 3249 857 3302 Bentleius
868 3249 1007 3314 significet,
1019 3250 1041 3300 ai
1054 3248 1168 3312 antiquie
1181 3249 1247 3298 lem-

157 3327 355 3392 potiusquam,
369 3327 399 3375 ul
409 3323 502 3375 volunt
511 3323 682 3386 scholiastae,
721 3325 888 3392 poribuesne
897 3337 1033 3389 opponere
1043 3321 1178 3382 voluisset,
1188 3333 1248 3370 ver-

158 3413 221 3452 cum
244 3397 343 3451 athleta
360 3401 507 3463 comperet.
535 3400 573 3450 De
591 3399 632 3450 iris
649 3399 682 3450 cl.
721 3400 861 3470 bosaItem
872 3412 983 3450 mouere
995 3398 1148 3450 debuisset:
1164 3394 1246 3447 ·Olim

157 3473 347 3526 Tertullianum
364 3472 406 3524 Ad
423 3475 557 3537 martyres
575 3474 640 3538 Cap.
653 3473 682 3524 3:
721 3477 767 3540 qui
784 3475 834 3527 arti
850 3473 991 3536 studebat,
1002 3472 1131 3524 -·multe
1143 3470 1246 3522 ferebat

157 3550 251 3612 Nenipe
275 3550 341 3600 enim
357 3554 381 3599 et
396 3549 504 3600 amous
520 3554 685 3614 uprepomw
720 3563 800 3616 puer:
814 3563 886 3601 nuno
898 3551 989 3601 contm
1001 3551 1067 3600 ast.»
1086 3545 1245 3610 (Diilenbur-

158 3625 193 3674 αα
207 3625 357 3674 strietiorem
367 3623 541 3686 disciplinam
558 3629 587 3674 ut
599 3623 685 3674 rocos
720 3639 768 3689 gar
791 3624 901 3690 quidem
925 3622 1050 3688 praetulit
1065 3624 1149 3680 Num,
1177 3619 1244 3668 haec

157 3700 314 3764 mellicam
328 3703 432 3758 occec,
450 3699 685 3750 contrementiu-
720 3701 865 3750 annotans:
885 3699 968 3750 «Setis
986 3700 1029 3749 est
1042 3697 1137 3749 nostris
1147 3692 1242 3756 poetis,

156 3773 251 3835 mio,
278 3785 296 3824 u
319 3772 380 3824 cibit
404 3772 565 3835 loinioribam
591 3779 685 3838 opatu
721 3778 751 3826 ut
767 3774 882 3826 dicant.»
900 3774 1090 3830 connectio,
1110 3767 1244 3832 quemvi-

157 3850 318 3906 orosam
334 3849 686 3912 communerationem·
721 3850 770 3902 des
792 3849 887 3914 legisse
909 3850 936 3899 in
958 3860 1006 3900 suo
1028 3841 1151 3908 exemplo
1167 3855 1243 3904 nunc,

157 3925 286 3989 &quotum
304 3923 685 3986 qtmolopiusieooeercs'tutio-
721 3937 775 3974 non
791 3937 850 3984 nec;
877 3935 964 3987 neque
986 3917 1062 3968 aliter
1081 3918 1165 3968 Acro:
1194 3917 1243 3968 sin

157 3999 230 4051 mous
244 3998 429 4061 luborwen'nt,
449 4003 519 4048 tusto
532 3997 592 4059 ples
603 3999 633 4048 da
648 3999 685 4048 ei-
720 3999 768 4048 ior
785 3999 860 4062 copia
883 3994 1065 4058 imperitorum
1081 3990 1179 4043 sufficit
1195 3989 1244 4042 uli-

157 4074 240 4124 clorio
255 4077 365 4136 wael.
380 4099 408 4110 -
422 4072 465 4135 qui
482 4071 572 4133 mitta
588 4073 683 4137 osmi]
721 4073 764 4122 cui
781 4085 842 4124 sese
861 4070 983 4122 iactare.»
1012 4065 1175 4130 Comprobat
1195 4078 1244 4116 co-

158 4148 319 4210 certamina,
347 4142 535 4211 ιΠυθαὺλης,
554 4148 576 4196 is
594 4147 639 4211 qui
657 4148 684 4198 in
721 4147 811 4198 dicum
822 4143 964 4195 auctoritas
976 4142 1004 4192 el
1015 4139 1154 4192 tetiusloci
1165 4153 1244 4192 ecer-

159 4221 258 4284 Pythiis
266 4221 392 4286 Apollinis
401 4223 537 4274 certamen
550 4233 613 4272 cum
624 4221 684 4272 dra-
720 4219 814 4271 bites.»
846 4217 907 4268 Mihi
932 4217 1006 4267 cerie
1032 4228 1086 4266 uon
1110 4215 1244 4280 persuasit

159 4308 227 4348 cone
244 4297 338 4361 Pythio
361 4295 424 4348 tibia
448 4296 544 4348 canit.»
570 4293 618 4348 Alii
635 4309 683 4348 ex·
720 4290 858 4345 laudabilis
867 4291 1023 4356 ceteroquin
1031 4289 1182 4355 interpres.)
1194 4291 1244 4342 iio-
