3082 4968
557 477 619 529 ΠΒ.
639 481 658 531 i.
694 481 761 533 sii.
781 483 812 534 X.

187 627 256 692 Non
278 626 363 695 ridet
384 649 500 697 versus
522 633 602 699 Enni
623 637 778 723 gravitate
800 635 958 724 minores,

185 747 266 814 Cum
289 748 332 816 de
354 770 391 817 se
412 751 556 840 loquitur
577 777 641 822 non
663 768 698 824 ut
720 762 841 828 maiore
864 769 1052 852 reprensis?
1189 778 1231 842 55

186 867 271 948 Quid
293 881 380 938 vetat
401 883 434 941 et
453 887 580 944 nosmet
601 879 701 946 Lucili
723 883 843 970 scripta
863 883 1008 974 legentes

185 992 366 1072 Quaerere,
392 1016 468 1062 num
489 995 589 1076 illius,
612 1020 691 1068 num
712 1007 821 1071 rerum
842 1005 924 1076 dura
946 1013 1070 1099 negarit

187 1113 372 1182 Versiculos
393 1125 508 1184 natura
529 1121 631 1208 magis
653 1121 754 1190 iactos
774 1137 808 1192 et
829 1139 944 1197 euntes

185 1235 325 1314 llollius,
350 1258 389 1305 ac
412 1241 438 1304 si
460 1239 534 1326 quis
555 1240 695 1329 pedibus
716 1245 795 1331 quid
816 1247 970 1318 claudere
992 1257 1094 1337 senis,

207 1462 248 1513 45.
260 1463 381 1526 tapsum
398 1479 449 1516 uou
459 1471 488 1516 ut
497 1469 596 1519 maiore
606 1468 741 1534 distinguit
750 1472 776 1523 hl
787 1485 850 1524 curn
861 1474 996 1542 plerisque
1014 1481 1095 1545 Edd,
1114 1487 1194 1539 etiam

175 1536 296 1599 Bentleii,
316 1539 473 1602 lleludorfii,
491 1542 638 1594 Kirchneri.
659 1569 687 1581 ·-
715 1544 756 1595 59.
774 1553 802 1596 at
818 1549 839 1598 e·
856 1563 918 1601 oum
935 1551 1036 1606 hldlnis
1054 1557 1099 1619 Lt,
1117 1567 1146 1610 ot
1163 1565 1195 1612 rit

175 1610 267 1661 hamb.
287 1613 313 1662 in
337 1614 503 1674 comment,
530 1617 602 1666 cosi
623 1619 736 1671 Dacierii
753 1635 900 1689 rursusque
917 1628 1050 1693 Doeriugii
1066 1637 1191 1698 suspicio.

174 1685 215 1747 (oc
231 1687 253 1735 si
270 1689 350 1737 utinm
367 1688 451 1738 Bentl.
471 1689 687 1756 «cumpluribus
703 1698 731 1746 et
747 1696 864 1750 nachoris
881 1704 959 1752 notae
978 1703 1157 1772 codicibus»)

142 1881 217 1944 quusi
236 1876 364 1938 Lucilius,
391 1891 454 1930 cum
471 1877 505 1929 de
522 1891 552 1930 ee
569 1877 665 1943 loque·
701 1883 775 1944 gratu
791 1885 886 1936 natura
908 1887 934 1937 in
955 1901 1036 1941 carisa
1059 1891 1150 1958 luerit,
1178 1910 1226 1948 our

140 1960 226 2018 retur,
253 1954 310 2006 nliis
335 1953 460 2005 omnihus
480 1967 497 2004 a
514 1966 544 2005 se
569 1967 664 2019 repre·
700 1957 755 2008 tem
772 1957 885 2010 scahros
902 1973 997 2014 versus
1019 1965 1142 2018 iuderlt.»
1170 1973 1226 2024 Nec

139 2031 230 2082 heusis
241 2043 271 2082 se
288 2029 424 2096 praeferre
436 2026 528 2080 solitus
539 2029 581 2079 sit.
602 2028 665 2091 (Sci-
700 2041 764 2081 vero
781 2043 844 2082 cunr
856 2033 1009 2088 lleindorfio
1020 2039 1099 2092 velim
1111 2041 1226 2099 alterum

138 2105 199 2156 licet
214 2106 332 2168 Doeriug
353 2103 449 2169 allique
471 2105 509 2155 sic
530 2104 663 2168 interpre-
699 2116 760 2154 uren
777 2105 911 2171 explicare
929 2125 1013 2165 unum
1029 2117 1149 2179 potius»;
1175 2121 1225 2171 sed

139 2183 240 2231 tantur:
261 2182 346 2230 «Cum
362 2177 476 2230 Lucilius
488 2177 522 2230 de
533 2192 564 2230 se
575 2178 664 2243 loqui·
698 2191 749 2242 pro
766 2181 897 2235 membris
913 2185 1108 2258 παραλλήλοις
1124 2193 1222 2258 haheo,

138 2258 191 2316 tur,
210 2266 300 2305 nonne
317 2255 352 2303 ita
367 2251 483 2318 loquitur
494 2266 526 2302 ac
537 2254 559 2304 si
575 2255 664 2318 potior
700 2251 767 2304 duas
785 2267 894 2320 causas,
911 2261 963 2311 sed
980 2262 1142 2330 dubitanter,
1161 2267 1225 2320 alie-

136 2332 208 2382 esset
225 2331 270 2390 iis,
289 2341 358 2391 quos
370 2327 582 2392 reprehenditis)
594 2326 662 2378 Nihil
698 2327 831 2392 rentibus,
851 2345 900 2382 cur
910 2335 982 2386 haud
993 2351 1079 2402 pauca
1091 2342 1162 2406 apud
1174 2345 1225 2394 Lu·

136 2407 221 2470 magis
244 2405 279 2455 ah
297 2405 395 2455 llorntii
419 2402 527 2454 consilio
545 2400 660 2453 alienum
699 2399 787 2453 cilium
813 2405 901 2457 minus
925 2411 1045 2473 perlecta
1069 2415 1130 2468 siut.
1173 2417 1222 2468 llic

135 2493 217 2545 qnam
241 2479 412 2530 stultissimae
433 2478 513 2528 huius
534 2489 662 2540 arr-ogau·
698 2487 805 2539 quoque
823 2492 905 2543 quam
922 2486 1038 2537 maxime
1055 2491 1145 2552 potest
1161 2504 1223 2555 par.

135 2557 185 2606 tiae
212 2554 379 2613 criminati03
406 2554 488 2603 utitur
512 2553 584 2602 enim
609 2551 660 2601 hnc
698 2550 741 2600 cet
765 2551 878 2604 Lucilio:
905 2569 968 2608 num
991 2563 1064 2611 certo
1090 2563 1117 2613 in
1138 2563 1222 2616 altero

134 2633 251 2691 ratione,
271 2633 301 2680 ut
316 2629 468 2683 libertatem
485 2625 557 2678 iliam
573 2626 616 2676 vel
632 2627 660 2678 in
697 2623 890 2678 memorosum
900 2637 1047 2685 remmoet.
1059 2637 1129 2688 inest
1140 2651 1223 2703 quae·

133 2707 237 2770 optimo
262 2707 386 2768 poemate
414 2707 503 2769 partes
528 2701 659 2766 quaedam
696 2696 759 2748 dam
776 2705 924 2766 excusatio,
951 2709 986 2758 ita
1008 2711 1098 2763 tamen
1116 2717 1145 2764 ut
1166 2718 1222 2766 stn-

133 2779 351 2845 reprehendendi
368 2779 421 2830 iam
432 2781 519 2844 ipsum
531 2775 659 2828 Lucilium
696 2771 744 2822 tim
761 2774 903 2841 significet,
931 2783 1076 2835 marimum
1089 2799 1219 2840 versuum

132 2857 258 2908 secutum
275 2855 558 2918 ostendatdocenique
571 2854 660 2904 omui·
697 2849 864 2912 asperiorum
886 2854 992 2920 culpam
1015 2858 1095 2909 trlhui
1118 2861 1220 2915 dehere

132 2944 165 2982 uo
183 2944 278 2982 emm
295 2943 354 2992 ρος,
382 2923 428 2994 qui
449 2929 600 2982 huiusmodi
618 2930 659 2978 ju.
696 2923 793 2974 nimiae
812 2925 968 2981 festinationi
984 2944 1016 2982 ac
1033 2933 1218 2997 negligentiae.

132 3009 200 3059 dicia
218 3019 329 3070 semper
346 3005 500 3070 esuperhia
512 3006 585 3056 nasci
597 3013 659 3054 cre-
698 3021 726 3033 -
744 2999 826 3063 mucis
840 3002 929 3068 sectos]
952 3007 1069 3057 «maiore
1086 3011 1143 3060 arte
1161 3009 1219 3062 elu-

131 3082 204 3133 dant.
240 3083 333 3145 ltaque
352 3081 504 3130 necessario
515 3081 567 3130 hoc
579 3078 657 3130 dicit:
695 3070 833 3134 boratosu
862 3079 892 3127 ut
920 3081 1012 3130 Graeci
1039 3087 1220 3150 πεποιημένα

131 3171 215 3209 «onec
235 3159 326 3207 tamen
342 3153 456 3220 Lucilius
474 3157 510 3206 ita
527 3154 655 3218 loquitur,
695 3145 801 3209 dicunt.
820 3159 889 3213 quae
907 3165 970 3203 cum
987 3158 1045 3206 erte
1062 3154 1130 3208 elata
1146 3165 1217 3213 eunt.

130 3233 207 3298 quasi
235 3229 285 3281 illis
307 3232 394 3281 maior
418 3231 463 3292 sit,
493 3241 581 3293 neque
608 3241 657 3292 ego
694 3221 802 3284 L⁰¹¹ssin
822 3223 850 3273 8:
870 3229 1066 3296 πεποιημένην
1082 3227 1219 3296 ugiente

129 3315 184 3361 tem
195 3319 259 3360 snm
272 3319 412 3370 arrogans,
425 3309 463 3368 ut,
476 3307 549 3370 quod
561 3304 657 3357 inculta
694 3293 842 3365 τροπικήν,
853 3301 896 3350 cui
908 3305 1060 3366 opponitur:
1072 3301 1106 3357 τὸ
1117 3303 1220 3376 ἀποίη-

129 3388 156 3436 et
171 3381 508 3447 negligentioraquaedam
524 3383 552 3432 in
568 3379 657 3432 Lucilii
694 3382 753 3420 1⁰⁹·
775 3373 912 3457 ,nemete
935 3376 1009 3428 Phul.
1031 3379 1075 3430 28:
1105 3377 1219 3434 ἁπλοῦν

129 3461 221 3510 Satiris
245 3457 319 3517 dcc,
346 3469 390 3507 me
409 3455 443 3506 illi
462 3457 655 3520 praetoremn»
693 3445 743 3496 καὶ
765 3448 907 3514 ariolator
931 3447 1071 3512 βούλεται
1088 3451 1161 3508 εἶναι
1182 3455 1243 3510 τὸ.

129 3537 182 3586 Nec
199 3532 278 3584 aliter
293 3530 376 3582 verba
394 3529 501 3594 intelligi
521 3543 657 3595 gramma-
694 3519 797 3586 πάθος·
833 3527 887 3576 Cic·
901 3525 936 3578 de
953 3528 1024 3580 Orat.
1038 3530 1067 3594 3,
1086 3531 1133 3594 48,
1153 3533 1216 3585 484;

129 3610 178 3658 tien
195 3609 265 3658 ratio
277 3606 355 3664 siuit;
374 3608 403 3656 ut
414 3606 485 3656 enim
497 3605 608 3667 demus,
629 3605 656 3656 in
693 3601 845 3663 mmmm,
865 3615 930 3664 quae
945 3605 1045 3664 quidun
1058 3607 1090 3656 sit
1101 3607 1184 3669 potito
1194 3613 1218 3660 et

127 3681 195 3733 duas
212 3681 360 3732 sententias
375 3693 486 3731 versum
502 3679 612 3730 distrahi
629 3683 657 3730 et
690 3672 761 3734 siwia
772 3677 881 3736 quodum
890 3678 972 3727 modo.
991 3680 1063 3730 Brut.
1074 3681 1098 3741 8,
1111 3680 1143 3730 30
1155 3695 1160 3728 :
1174 3695 1217 3732 oc-

126 3755 246 3822 suppleri
256 3767 337 3820 posse
348 3755 469 3818 munitur,
484 3758 558 3806 certe
571 3755 655 3806 omitti
691 3755 783 3798 cureio
798 3755 822 3800 ot
836 3752 907 3815 [octo
919 3753 1028 3814 quom
1037 3755 1111 3802 modo
1122 3757 1214 3806 oratio

126 3846 181 3882 non
213 3832 320 3896 poterat
350 3831 512 3894 praepositio
540 3831 601 3880 ante
627 3843 652 3878 v.
723 3823 811 3875 illiti.
841 3827 1215 3893 coeciliumque

125 3909 250 3958 maiore.»
277 3905 502 3968 hluovrnopuscc.
516 3906 535 3954 i.
548 3917 575 3970 p.
595 3902 652 3954 406.
690 3899 747 3965 ipse
771 3901 853 3951 nimia
875 3900 1042 3952 testinatione
1065 3915 1129 3954 usus
1146 3903 1215 3955 eiiu-

157 3981 199 4031 ni.
218 3981 260 4032 58.
279 3993 341 4030 mon
357 3979 424 4029 titire
440 3979 503 4044 cet]
522 3993 603 4030 unum
620 3977 653 4028 il·
690 3976 771 4025 tivit·
808 3977 848 4025 De
873 3974 1008 4039 particulis
1034 3989 1065 4025 oc
1088 3978 1116 4026 et
1139 3981 1215 4041 cique

124 4053 175 4105 iius
199 4055 338 4118 ingenium
355 4065 387 4103 ac
411 4053 523 4105 incidias
546 4055 651 4118 poetica
688 4052 750 4115 post
774 4051 985 4115 comparativum
1002 4049 1063 4100 vide
1088 4063 1168 4116 supra
1185 4066 1212 4106 v.

123 4143 177 4180 non
200 4132 266 4180 setis
287 4128 402 4191 henigne
424 4129 568 4191 minusque
589 4130 652 4192 epta
688 4125 729 4177 ai.
749 4127 776 4176 et
801 4123 835 4175 ud
860 4126 913 4176 Sat.
936 4125 964 4184 4,
986 4125 1016 4186 6,
1043 4125 1099 4176 430.
1124 4153 1151 4162 -
1165 4137 1214 4190 pe=

123 4205 158 4255 nd
176 4202 362 4270 componenda
383 4206 509 4268 poemate
526 4202 651 4254 omnihus
687 4201 758 4251 dioro
773 4227 788 4238 -
804 4201 920 4250 etcum
943 4199 1020 4264 seru]
1045 4201 1098 4252 sat.
1121 4201 1151 4264 i,
1178 4204 1209 4266 4,

123 4281 243 4330 numeris
260 4277 396 4339 absoluta,
422 4289 488 4328 num
507 4290 651 4340 argumen-
687 4275 733 4326 28:
770 4288 810 4324 ure
834 4274 938 4336 peditus
965 4274 1068 4326 ddeetot
1095 4276 1212 4329 choum

122 4357 212 4405 tornnr
233 4354 357 4418 ipsorum
377 4349 490 4402 difficilis
511 4352 592 4415 atquo
608 4352 650 4402 in·
685 4351 763 4403 veho
778 4349 858 4400 lucili
873 4349 935 4402 rite
971 4349 1046 4401 Coni.
1065 4351 1100 4402 nd
1116 4351 1169 4401 Set.
1184 4351 1208 4414 i,

208 4443 303 4492 fleur.
321 4451 378 4492 von.
395 4441 422 4488 ll.
452 4454 492 4490 nn.
508 4453 561 4490 rur.
577 4441 614 4490 lll.
980 4441 1008 4488 ii
