3174 4974
590 421 665 507 'ua
686 457 705 506 ι.
741 457 838 508 arisi.
856 457 945 508 xviii.
1259 459 1322 524 669

277 615 357 689 Nec,
381 633 455 678 oum
477 612 587 678 venari
611 611 697 680 volet
720 611 788 690 ille,
812 620 963 701 po'ematu
986 634 1117 704 paugcs.
1280 617 1322 682 to

255 709 386 801 'Gratia
408 733 455 801 sic
476 734 608 800 fratrum
630 734 846 821 geminorum,
869 734 1056 823 Amphionis
1079 749 1175 825 atque

276 855 381 934 Zethi,
405 855 557 930 dissiluit,
582 854 687 924 donec
708 865 862 944 suspecta
883 876 1000 924 severo
1056 828 1058 841 Ι

277 977 434 1044 Conticuit
454 976 535 1064 lyra.
579 976 741 1042 Fraternis
764 977 904 1044 cessisse
926 989 1057 1066 putatur

276 1099 419 1166 llorihus
440 1097 614 1186 Amphion:
637 1109 671 1164 tu
693 1096 774 1164 cede
797 1099 936 1186 potentis
958 1101 1052 1168 amici

276 1221 417 1288 Lenibus
440 1219 599 1308 imperiis,
623 1219 818 1308 quotiesque
840 1219 958 1288 aduret
980 1222 1010 1287 iu
1033 1243 1129 1312 agros
1279 1227 1320 1292 66

275 1341 396 1410 Aetolis
418 1351 551 1408 onerata
572 1339 677 1428 plagis
698 1341 840 1408 iumenta
862 1362 1043 1430 canesque,

299 1503 342 1555 66.
368 1503 480 1566 qrmtiem
503 1503 588 1552 educat
604 1503 634 1563 S,
662 1504 755 1567 plectier
779 1516 877 1565 quoque
901 1504 969 1553 ducit
984 1516 1011 1568 p.
1034 1533 1059 1542 -
1079 1504 1120 1558 io.
1138 1507 1239 1568 Aeoliis,
1258 1511 1287 1560 ut

268 1579 380 1630 coniecit
396 1576 502 1639 Vlltius,
521 1577 587 1628 cod.
600 1579 712 1640 Franeq
727 1580 754 1627 et
771 1590 810 1642 pr.
825 1577 851 1626 d

234 1715 288 1762 stra
306 1709 446 1760 dumtaxat
460 1705 601 1757 laudabilia
620 1721 680 1758 esse
696 1720 759 1757 οοιι-
795 1701 988 1796 ἀσύιιφσρον,
1019 1702 1134 1780 Ἀργὸν,
1169 1711 1317 1776 φίλοινον,

234 1785 380 1844 tendimus,
404 1781 502 1842 aliena,
527 1783 631 1846 patroni
652 1782 758 1846 praeci·
794 1777 1100 1870 χρημάτωνάιημελῆ,
1117 1785 1242 1850 idemlll.
1255 1789 1316 1852 hta)

233 1873 299 1925 pue,
317 1858 404 1911 studia
420 1857 601 1908 detrectamus
617 1871 649 1906 uc
666 1869 758 1920 repre-
794 1854 901 1910 τοιαῦτ’
930 1849 1022 1920 ἄειδε,
1051 1859 1100 1910 uod
1128 1855 1222 1924 δόξεις
1248 1877 1320 1934 φρο-

234 1934 402 1986 hendimue.»
412 1931 755 1997 -ιιοιιιιοιορσιιριι]Α.Ρ.
794 1935 867 1993 νεῖν,
893 1927 1048 1994 Suriates,
1074 1927 1153 2004 ἀρῶν
1169 1933 1232 2004 γῆν,
1253 1951 1319 1988 ποι-

233 2008 296 2060 lte:
315 2008 447 2072 Epontiro
461 2009 583 2069 palmato
593 2020 688 2070 poppo.
714 2006 757 2054 Sic
793 2005 1069 2071 μνίωνέπιοτοιτῶν,
1080 2005 1319 2078 Αλλοιςτάιιομ-

234 2085 312 2134 etium
335 2085 361 2134 in
384 2095 464 2147 prosa
486 2083 613 2131 oratione.
646 2081 700 2132 Cic.
723 2079 757 2129 ad
794 2077 842 2144 ψὰ
857 2084 935 2132 vaur
954 2077 1040 2145 ἀφεὶς
1058 2085 1245 2150 σοφίσματα,
1270 2081 1317 2152 Ἐξ

233 2159 305 2210 Fam.
320 2160 363 2219 66,
384 2159 427 2220 68,
447 2158 476 2208 3·
500 2159 538 2209 Ao
551 2158 644 2221 ponpis
660 2156 758 2218 aliquid
794 2171 834 2204 ων
843 2163 970 2206 κενοισιιι
978 2154 1195 2223 εγιιαιοιιιησεις
1205 2155 1316 2225 δομοις

233 2197 401 2295 Sophocleum.
437 2235 516 2298 'Propi
543 2233 616 2294 origo
640 2231 757 2282 cernitur
794 2231 880 2281 Schol.
894 2231 936 2280 ‘ad
962 2230 1025 2282 Plat.
1048 2235 1125 2296 Gorg.
1147 2248 1173 2298 p.
1195 2234 1253 2286 686.
1277 2237 1315 2300 (Ν,

233 2308 260 2357 in
277 2306 439 2358 Columellas
457 2307 500 2358 illo
518 2308 561 2368 to,
579 2307 643 2357 25⁴:
662 2305 758 2356 cmlii·
793 2305 854 2368 hez)
887 2301 983 2371 Ζῆθός
1009 2321 1083 2372 φησι
1108 2303 1147 2374 sq]
1171 2303 1316 2374 Ἀμφίονι,

232 2387 288 2432 tero
309 2383 432 2444 mammo
457 2384 558 2445 pilosas
584 2382 706 2444 Punpitor
729 2381 756 2430 ιἰι
792 2377 924 2447 μουσικῷ
943 2375 1013 2441 ὄντι,
1029 2376 1131 2446 Ῥῐψσν
1149 2379 1201 2450 τὴν
1216 2381 1316 2457 λύραν,

232 2469 291 2507 cora
314 2457 379 2506 ducti
402 2453 754 2518 ιιιιιοιοιιι(ε661ο)ιιιοςιἰιν6.
793 2449 1318 2525 κέχρησοδὲὸιιλοις.-οιεειέειριι-

264 2531 311 2582 it·
313 2529 353 2581 66.
384 2531 476 2581 Gratia
502 2532 537 2582 sic
559 2531 671 2592 fratrom
693 2529 755 2594 eet]
793 2531 870 2595 tatur]
890 2533 1000 2594 «cessit,
1027 2535 1056 2582 ut
1074 2533 1180 2584 trudunt
1204 2539 1315 2599 poetae,

234 2607 360 2668 Propter
369 2603 484 2656 simdem
496 2605 646 2656 studiorum
658 2604 758 2654 discre-
794 2607 891 2669 quihus
921 2621 970 2658 nos
1000 2608 1199 2660 accredimus.»
1237 2613 1317 2662 Recte

232 2681 349 2744 pontiam
373 2681 462 2730 ortum
484 2683 525 2730 est
542 2679 684 2744 aliquando
701 2677 757 2729 dis-
794 2682 915 2743 Pagnini:
934 2683 960 2731 6
972 2695 1059 2732 emese
1070 2680 1093 2745 (ι’
1109 2683 1251 2748 famulatio
1263 2687 1318 2748 (ια-

233 2754 331 2804 cidium
344 2755 414 2806 inter
425 2755 493 2806 lovis
503 2756 530 2805 et
537 2754 666 2818 Antiopae
678 2752 755 2812 filios,
793 2760 862 2804 εειιιιι
871 2757 960 2819 eapite.
989 2757 1071 2816 Voss,
1084 2757 1198 2818 Merkel,
1213 2760 1316 2823 Goupy,

233 2829 422 2892 Amphionem,
446 2831 488 2880 cui
506 2829 653 2880 Mercurius
670 2826 757 2890 lyram
794 2826 836 2878 alii
858 2829 1018 2892 interpretes
1039 2843 1065 2878 ι,
1083 2835 1191 2890 potator
1207 2844 1317 2894 prorsus

233 2901 303 2953 illam
320 2915 459 2954 murorum
480 2903 669 2954 Thebanorum
690 2914 757 2951 con·
794 2903 925 2953 omittunt.
948 2930 974 2938 -
993 2902 1113 2967 Moribus]
1134 2905 1249 2969 «qnippe
1272 2908 1317 2969 qui

233 2977 354 3028 diti-icem
366 2977 513 3028 donaverat
525 2977 581 3039 (06,
595 2977 624 3036 3,
645 2975 671 3025 lt
685 3013 690 3036 ,
710 2976 755 3036 6,),
794 2978 880 3028 iratris
897 2977 1079 3028 morositatem
1091 2976 1201 3041 pulchre
1215 2985 1315 3042 nosset,

233 3054 259 3102 et
279 3051 403 3112 Zethum,
428 3054 564 3115 pastorem
584 3053 664 3114 utque
687 3050 757 3112 agri-
794 3052 888 3112 cessit,
907 3065 940 3102 ne
959 3050 1125 3115 implacabile
1140 3053 1231 3105 odium
1249 3056 1318 3106 inter

233 3125 331 3186 colam,
357 3126 420 3176 artis
447 3127 564 3176 musicae
587 3126 757 3188 contempto·
793 3125 889 3176 amhos
907 3127 1046 3177 oriretur.»
1060 3153 1088 3163 -
1102 3128 1232 3194 Amphion]
1245 3133 1318 3180 Post-

233 3213 303 3258 rem,
323 3204 351 3249 et
366 3200 473 3250 omuino
495 3200 632 3250 hominem
653 3201 753 3248 domm.
794 3213 874 3263 quant
893 3199 1031 3263 respondit
1048 3199 1117 3262 (Eur.
1134 3202 1174 3252 Fr
1189 3201 1249 3264 30.);
1276 3199 1317 3254 Τὸ

234 3275 403 3340 (Properti
418 3274 462 3336 ll,
481 3275 548 3338 thil»
536 3277 690 3324 Attamen
702 3274 757 3324 ira
793 3268 954 3336 ὅοῖοθενές
969 3289 1027 3338 μου
1045 3275 1095 3324 καὶ
1111 3270 1197 3325 eder
1189 3271 1238 3340 ilo
1256 3273 1317 3326 σώ-

233 3353 288 3401 tres
305 3350 374 3399 inter
391 3363 419 3400 se
438 3351 464 3400 in
482 3350 593 3412 gratiam
608 3348 754 3411 redierunt,
792 3363 886 3414 ματος
902 3345 1006 3411 Κοινῶς
1019 3349 1183 3416 ἐμέμφθης·
1201 3352 1250 3403 καὶ
1261 3348 1317 3440 γοὶρ

232 3423 679 3488 conciliantaeosmatrehntiopa
692 3426 756 3474 Tota
794 3426 820 3476 εἰ
844 3429 962 3496 φρονεῖν
988 3440 1059 3486 εχω,
1089 3425 1232 3497 Κρεῑοσον
1256 3424 1316 3478 τόδ

232 3498 266 3549 de
283 3496 372 3548 tabula
390 3497 423 3548 cl.
443 3496 565 3548 Welclier
584 3513 624 3562 pr.
641 3499 754 3564 llopmp
792 3514 855 3551 εστι
872 3514 1011 3570 καριερου
1032 3499 1203 3570 βραχίονος,
1229 3501 1317 3566 lyram

231 3572 337 3624 8l8.-
310 3571 469 3636 -diasiloih
488 3571 626 3624 mataritae
646 3572 756 3624 discissa
793 3574 843 3625 sub
853 3574 995 3637 chlamyde
1005 3574 1116 3637 abdidit
1127 3579 1156 3626 ut
1165 3579 1223 3626 est
1216 3591 1242 3627 m
1255 3590 1317 3627 ana-

232 3648 354 3696 eet.»-
328 3651 495 3709 -suxpecto
517 3647 614 3712 seuero]
643 3648 754 3708 «invisa,
793 3647 891 3713 glypho
903 3649 974 3712 apud
989 3648 1191 3700 Winckelmunn
1203 3653 1315 3702 Μοιιιιιιι,

232 3731 314 3782 quam
331 3719 425 3772 oderat
441 3721 523 3772 homo
540 3735 652 3772 severus
670 3724 697 3772 et
709 3724 756 3772 tri-
791 3724 857 3774 ined.
877 3722 933 3773 Vol.
955 3724 980 3774 h.
1003 3737 1028 3787 p.
1053 3723 1110 3774 663.
1139 3725 1318 3788 Amphionem

231 3795 293 3856 stis,
320 3795 411 3858 utpote
430 3808 499 3859 quae
517 3796 650 3858 ignaviae,
677 3795 756 3846 volu·
793 3801 820 3847 et
840 3798 953 3849 Zethum
975 3799 1073 3848 Dircen
1093 3800 1234 3862 punientes
1256 3798 1317 3851 vide

231 3869 310 3932 plutis
338 3868 501 3930 damnosae,
535 3869 755 3932 intemperantiae
793 3874 818 3923 in
836 3871 929 3924 hldllar
944 3872 1049 3922 Derim.
1064 3873 1105 3922 lV.
1120 3875 1150 3923 N.
1164 3874 1222 3922 eta.
1236 3885 1260 3923 a.

231 3943 439 3994 instrumentum
456 3947 536 3994 esset.
566 3943 640 3993 Zethi
663 3946 756 3993 trudu-
825 3945 912 3996 66-60,
934 3947 1039 3997 tonum
1055 3947 1173 4012 imperiis]
1194 3949 1276 3998 ιΝιιιιι
1293 3950 1316 3999 si

230 4015 339 4068 lentiam
367 4015 437 4068 hene
467 4018 599 4082 expressit
626 4018 756 4068 Pacuvius
793 4032 856 4068 vera
873 4019 1034 4072 tibiamicue
1047 4025 1100 4082 est,
1120 4034 1256 4085 nunquam
1269 4022 1317 4074 du·

230 4091 283 4140 hoc
300 4090 445 4142 versiculo:
472 4090 693 4153 limitehiliterqm
713 4091 756 4140 ιἰι-
792 4106 821 4142 ιι
833 4092 875 4144 vel
892 4095 1042 4158 importuna
1061 4097 1139 4144 eruut
1155 4096 1212 4146 aius
1230 4097 1314 4158 iussa;

230 4179 336 4228 erepere
352 4166 424 4216 dietis
440 4167 520 4216 saeuis
535 4165 635 4228 ιἰιιιιιίις
655 4167 682 4215 et
701 4165 755 4215 Eu·
792 4179 846 4231 quo
863 4165 963 4216 lucilius
980 4170 1009 4216 tu
1023 4180 1055 4216 aa
1067 4170 1177 4232 exsequi
1187 4171 1315 4234 poteris.»

199 4231 202 4236 ’
231 4240 331 4305 ripides
343 4241 454 4304 (Fragm.
464 4238 542 4290 Dind.
555 4254 582 4304 p.
595 4239 636 4292 83.
651 4242 681 4290 Ν,
692 4239 752 4303 hil:
795 4268 822 4277 -
845 4240 943 4305 Aetolh]
968 4239 1117 4304 «Meleager
1140 4242 1315 4308 Calydonium

231 4311 354 4366 Μοῦσάν
386 4317 437 4365 τιν’
466 4308 577 4365 ἄτοπον
611 4311 753 4382 εἰσάγεις,
791 4327 887 4380 aprum
905 4313 999 4366 nobilis
1016 4317 1127 4366 venator
1139 4320 1250 4382 excepit.
1274 4319 1315 4368 lu-
