3090 4974
304 439 366 504 700
733 481 736 487 2
786 439 915 491 uorem

370 1157 410 1206 55.
432 1157 535 1221 Virgilio
554 1157 669 1219 Varoque
685 1167 819 1221 superscr.
840 1155 894 1216 44),
916 1155 1066 1220 Vergilioque
1085 1155 1200 1218 Varoque
1216 1155 1244 1206 Τ.
1269 1183 1298 1192 -
1317 1155 1359 1204 ee.

331 1231 426 1294 eosdm
450 1233 574 1295 quattuor
592 1231 672 1295 liegii.
698 1231 798 1293 (Nostri
810 1231 936 1293 posuere.)
959 1257 986 1266 —
1010 1229 1051 1279 449.
1065 1231 1206 1292 producere
1230 1227 1359 1292 BbSl'cp‚

336 1306 435 1358 LCtFi:
452 1307 589 1368 procudere
600 1319 615 1355 e
627 1307 719 1370 paucis
732 1303 815 1356 Codd.
830 1306 892 1367 (non
904 1303 967 1366 suis)
985 1302 1118 1354 Bentleius
1131 1305 1158 1354 et
1169 1305 1202 1355 ll.
1220 1331 1245 1340 —
1259 1302 1359 1365 omum]

304 1471 409 1525 Caecilii
433 1471 568 1536 Plautique
590 1471 737 1522 comoediis
758 1485 826 1522 nova
866 1469 929 1520 Plin.
943 1470 974 1520 H.
987 1472 1018 1520 li.
1032 1470 1077 1532 33,
1095 1470 1125 1531 3,
1141 1471 1186 1521 te:
1206 1471 1343 1535 Signum
1359 1474 1392 1519 est

303 1548 386 1600 verbu
405 1561 457 1598 non
479 1546 660 1608 offenderent,
684 1546 828 1609 iniquitatis
866 1545 930 1608 (aest
947 1549 1008 1595 uoto
1020 1545 1152 1607 pecudem
1180 1543 1262 1595 Simili
1279 1546 1390 1606 imagine

304 1627 427 1684 accusat,
443 1621 530 1686 quod,
545 1623 568 1673 si
582 1619 829 1685 quidevirgiiioet
865 1621 956 1670 iuven.
978 1621 1008 1681 'l‚
1029 1619 1074 1670 54:
1103 1621 1145 1682 qui
1163 1620 1297 1671 Communi
1318 1620 1393 1682 leviat

303 1699 396 1758 Vario,
419 1696 517 1760 quibus
540 1697 619 1745 tacite
637 1697 725 1746 semet
741 1697 829 1760 ipsum
864 1707 967 1744 canuae
983 1693 1083 1743 melote
1095 1699 1208 1755 mmetu,
1226 1695 1301 1745 unde
1316 1696 1392 1745 lleiu·

304 1773 433 1834 adiungit,
448 1774 573 1821 novatum
586 1773 671 1830 esset,
687 1783 766 1833 aegre
779 1769 830 1820 ier·
866 1767 924 1817 rich
941 1767 985 1817 hic
996 1767 1091 1832 probat
1100 1769 1241 1831 procudere
1251 1783 1351 1820 nomeu
1364 1795 1388 1803 -

304 1849 364 1897 rent
382 1848 409 1896 et
426 1845 620 1896 stomachosius
632 1844 786 1896 vellicarent
796 1857 829 1895 ac
862 1847 994 1904 praesente
1001 1848 1062 1893 ueto
1068 1844 1207 1905 producere
1214 1844 1316 1906 romeu]
1328 1845 1391 1893 lma-

303 1923 495 1984 vituperarent.
516 1921 584 1970 Cum
595 1921 673 1984 igitur
684 1921 727 1970 iric
738 1919 830 1982 loquo·
867 1917 925 1980 gine
943 1929 975 1966 ex
993 1920 1068 1981 parte
1080 1917 1223 1982 desumpta
1235 1931 1250 1968 a
1264 1916 1389 1974 nummis,

302 1999 347 2046 tur
371 2009 424 2046 non
447 1994 481 2046 de
499 1994 614 2045 Caecilio
637 1997 665 2046 et
682 1994 772 2046 Plauto
788 1993 830 2042 vi-
866 2003 981 2054 qnorum
998 1993 1077 2042 notae
1095 1993 1159 2042 tunc
1175 1993 1321 2055 quotannis
1334 2003 1392 2041 mu-

303 2069 443 2131 ventibus,
470 2070 518 2120 sed
541 2070 574 2120 de
597 2070 711 2121 residuis
734 2080 829 2120 eorum
866 2063 991 2114 uocetur
1007 2077 1040 2114 ex
1056 2064 1165 2116 arbitrio
1182 2079 1336 2117 annuorum
1345 2065 1391 2115 tri-

304 2144 443 2210 operibus,
461 2146 584 2209 apertum
597 2147 639 2196 est
649 2145 727 2195 unice
736 2155 830 2193 veram
867 2139 1032 2189 umvirorum
1043 2138 1217 2190 monetalium
1229 2141 1313 2205 (reete
1322 2141 1391 2191 en'un

305 2233 365 2270 esse
382 2217 526 2268 lectionem
542 2219 623 2280 datu,
649 2232 699 2284 pro
717 2231 769 2282 qua
787 2216 830 2268 alii
866 2214 973 2264 vertunt
988 2226 1057 2263 com
1072 2214 1230 2278 lautique,
1248 2216 1390 2279 jetsigea

305 2293 389 2344 Codd.
404 2293 469 2342 dedit
479 2290 522 2342 vel
534 2292 623 2353 meet,
638 2292 712 2356 quod
723 2305 831 2358 expres·
867 2286 1030 2352 Sterneret),
1054 2289 1082 2339 in
1104 2287 1186 2340 altera
1208 2293 1287 2353 perte
1304 2289 1391 2341 servu

304 2368 339 2417 sit
356 2364 581 2428 Regelsbergerus
594 2369 724 2429 sequente
737 2365 830 2416 Schel—
867 2361 949 2412 verba
966 2363 1090 2427 propria;
1111 2377 1194 2428 quem
1210 2378 1293 2416 usum
1310 2366 1391 2415 liora-

304 2440 355 2491 la.o
382 2441 523 2490 wercnuar
546 2439 580 2489 de
598 2442 626 2490 L.
644 2441 723 2490 Vario
740 2453 767 2503 p.
787 2441 828 2490 ee.
868 2438 967 2487 tinnum
986 2439 1161 2502 reminsem,
1184 2436 1219 2490 τὸ
1236 2435 1348 2512 κύριον,
1366 2439 1391 2486 ei

304 2513 376 2565 «Noli
394 2513 517 2576 colligere
535 2527 567 2563 ex
579 2514 631 2564 hoc
643 2512 713 2574 loco,
732 2516 829 2565 vixisse
867 2511 1010 2574 imaginem
1036 2515 1092 2563 sive
1118 2511 1225 2586 τρόπον
1249 2515 1390 2566 artificiose

304 2590 448 2642 etiamtunc
460 2587 594 2652 Virgilium
606 2591 633 2639 et
643 2590 766 2650 Vnrium;
780 2589 830 2640 sed
867 2587 996 2636 miscendi
1014 2589 1041 2638 et
1058 2591 1133 2652 quasi
1147 2589 1328 2641 confundendi
1339 2598 1389 2638 non

304 2665 331 2714 hi
342 2665 401 2714 eius
412 2664 506 2714 aetatis
518 2664 615 2726 egregii
630 2667 724 2729 poetae
737 2666 829 2714 eontra
866 2661 930 2710 saus
948 2663 1094 2726 respiciens
1106 2663 1240 2715 Bentleius
1255 2663 1390 2728 metapho-

305 2739 407 2804 priscos
431 2735 574 2788 Caecilium
592 2741 620 2788 et
643 2737 762 2790 Plautum
780 2752 830 2803 po-
867 2747 924 2784 rem
950 2738 1111 2788 continuavit
1140 2742 1249 2804 recepte
1278 2739 1389 2790 lectione

303 2816 417 2873 nuntur;
431 2814 551 2877 utrisque
560 2812 633 2864 idem
644 2813 829 2864 novandorum
863 2812 1003 2870 procudere
1018 2825 1156 2862 nummum.
1176 2814 1276 2863 Verum
1289 2815 1319 2864 ut
1327 2823 1388 2875 pru·

304 2889 449 2941 verborum
461 2889 503 2938 ius
516 2887 689 2938 vindicatur.»
708 2889 828 2938 Ducere.
867 2884 956 2936 ducere
969 2899 1100 2936 nmmum
1116 2886 1205 2950 (veluti
1214 2889 1240 2938 in
1252 2888 1389 2938 hominum

307 2991 333 3002 «-
347 2964 480 3026 ocqtdrere
491 2963 588 3027 posco]
605 2962 756 3013 Admodum
773 2975 831 3013 mo-
867 2960 1050 3023 conspectum)
1071 2963 1202 3026 significat
1217 2976 1330 3013 nummo
1345 2973 1391 3010 nu·

305 3039 396 3088 desto:
412 3036 519 3102 «paucis
529 3037 623 3088 saltem
633 3037 723 3088 verbis
733 3039 831 3088 etcon-
867 3047 916 3101 per
933 3047 998 3085 cuso
1010 3037 1126 3100 primum
1139 3036 1176 3088 uti
1191 3039 1216 3087 in
1228 3035 1389 3087 commercio

305 3111 495 3163 structionibus
512 3125 611 3176 augere
628 3111 744 3176 linguam
759 3114 830 3162 Lati·
868 3109 1034 3174 quotidiano,
1057 3112 1099 3161 «in
1117 3113 1236 3163 notitiam
1253 3113 1389 3164 hominum

304 3199 366 3238 nam
376 3201 402 3246 ,ι
420 3190 450 3237 ut
465 3187 572 3237 videtur
588 3188 640 3238 hoc
653 3188 711 3252 ipso
723 3186 782 3237 loco
794 3187 832 3238 ie-
868 3184 1040 3244 deducers‚»
1064 3188 1094 3234 ut
1109 3187 1198 3237 minus
1215 3185 1287 3237 clare
1301 3184 1388 3237 dicunt

304 3264 374 3313 cisse
383 3264 409 3312 in
418 3261 502 3312 verbo
511 3263 636 3323 inuidecr,
648 3258 828 3327 φθονοῦμω,
867 3257 1039 3320 scholiastae,
1058 3261 1127 3310 hanc
1141 3263 1232 3311 tamen
1249 3259 1388 3312 lectionem

307 3353 356 3404 pro
372 3337 497 3388 incidetur
507 3337 576 3388 miii.
595 3337 720 3388 Priscian.
733 3338 774 3398 48,
788 3339 829 3399 48,
868 3337 986 3394 luentes;
1008 3335 1046 3384 sic
1061 3336 1201 3396 producere
1224 3349 1314 3386 mmor
1339 3343 1388 3381 «eo

308 3413 365 3464 438.
384 3425 410 3474 p.
424 3411 496 3461 4464.
511 3414 539 3461 P.
558 3411 597 3460 Cf.
611 3413 677 3476 Epp.
691 3415 719 3474 4,
737 3414 768 3472 44,
781 3412 828 3462 el:
867 3409 983 3474 primum
1008 3410 1047 3458 uti
1065 3411 1091 3460 in
1108 3423 1234 3461 sermone
1260 3409 1302 3461 vel
1325 3407 1389 3460 scri·

307 3488 425 3550 imperor.
439 3485 575 3536 Steiuerus
584 3488 673 3536 lumen
684 3485 828 3550 (Ooumeut.
866 3487 942 3550 pto.»
985 3485 1035 3545 (lte
1061 3486 1131 3534 enim
1160 3483 1231 3534 malo
1259 3483 1387 3549 explicare

306 3563 394 3612 Horat.
408 3563 484 3625 Spec.
498 3562 529 3609 11.
542 3574 569 3625 p.
582 3561 645 3624 t8.l‚
665 3575 727 3612 cum
745 3563 830 3611 llore-
867 3571 949 3622 quam
966 3557 1112 3620 camellis,
1133 3571 1251 3617 «creare,
1267 3553 1386 3614 lacerae)

304 3637 356 3688 tius
373 3637 445 3685 emet
462 3633 573 3685 vocibus
597 3636 711 3686 reddere
729 3637 829 3700 primas
866 3632 948 3683 Vides
974 3645 1039 3682 vero
1070 3633 1150 3683 etiam
1183 3647 1227 3684 vv.
1258 3634 1386 3698 Signum

303 3723 366 3760 suas
375 3709 580 3772 significationes
590 3723 674 3774 paene
684 3709 827 3772 obsoletas,
864 3713 996 3770 praeunte
1010 3712 1072 3758 uoto
1088 3707 1232 3759 excludere
1255 3723 1281 3759 v.
1297 3718 1387 3771 procu·

304 3787 334 3834 ut
350 3785 398 3835 0d.
413 3786 436 3844 4,
451 3784 491 3845 36,
504 3785 545 3834 ae.
562 3784 729 3847 ambituum,
748 3786 773 3846 3,
787 3787 827 3845 44,
866 3784 924 3834 dere
945 3787 975 3832 ut
991 3779 1177 3850 ταυτολόγον,
1197 3785 1246 3834 etsi
1260 3780 1386 3836 ilarcilius

303 3861 343 3909 it.
361 3861 501 3922 pereuntis,
521 3859 705 3920 sotumi.
721 3859 827 3922 sepiem,
867 3856 995 3922 explicat:
1033 3857 1222 3923 «procudenda
1256 3859 1385 3922 signares

306 3932 364 3984 coll.
379 3935 507 3985 Cicerone
525 3935 601 3984 Tusc.
615 3934 640 3995 3,
653 3935 677 3995 9,
690 3937 731 3985 20.
746 3931 829 3998 espil-
868 3935 973 3996 (Contra
985 3932 1056 3983 hanc
1067 3931 1208 3983 lectionem
1220 3932 1272 3982 isoc
1283 3941 1385 3996 quoque

305 4011 360 4059 cat:
375 4009 414 4058 ich
424 4010 507 4058 wude
519 4007 629 4059 cecum
642 4007 700 4071 (eeu
711 4011 757 4059 deo
769 4009 830 4058 Leu-
868 4007 1045 4058 monendum:
1054 4008 1386 4072 Signatumprueseeteuote

304 4083 353 4146 wa)
380 4083 531 4146 accession,
558 4083 618 4147 satie
641 4085 689 4146 au(
705 4083 756 4133 used
771 4083 831 4147 gelre
863 4083 1003 4146 procudere
1014 4097 1143 4133 omarum
1154 4086 1195 4133 est
1207 4095 1282 4133 mera
1292 4095 1323 4132 ac
1331 4091 1387 4145 per·

302 4159 410 4209 dusino.
428 4183 455 4194 -
475 4158 583 4222 Cutoms]
607 4158 646 4208 Ci.
665 4159 729 4223 Epp.
749 4159 779 4217 3,
797 4160 827 4220 i,
867 4159 947 4222 peina
959 4158 1116 4218 necessitas,
1131 4171 1184 4208 non
1196 4156 1309 4218 licentia,
1327 4153 1385 4206 lihe-

305 4233 361 4283 444.
377 4259 404 4268 --
423 4233 495 4297 doni]
515 4234 553 4284 Cl.
567 4233 615 4284 Od.
629 4233 653 4292 4,
667 4234 691 4293 8,
705 4235 746 4284 sc.
761 4235 826 4298 Epp.
868 4246 896 4282 ra
903 4230 1020 4283 laeultas.
1033 4234 1175 4283 Praeterea
1184 4245 1266 4296 qnam
1277 4231 1384 4283 maxime

305 4306 422 4368 4,49,4.
441 4307 465 4368 3,
481 4308 558 4368 teti.
576 4335 601 4346 -
620 4308 828 4373 Simetwneatl
867 4309 997 4360 concinna
1022 4309 1064 4357 eet
1089 4300 1226 4380 ἀναφορὰ
1251 4307 1381 4358 liceriu-
