3178 4972
616 441 676 492 Lib.
697 442 714 490 Ι.
751 441 848 492 sitsi.
866 441 919 492 xv.

270 597 345 672 Hic,
370 596 426 663 ubi
448 596 612 684 nequitiae
633 595 812 662 fautoribus
834 605 867 662 et
887 593 1007 662 timidis
1030 595 1073 660 nil

269 719 331 784 Aut
351 716 484 804 paulum
506 715 692 795 abstulerat,
716 717 842 805 patinas
864 715 1022 784 coenabat
1043 716 1159 791 omasi,

270 837 346 904 Vilis
368 847 400 904 et
422 839 573 925 agninae,
598 838 701 906 tribus
722 838 807 904 ursis
829 837 918 925 quod
941 839 1019 904 satis
1041 848 1144 918 esset3
1273 839 1314 904 35

271 957 400 1026 Scilicet
420 968 456 1026 ut
475 969 607 1026 ventres
630 959 736 1026 lamna
758 958 916 1027 candente
938 969 1093 1046 nepotum

269 1079 577 1158 Dicereturendos,
604 1090 770 1148 corrector
790 1080 926 1148 Bestius.
971 1079 1061 1146 ldem

294 1249 335 1301 33.
361 1251 462 1301 44444444
478 1250 550 1315 pnd
568 1253 596 1301 et
620 1251 728 1314 Cruquii
749 1263 847 1314 operes
865 1250 937 1301 4494.
959 1277 986 1286 -
1005 1249 1046 1302 34.
1073 1251 1152 1300 mnan
1171 1250 1242 1313 Vilis,
1260 1257 1284 1302 44

260 1325 369 1389 officinae
386 1327 411 1375 i.
439 1355 466 1362 -
491 1326 532 1376 35.
555 1325 643 1390 opnini
660 1326 721 1386 sE,t
738 1326 800 1388 (non
819 1323 893 1388 bdp).
919 1351 947 1359 -
972 1322 1013 1374 37.
1037 1329 1162 1374 correctio
1177 1324 1281 1374 44444444.

259 1400 439 1524 ζζωρξῖἰέθῑῖὼ
451 1402 502 1525 οἱ),
524 1407 656 1453 connectio.
678 1399 793 1452 44444444
811 1399 877 1448 iden
894 1399 932 1458 Lt,
951 1399 1202 1460 commeationem
1217 1399 1283 1448 idem

227 1636 274 1686 cpe
290 1625 387 1686 4144444
406 1625 452 1673 boc
471 1625 520 1674 4444
540 1626 567 1674 in
587 1624 749 1684 4444444444,
788 1623 916 1672 credone
932 1623 1136 1673 admonebantur.
1165 1624 1212 1686 (De
1229 1621 1313 1673 forma

228 1697 325 1759 idest,
348 1700 388 1748 «in
406 1701 528 1750 ventrem
546 1699 750 1750 insatiabilem.»
788 1698 875 1746 444444
892 1696 945 1746 vid.
966 1697 1014 1747 0d.
1033 1699 1061 1758 4,
1085 1699 1116 1757 4,
1134 1698 1169 1760 4.)
1199 1695 1313 1746 Galenus

228 1799 256 1808 -
273 1773 380 1838 macelli]
397 1773 442 1823 ubi
461 1773 587 1834 obscula,
613 1775 703 1838 pisces
725 1774 752 1822 ct
788 1771 823 1821 de
841 1773 964 1835 Hippocr.
979 1774 1007 1821 et
1021 1772 1085 1824 Plat.
1099 1767 1192 1834 Dogm.
1206 1772 1231 1820 6.
1245 1773 1311 1820 extr.

226 1857 289 1896 caro
304 1845 440 1897 venibant.
464 1848 516 1898 Cir.
534 1849 608 1898 44444.
629 1849 656 1898 L.
675 1848 702 1897 L.
718 1850 750 1909 o,
787 1844 844 1895 Vol.
863 1847 894 1895 V.
913 1859 939 1909 p.
959 1844 1121 1896 4844444444
1149 1838 1314 1910 oi'rmyocis

227 1918 283 1970 446.
787 1914 909 1969 sicionios
929 1920 980 1968 καὶ
1000 1915 1053 1970 νῦν
1076 1923 1169 1969 nocete
1191 1919 1222 1968 44
1244 1913 1314 1980 τοὺς

259 1995 347 2046 atat.
373 1999 500 2060 nequitiae
520 1995 669 2060 [4444444444]
689 1997 748 2057 «iis,
786 1987 1008 2064 ἁμαρτάνοντας
1025 1994 1139 2056 οἰκέτας
1155 1989 1313 2042 καταδικά-

228 2073 273 2132 qni
285 2075 396 2136 propter
405 2071 620 2136 qualemcunque
630 2083 748 2133 4444444,
786 2071 895 2131 ζοντες,
921 2066 979 2118 τῶν
1002 2067 1057 2134 μὲν
1082 2062 1313 2140 ἀποδιδρασκόν-

227 2144 338 2196 44444444
357 2147 460 2196 nonnisi
478 2148 567 2196 iocum
579 2147 749 2209 quaerentes,
786 2156 843 2192 των
870 2139 907 2192 τὰ
934 2140 1023 2209 σκέλη
1052 2145 1185 2205 καίοντές
1211 2144 1313 2192 τεκαὶ

227 2217 351 2269 invehant
367 2220 483 2280 Maenio,
512 2220 612 2270 bomini
633 2233 749 2284 nequam
786 2214 1077 2280 κατασχάζοντεςκαὶ
1090 2219 1240 2280 παίοντες,
1254 2215 1313 2268 τῶν

226 2293 337 2358 eiusque
363 2293 494 2345 similibus
518 2297 645 2346 scurris.»
672 2319 702 2332 -
726 2300 751 2345 et
785 2289 816 2342 δὲ
828 2288 1006 2342 κλεπτόντων
1018 2288 1069 2355 τὰς
1081 2296 1195 2362 χεῖρας,
1214 2285 1311 2363 434444

225 2368 325 2432 timido]
352 2382 400 2418 «ne
426 2369 452 2419 in
475 2371 548 2434 ipsos
570 2382 678 2434 quoque
700 2383 750 2434 op·
786 2379 819 2432 ys
835 2362 1314 2438 καὶτῶνγαστριμάργωντὴνγω-

226 2441 335 2507 probris
353 2444 491 2507 lingeret.»
506 2473 532 2480 -
543 2445 647 2506 patinos
657 2457 750 2494 coeno-
787 2441 888 2512 στέρα,
906 2443 955 2491 nat
972 2439 1029 2492 τῶν
1041 2439 1249 2512 444444444444
1260 2437 1313 2506 τὴν

225 2515 267 2566 tat
288 2518 368 2566 444444
391 2518 453 2580 cet]
474 2517 512 2568 De
530 2517 607 2568 simili
633 2519 749 2582 parasito
785 2515 923 2583 γλῶτταν.
943 2545 971 2553 -
991 2518 1122 2568 corrector
1139 2529 1201 2568 oum
1219 2518 1311 2567 conie-

225 2590 346 2641 similiter
366 2592 526 2655 Pomponius
548 2593 648 2642 44444.
665 2593 749 2642 Botbii
787 2592 869 2641 sisset
885 2591 1044 2650 Lambinus,
1063 2593 1172 2655 postea,
1192 2592 1221 2640 ut
1237 2588 1309 2651 dicit,

224 2676 286 2729 pag.
296 2665 341 2714 444
352 2678 359 2714 :
372 2665 480 2716 Goenmn
491 2668 626 2728 quaeritat.
638 2667 668 2716 Si
678 2679 750 2717 44444
785 2665 812 2714 44
830 2662 915 2712 Codd.
935 2665 1074 2726 antiquiss.
1088 2665 1220 2728 repperit;
1238 2677 1314 2714 rece·

224 2750 281 2788 44444
299 2739 388 2800 l'ccot,
405 2741 510 2788 revertit
525 2745 634 2789 moestos
650 2742 750 2790 odme-
786 2737 825 2799 pit
840 2735 983 2787 Bentleius.
1011 2740 1050 2786 Ao
1066 2738 1088 2786 si
1106 2738 1132 2786 in
1148 2737 1247 2786 Codice
1260 2749 1313 2788 non

224 2815 379 2863 4444444444.
399 2813 453 2864 cn.
467 2813 563 2865 4444444
577 2813 612 2863 de
624 2813 749 2863 Atellanis
786 2810 888 2859 invenit
908 2809 1066 2872 Lambinus,
1089 2812 1164 2860 cuius
1186 2809 1268 2860 fidem
1286 2811 1312 2860 in
1383 2875 1387 2885 Ι

224 2899 250 2952 p.
270 2887 327 2938 447.
359 2889 446 2938 «Tunc
469 2888 561 2951 igitur,
589 2888 611 2938 si
632 2889 750 2939 nummis
787 2882 883 2933 talibus
900 2895 954 2933 nou
972 2887 1045 2934 44444
1063 2895 1173 2934 omnem
1184 2885 1313 2948 suspicio·

224 2961 346 3022 carebat,
374 2964 442 3012 totas
463 2962 567 3026 patinas
589 2963 682 3024 444444,
707 2963 749 3012 in·
786 2971 850 3008 nem
865 2958 982 3021 positam
1003 2961 1084 3022 puto,
1110 2961 1201 3008 tamen
1224 2971 1312 3010 44444-

224 3037 313 3087 testini
330 3034 423 3086 bubuli
441 3037 482 3100 (44.
505 3038 558 3086 Set.
580 3038 609 3098 4,
633 3039 662 3097 5,
681 3037 748 3100 40),
785 3039 841 3083 otor
856 3045 951 3083 verum
974 3034 1025 3083 est.
1058 3032 1105 3095 (ct.
1123 3046 1179 3082 var.
1197 3032 1258 3083 lect.
1276 3034 1310 3085 ed

225 3114 252 3162 44
267 3111 355 3161 carnis
372 3112 484 3173 agninae
496 3110 657 3170 devorsbnt;
676 3112 749 3175 qnod
786 3109 839 3157 Set.
852 3108 881 3168 4,
900 3108 927 3166 7,
948 3107 997 3170 43.)
1027 3108 1118 3170 ipsum
1139 3109 1229 3157 eutem
1247 3121 1307 3158 voc.

224 3197 286 3236 cum
307 3185 422 3247 iaceret,
448 3185 483 3236 de
504 3184 601 3236 vilibus
623 3185 690 3236 cibis
714 3188 749 3236 444
786 3183 868 3234 babet
884 3183 975 3233 nescio
993 3181 1057 3246 quid
1073 3181 1194 3232 invidiosi
1212 3181 1313 3246 (84444-

224 3273 254 3312 se
266 3259 467 3320 consolebatur,
487 3263 517 3310 44
534 3263 671 3323 tamquam
682 3259 750 3312 44444
786 3255 972 3320 4444444444),
986 3258 1015 3306 44
1025 3255 1098 3320 apud
1108 3256 1214 3306 Terent.
1225 3255 1273 3306 Ad.
1284 3256 1309 3318 4,

223 3335 331 3394 44444444,
350 3335 447 3392 bomo.
465 3337 495 3384 44
510 3333 629 3396 videtur,
652 3347 749 3387 444444
786 3335 816 3395 7,
834 3333 880 3383 434
908 3333 951 3385 444.
970 3333 1049 3382 --id
1064 3337 1120 3382 4444
1135 3337 1164 3381 ot
1184 3334 1309 3396 44444444.

223 3407 355 3472 simulque
372 3407 655 3472 maledicentissima,
674 3412 750 3462 euius
786 3409 834 3458 444.
853 3408 1000 3459 comestor!
1026 3408 1120 3471 Nesope
1139 3413 1186 3458 444
1202 3413 1258 3458 orte
1271 3409 1312 3458 oi-

224 3495 339 3547 pcrsono
364 3483 475 3534 44444444
501 3483 594 3534 itidem
616 3484 749 3536 Luciliano
785 3483 850 3546 picti
870 3484 955 3532 444444
968 3508 984 3520 -
999 3509 1014 3519 -
1033 3484 1140 3545 peiere.
1175 3484 1230 3534 Cio.
1250 3481 1312 3533 Phi·

224 3557 369 3619 [weicheri
388 3560 416 3608 P.
439 3560 466 3607 L.
488 3570 515 3623 p.
537 3558 606 3622 444.)
624 3571 691 3610 usus
708 3563 750 3612 ost
787 3555 898 3622 lippi,
924 3558 970 3617 tt,
994 3556 1041 3608 ia:
1067 3559 1123 3607 lom
1142 3559 1222 3618 mim,
1248 3570 1312 3618 puo-

224 3631 305 3681 4444444
327 3632 432 3682 Persius
450 3633 479 3692 o,
498 3633 551 3692 34,
575 3635 601 3683 in
622 3634 749 3698 prodigos
786 3633 857 3681 siem
877 3631 1023 3682 4444444444
1039 3633 1091 3682 eim
1109 3633 1171 3682 sotis
1185 3631 1311 3694 mipendi,

223 3715 255 3754 44
281 3703 429 3755 luxuriosos
454 3707 553 3756 4444444
578 3707 750 3759 inveberetur
787 3707 816 3756 de
832 3707 886 3769 ipso
902 3707 1060 3756 emendatore
1076 3721 1107 3756 44
1117 3711 1258 3756 4444444444
1268 3719 1313 3755 no-

223 3791 324 3843 444444
356 3778 497 3831 servilibus
530 3781 623 3844 poenis
655 3782 750 3847 dignos
786 3786 839 3831 4444
861 3783 986 3843 conedam
1011 3781 1116 3830 4444444
1140 3785 1205 3830 44444.
1238 3781 1309 3830 Oret.

223 3853 350 3904 diceret.»
384 3856 415 3906 ut
432 3855 555 3905 4444444444
568 3857 674 3917 patinos
692 3869 751 3906 coe-
787 3855 833 3916 46,
862 3855 924 3906 ⁴90:
953 3855 992 3904 tic
1012 3859 1139 3904 44444444
1160 3855 1188 3902 in
1210 3867 1238 3903 44
1259 3855 1312 3916 ipso

221 3929 493 3990 nore,siciuven.i,
512 3927 562 3978 ei:
581 3929 750 3992 ouissoemto
787 3929 852 3990 4444,
880 3941 929 3991 quo
953 3929 1123 3991 rmretmctt,
1140 3954 1185 3964 ·-
1202 3928 1313 3978 immittit

221 4008 313 4064 septem
329 4007 422 4052 secreto
438 4003 553 4053 44444444
574 4003 656 4054 coos?
683 4006 749 4056 Tum
786 4005 931 4066 4444444444
954 4005 1006 4067 ipse
1031 4004 1168 4054 4444444444.
1207 4005 1311 4054 Lectio-

222 4079 534 4142 tamosissimam,
554 4091 608 4129 non
623 4080 703 4128 444444
712 4080 751 4128 oi·
788 4091 852 4128 nem
862 4084 988 4130 correctns
997 4078 1102 4128 Bestius.
1117 4079 1184 4128 idem
1195 4079 1312 4130 Diintzer

221 4152 267 4215 444,
289 4152 316 4201 id
334 4153 406 4216 quod
424 4166 473 4216 per
490 4165 520 4203 se
538 4151 699 4217 intelligitur.
722 4181 748 4190 —
789 4156 816 4203 et
832 4151 964 4204 Obborius
982 4151 1048 4216 (coll.
1062 4153 1115 4202 Sat.
1128 4153 1157 4213 4,
1170 4153 1200 4214 b,
1213 4154 1245 4204 to
1258 4153 1310 4216 sq.)

221 4227 318 4290 4444444]
336 4227 391 4278 Cic.
405 4228 482 4278 Vens.
497 4228 559 4277 444.
573 4228 603 4288 o,
621 4227 668 4290 43,
688 4228 749 4278 463;
788 4225 936 4292 explicant:
953 4225 1127 4289 accingendo
1142 4228 1228 4279 iactus
1245 4227 1312 4278 44444

220 4301 290 4364 ipnss
305 4303 485 4365 444444444444
500 4301 612 4353 laminae
625 4303 751 4364 4444444444
787 4301 901 4363 Bestius,
914 4300 1115 4364 bonoamico,
1134 4304 1161 4354 in
1173 4299 1311 4354 helluones
