3192 4974
258 423 265 438 “
308 455 371 522 386
673 455 801 506 444444
819 454 1038 518 srisronnnou

353 615 385 682 Si
408 614 486 681 dixit
509 613 616 690 dives,
640 611 731 678 lacus
753 622 786 679 et
807 631 896 678 mare
919 611 1017 678 sentit
1039 629 1183 678 amoram

351 737 543 804 Festinantis
564 735 650 813 heri;
673 733 725 800 cui
749 733 775 800 si
799 732 914 800 vitiosa
935 731 1037 800 libido

351 859 476 928 Fecerit
500 856 698 944 auspicium:
726 855 805 923 Cras
826 854 1019 922 ferramenta
1041 857 1182 922 Teanum
1290 851 1293 858 ’

351 980 495 1058 Tolletis,
518 979 609 1046 fabri.
653 978 770 1045 Lectus
792 976 927 1065 genialis
950 977 982 1042 in
1003 976 1077 1044 aula
1098 987 1163 1044 est:

350 1102 398 1170 Nil
421 1103 464 1170 ait
486 1121 560 1170 esse
582 1100 688 1189 prins,
712 1098 828 1168 melius
850 1098 894 1165 nil
916 1098 1041 1166 caelibe
1063 1099 1144 1178 vita;

230 1365 233 1376 ·
310 1375 338 1387 -
356 1349 433 1414 44444]
452 1348 513 1412 «qui
533 1347 645 1412 propter
667 1342 831 1410 opulentiam
870 1345 979 1408 paulae,
999 1344 1139 1396 abundans
1157 1347 1263 1410 optimis
1280 1346 1361 1398 labris
1373 1353 1396 1397 44

306 1424 477 1489 repentinum
499 1419 639 1473 eonsilium
662 1419 713 1470 illio
737 1418 833 1470 aedifi·
868 1419 1008 1470 4444444444
1029 1419 1063 1484 (44
1086 1421 1156 1484 [erro
1178 1423 1246 1472 mim
1267 1423 1395 1472 varietate

307 1498 386 1549 caudi
397 1497 486 1549 statim
497 1495 608 1559 exsequi
624 1495 738 1558 potest.»
752 1494 832 1543 -lo-
868 1496 916 1547 Ed.
930 1495 997 1546 Ven.
1015 1494 1113 1556 4484)»
1132 1509 1165 1546 ex
1182 1497 1282 1548 Horatii
1306 1497 1396 1550 verbis

306 1572 358 1638 444]
376 1570 504 1623 Lucrinus
520 1582 604 1634 prope
623 1569 707 1619 Baias.
728 1567 766 1619 Cf.
780 1568 829 1619 Od.
869 1582 951 1634 prave
975 1567 1115 1620 intellectis
1137 1574 1240 1621 temere
1258 1575 1395 1635 arreptum

306 1649 335 1708 2,
354 1648 401 1705 45,
419 1645 444 1696 3.
464 1650 526 1694 -44
542 1644 622 1708 more]
640 1644 714 1708 quod
731 1645 830 1696 insonis
867 1644 982 1694 videtur.
998 1669 1025 1680 -
1042 1644 1145 1709 Toliatis]
1162 1647 1262 1708 Arguta
1278 1644 1395 1696 brevilo-

286 1718 549 1772 .snbstruelionlbns
566 1721 689 1783 occupat.
710 1745 738 1755 —
760 1719 833 1768 444444
869 1719 977 1782 quentia
1000 1719 1064 1782 ipsis
1086 1717 1174 1770 divitis
1194 1719 1286 1770 verbis
1302 1721 1393 1772 utitur.

306 1796 426 1856 44444444]
453 1806 532 1844 «mox
557 1793 704 1858 experitur,
731 1794 831 1856 quanta
900 1792 984 1843 87-90.
997 1793 1085 1842 Lectos
1094 1793 1208 1857 peciolis]
1225 1793 1286 1857 aqui
1298 1795 1395 1860 nuptiis

307 1870 450 1935 cupiditate
468 1869 564 1932 llagret
579 1869 646 1918 divos
662 1866 718 1930 ille,
737 1866 832 1918 multo·
868 1868 995 1919 sternitur
1012 1868 1038 1918 in
1056 1867 1187 1918 honorem
1200 1869 1300 1918 Genii.»
1323 1867 1394 1920 Pauli

305 1958 367 1996 rum
386 1944 582 2008 mancipiorum
605 1943 705 1992 44444.»
734 1942 831 1992 sentiro
868 1942 1394 2006 444444444444.ρ.40.4(4.4.4444444.0444

306 2019 340 2072 de
352 2033 382 2069 re
393 2020 510 2082 ingrata,
528 2020 557 2068 44
568 2016 617 2068 Od.
628 2017 653 2078 3,
667 2019 691 2078 4,
704 2016 750 2067 33;
769 2017 831 2066 Con·
869 2018 927 2066 eius
943 2015 1018 2066 loeus
1029 2017 1056 2067 in
1067 2019 1134 2066 atrio
1147 2018 1181 2068 sit
1191 2017 1323 2070 adversus
1334 2031 1395 2081 por·

292 2099 390 2146 ·444444
403 2093 483 2156 piscor
500 2105 614 2155 aequora
629 2092 751 2150 44444444;
771 2089 829 2142 41.
869 2093 939 2151 tam,
957 2091 1033 2141 444444
1049 2093 1170 2142 44444444
1186 2091 1283 2142 dicitur
1300 2105 1315 2141 a
1333 2094 1395 2143 Pro-

304 2171 416 2234 propter
437 2165 536 2228 moles,
566 2164 664 2229 quihus
687 2166 830 2216 coartatur.
868 2166 953 2230 pertin
971 2167 1001 2228 5,
1021 2167 1068 2227 44,
1086 2167 1139 2228 844,
1157 2166 1260 2216 44444444
1276 2168 1395 2216 oppono

305 2241 437 2304 Ci.0d.2,
451 2243 495 2302 to,
516 2241 526 2290 4
545 2253 605 2304 sqq.
623 2241 655 2301 2,
669 2240 712 2302 48,
724 2240 757 2290 to
769 2251 829 2303 sqq.
869 2239 904 2290 ab
925 2241 1040 2292 Asconio
1057 2255 1083 2305 p.
1102 2240 1143 2292 43.
1162 2241 1205 2291 ed.
1224 2242 1290 2292 Bait.
1309 2243 1395 2292 Arno-

307 2344 335 2354 -
348 2313 506 2378 Fottiooutia]
525 2315 591 2364 Cato
603 2314 748 2365 Censorius
759 2312 832 2377 apud
868 2313 929 2366 blus
941 2315 970 2365 L.
982 2316 1008 2365 2.
1022 2329 1047 2380 p.
1062 2316 1104 2366 44.
1117 2316 1210 2380 Lugdu
1230 2316 1292 2367 0444
1302 2317 1330 2365 to
1339 2329 1395 2366 mn·

304 2389 369 2442 Geli.
384 2390 430 2452 46,
449 2389 492 2441 44;
512 2389 561 2452 044
570 2403 649 2439 onum
660 2389 720 2451 quid
729 2391 832 2438 maturo
868 2389 989 2440 4444444444
999 2391 1148 2452 convenitis,
1167 2396 1228 2455 lopo
1237 2390 1347 2442 4444444444
1356 2391 1393 2440 44-

303 2465 435 2529 trcoieipit,
453 2465 475 2514 44
487 2469 624 2528 properam
642 2465 686 2526 qni
702 2463 784 2514 multo
795 2463 831 2512 44-
867 2465 946 2515 444444
962 2469 986 2515 44
1001 2465 1153 2514 moritorum
1176 2465 1266 2516 Genios
1283 2466 1394 2516 444444-

304 2542 358 2592 4444
369 2539 545 2602 4444ρί444444
557 2539 670 2603 perficit,
689 2539 829 2601 4414444444.
867 2539 907 2590 tis.
936 2540 966 2589 ln
984 2551 1017 2589 eo
1034 2539 1116 2589 etiam
1136 2539 1206 2590 44444
1228 2539 1295 2590 diois
1313 2553 1393 2592 44444

306 2612 602 2678 -oitiosoJCicTuso
617 2612 646 2674 4,
661 2611 705 2675 43,
723 2612 770 2662 29:
792 2613 831 2662 Vi-
866 2613 1059 2679 aliquantisper
1081 2613 1225 2664 cubabant.
1264 2613 1394 2666 Laberius

302 2689 399 2740 44444444
410 2693 445 2740 est
460 2687 558 2738 4444444
569 2693 614 2738 aot
629 2687 728 2751 affectio
739 2687 766 2736 io
777 2692 830 2738 toto
867 2688 894 2739 in
916 2687 1108 2753 Compitalibus
1129 2690 1154 2739 2.
1173 2701 1200 2754 p.
1218 2689 1276 2740 4444.
1293 2691 1390 2740 Bothe:

301 2763 357 2814 4444
376 2764 519 2814 4444444444
535 2767 558 2813 44
579 2775 638 2813 444
662 2763 719 2825 ipso
739 2763 830 2812 444444-
866 2766 940 2816 Ν444
956 2769 984 2814 44
996 2765 1120 2827 lentescit,
1138 2767 1394 2829 4444444444ωά4·

301 2839 372 2890 44444.
391 2865 417 2877 -
438 2836 521 2901 libido]
540 2835 691 2902 «quaelibet
706 2835 828 2888 voluntas
866 2853 915 2902 que
929 2840 995 2905 sert:
1012 2841 1097 2890 linter
1111 2840 1225 2904 [44444444
1238 2845 1284 2890 too
1294 2842 1321 2890 io
1331 2841 1394 2891 44444

302 2916 405 2965 temere
422 2915 574 2977 suscepta.»
603 2913 721 2962 Donatus
734 2911 768 2962 ad
780 2913 829 2962 Te-
866 2915 972 2965 advoco
993 2915 1067 2964 44444.
1107 2913 1221 2966 Genialis
1242 2915 1286 2966 hie
1307 2914 1393 2966 444444

301 2989 369 3039 rent.
384 2989 449 3039 llee.
461 2989 491 3051 2,
509 2988 538 3050 2,
557 2987 581 3038 3.
598 3015 625 3022 -
638 2987 733 3037 444444
745 2988 830 3049 44444-
866 2989 963 3052 cuique
973 2988 1084 3039 domum
1096 2989 1204 3039 intranti
1217 2989 1323 3052 signum
1335 2991 1394 3040 erat

301 3062 375 3128 44444]
395 3063 491 3114 «Dives
508 3062 557 3114 isto
575 3073 685 3112 caecam
697 3063 725 3111 44
739 3060 828 3112 morbi
866 3064 1010 3126 coniugum
1028 3075 1078 3128 par
1093 3065 1120 3114 ln
1133 3077 1164 3113 ea
1177 3063 1311 3124 hahitnrc;
1331 3075 1393 3114 nam

301 3135 416 3190 similem
434 3135 571 3188 libidinem
588 3149 665 3188 suam
683 3136 718 3186 ita
735 3137 829 3201 sequi·
865 3136 978 3188 muliere
995 3140 1101 3188 mortua
1112 3135 1155 3188 vol
1172 3140 1233 3202 post
1249 3138 1392 3190 dlvnnium

300 3214 357 3274 444,
383 3225 415 3264 44
437 3213 460 3263 44
483 3215 555 3264 esset
572 3212 719 3276 auspicium
737 3211 829 3262 divini·
865 3225 926 3262 oum
934 3212 1072 3263 ealactum
1081 3210 1231 3264 tollebatur.
1243 3213 1282 3264 ci.
1290 3213 1393 3264 Becker

300 3289 344 3338 tus
361 3287 452 3338 datum
470 3287 619 3339 numinisve
637 3286 747 3339 44444444
770 3288 827 3339 ius-
865 3287 954 3338 4444444
972 3286 1024 3350 (od.
1038 3286 1092 3352 alt.)
1110 3289 1141 3338 ll.
1155 3300 1181 3351 p.
1194 3287 1227 3338 44
1244 3301 1285 3352 sq.
1308 3315 1335 3324 -
1353 3289 1391 3338 De

300 3373 388 3414 sum.»
418 3362 496 3426 (virg.
510 3364 575 3412 Aen.
590 3361 619 3422 9,
640 3361 700 3412 ⁴85:
728 3375 763 3412 44
779 3376 827 3412 suo
865 3363 1046 3413 enuntiatione
1064 3362 1238 3426 hypothetica
1255 3363 1313 3413 sine
1328 3375 1392 3426 par-

299 3437 389 3498 4444444
410 3437 469 3486 daos
488 3437 518 3500 pt
538 3435 596 3487 diro
613 3435 733 3502 capitol)
761 3437 827 3487 For-
863 3435 942 3487 ticula
960 3437 981 3486 44
998 3436 1052 3487 vid.
1065 3449 1147 3501 supra
1165 3435 1200 3486 ad
1216 3450 1243 3489 v.
1256 3436 1297 3486 36.
1319 3461 1347 3473 -
1364 3437 1392 3486 44

301 3510 424 3563 collinus:
444 3512 485 3562 nsi
502 3525 566 3562 cum
581 3513 696 3563 incitarit
713 3514 739 3563 44
753 3511 827 3563 velut
863 3511 934 3573 4444]
953 3512 995 3561 «in
1012 3513 1107 3562 atrio.»
1136 3511 1241 3562 Becker
1257 3511 1345 3561 Gallus
1358 3511 1389 3560 ll.

300 3588 357 3640 avis
374 3587 523 3651 auspicium
546 3585 646 3637 laetum
669 3585 825 3648 obtulerit,»
862 3598 890 3650 p.
909 3585 967 3635 443.
988 3611 1016 3622 -
1033 3585 1122 3636 4444444
1146 3585 1183 3635 nit
1207 3584 1301 3636 4444444
1324 3583 1391 3648 4444]

301 3675 355 3728 quo
373 3664 526 3724 moneatur,
544 3663 574 3712 ut
585 3661 666 3712 Teani
681 3661 769 3726 potius
781 3659 827 3712 vil·
865 3658 953 3709 indeo
969 3657 1055 3710 solent
1072 3661 1255 3712 inconstantes
1267 3673 1328 3712 4444
1344 3659 1392 3710 ho-

301 3735 355 3788 lam
378 3737 509 3788 aedificet.
536 3761 563 3774 -
588 3736 745 3799 fmommto
764 3735 827 3786 Teo-
863 3735 960 3796 mines,
971 3736 1001 3786 ut
1013 3736 1058 3800 qui
1069 3747 1183 3786 uxorem
1195 3733 1303 3796 habeat,
1314 3747 1392 3799 prae·

300 3811 369 3878 4444]
388 3810 549 3862 nl’raevidao
566 3810 637 3872 iore,
661 3813 691 3860 ut
707 3811 826 3860 Teanum
863 3809 931 3859 ierat
942 3807 1117 3872 caelibatum,
1135 3807 1244 3861 caelebs
1256 3809 1392 3862 matrimo-

301 3886 461 3946 Sidicinum,
484 3885 560 3936 xxx.
573 3886 607 3936 44.
621 3886 649 3935 P.
662 3897 678 3934 a
695 3883 763 3935 Baiis
781 3897 826 3934 re-
863 3883 964 3935 nium.»
992 3884 1047 3935 Cir.
1061 3885 1116 3936 Cio.
1130 3884 1163 3934 ad
1175 3887 1227 3935 Att.
1242 3884 1286 3945 44,
1300 3883 1346 3945 43,
1363 3885 1388 3934 4.

301 3962 419 4021 motum,
439 3958 529 4010 fabros
542 3957 633 4010 lubeat
649 3960 826 4009 instrumenta
863 3957 898 4009 de
916 3959 1012 4019 Quinto
1029 3959 1123 4010 tratre:
1142 3958 1163 4010 Δ
1179 3959 1294 4010 44444444
1309 3971 1392 4008 canora

302 4035 407 4086 deterre
420 4034 510 4099 ibique
519 4031 598 4084 444444
605 4031 695 4083 villam
707 4036 828 4084 exstrue·
862 4033 899 4084 444
915 4033 1046 4096 44444444,
1072 4039 1101 4084 ot
1121 4033 1200 4086 444444
1216 4033 1304 4084 lectulo
1320 4037 1392 4096 44444

301 4123 358 4161 re.»
381 4111 514 4161 nl’rimum
525 4109 624 4173 gaudet
635 4109 774 4160 maritimis
786 4106 827 4159 lo·
863 4119 914 4158 4444
930 4109 1068 4171 44444444
1083 4109 1242 4160 4444444444
1279 4109 1391 4160 llenan·

302 4183 355 4244 eis,
374 4184 500 4234 continuo
517 4185 579 4248 post
595 4181 825 4234 mediterraneis.»
863 4182 914 4233 der
930 4195 956 4246 p.
973 4183 1031 4234 228.
1049 4183 1098 4234 ll.:
1120 4177 1215 4246 Ὅστις
1231 4179 1391 4248 πενόμενος

302 4256 387 4308 Con.
409 4257 488 4315 Cano.
528 4255 605 4318 Quod
633 4259 723 4309 aalma
750 4255 827 4308 affert
862 4253 1000 4317 βούλεται
1016 4251 1068 4330 ζῇν
1085 4251 1185 4324 ἡδέως,
1200 4252 1321 4330 ’ἑτέρων
1337 4271 1390 4324 γα-

303 4333 400 4382 llcron:
425 4333 558 4384 «Teanum
577 4332 669 4389 4444444
686 4332 727 4382 444
744 4331 827 4382 Cant-
863 4331 996 4398 peninon
1010 4325 1099 4395 αὐτὸς
1110 4326 1266 4394 ἀπεχέσθω
1277 4328 1387 4399 γάμων.
