3192 4974
632 446 692 498 ua.
712 445 731 494 r.
768 447 865 498 srrsr.
885 447 902 496 r.
1249 449 1312 514 367

267 605 451 691 Spectatum
476 603 554 668 satis
570 565 608 670 et
630 601 784 670 donatum
807 604 871 670 iam
893 605 974 672 rude
998 607 1143 693 quaeris,

266 726 451 800 Maecenas,
475 724 591 792 iterum
614 723 746 812 antiquo
769 745 820 792 me
844 725 1012 794 includere
1034 727 1127 796 ludo:

265 847 334 912 Non
356 847 472 914 eadem
495 855 545 913 est
566 856 668 923 aetas,
694 867 758 912 non
780 867 881 914 mene.
926 848 1076 916 Veianius
1098 852 1195 916 armis

288 1027 312 1077 ³.
332 1025 412 1076 tudo?
428 1026 476 1076 FO.
506 1053 532 1062 -
560 1024 585 1077 l.
611 1027 668 1075 Non
690 1027 776 1076 eodem
793 1032 829 1076 est
845 1030 915 1076 uetus
931 1041 976 1078 nec
991 1041 1061 1080 mene
1077 1043 1109 1093 p.
1135 1031 1191 1081 Non
1208 1035 1278 1082 uatus

254 1102 355 1162 eaden,
374 1115 424 1150 oon
440 1113 509 1150 meu
524 1112 594 1151 uuus
611 1099 731 1160 lienem..
751 1101 860 1151 Dessav.
880 1101 988 1163 tertius,
1008 1103 1100 1152 Bothe.

222 1259 287 1310 dum
305 1273 434 1310 concessa
452 1259 516 1310 mihi
528 1260 578 1310 erit
589 1260 653 1320 vita,
671 1271 746 1309 sem·
783 1261 831 1322 Qui
848 1261 875 1309 in
891 1261 978 1310 ludam
995 1263 1163 1325 damnantur,
1187 1276 1239 1314 non
1257 1266 1309 1314 oti·

221 1347 271 1400 per·
286 1334 475 1399 praedicabo.»
494 1332 745 1397 Estvelutprover-
782 1339 1039 1396 praeemantur,
1066 1337 1108 1386 sed
1130 1339 1207 1388 etiam
1225 1340 1309 1402 pttedr

221 1406 298 1458 blatis
315 1407 435 1459 turmula.
458 1409 535 1459 Hom.
549 1409 645 1471 tlymn.
658 1405 742 1471 apoli.
781 1410 904 1458 etr-edem
915 1411 1029 1472 decipere
1042 1418 1147 1473 pessunt
1160 1419 1217 1475 poet
1234 1414 1310 1464 inter-

221 1482 263 1544 at,
282 1482 311 1533 3:
340 1483 374 1534 σὲ
390 1479 413 1532 δ’
429 1475 531 1545 ἀοιδός
547 1509 562 1522 -
577 1507 592 1520 -
605 1477 744 1546 Ἡὸυεπὴς
780 1483 866 1542 ucttu,·
891 1484 1012 1544 siquidem
1032 1491 1090 1547 post
1113 1488 1309 1549 mdaqumntum

222 1554 335 1626 πρῶτόν
351 1571 383 1607 ee
398 1559 450 1607 καὶ
468 1548 594 1608 ὕστατον
604 1554 667 1606 αἰὲν
683 1551 744 1606 ἀεί·
778 1557 884 1618 pilears',
908 1564 966 1620 poet
990 1561 1126 1610 triennium
1143 1567 1226 1611 cuum
1245 1565 1309 1614 eade

221 1628 271 1682 das.
298 1633 408 1682 Theoer.
426 1634 466 1692 tr,
479 1633 508 1682 3:
533 1628 651 1702 Ἀνδρῶν
667 1628 689 1679 δ’
706 1621 744 1681 αὖ
781 1632 929 1682 ὺαιιισνσοόε
942 1635 1105 1696 pemittttur.
1128 1637 1307 1686 contraman-

220 1706 402 1773 Πτολεμαῖος
413 1707 455 1758 ἐνὶ
466 1703 605 1778 πρώτοισι
616 1705 743 1773 λεγέσθω
780 1719 824 1754 mu
840 1708 922 1768 medie,
944 1709 1047 1772 primus
1065 1707 1240 1772 gladiatorum
1258 1711 1308 1761 de·

220 1781 277 1832 liei
297 1779 430 1846 κύματος
453 1781 502 1831 καὶ
520 1783 641 1846 μέσσος.
671 1782 742 1842 virg.
781 1785 851 1842 ctor,
870 1785 979 1833 secundo
989 1785 1073 1845 mdis,
1092 1785 1242 1847 secundus,
1262 1789 1308 1849 qui

222 1855 274 1907 Eol.
287 1857 312 1918 8,
327 1859 371 1907 tt:
389 1855 409 1907 Α
427 1858 625 1920 cupressinum,
644 1855 688 1906 ttbi
699 1857 744 1904 de-
780 1854 886 1920 puhlice
898 1869 1031 1920 pugnasse
1044 1859 1237 1911 nonvidantur.
1252 1860 1305 1911 Cir.

218 1931 289 1981 sinet.
319 1931 376 1982 Noli
398 1931 542 1996 intelligere
566 1933 600 1982 do
623 1931 743 1981 carmine
780 1931 872 1982 Marini
889 1933 916 1982 F.
935 1933 964 1982 Δ.
981 1947 1007 1998 p.
1026 1933 1083 1984 682.
1102 1933 1158 1984 683.
1188 1933 1307 1986 avelina

219 2007 306 2070 primo
314 2005 374 2056 libri
383 2008 461 2071 primi
470 2009 516 2057 aut
524 2007 558 2056 de
567 2007 647 2057 satira
657 2005 743 2069 prima
780 2005 869 2066 opmu
887 2007 930 2056 lll.
952 2021 978 2071 p.
1000 2007 1041 2060 ta.
1077 2008 1217 2072 Inscriptio
1234 2011 1307 2074 apud

219 2079 278 2131 libri
296 2082 511 2146 primi-dicta]
529 2084 558 2133 Α.
574 2085 601 2132 P.
615 2079 677 2130 atr:
695 2079 744 2129 Die
780 2080 868 2128 Osann
891 2094 918 2144 p.
938 2080 999 2131 tte:
1028 2081 1220 2132 TltOPlllltVS.
1249 2085 1306 2134 AV-

218 2157 292 2218 miti,
310 2158 398 2218 Musa,
415 2158 508 2206 cinam.
525 2183 551 2192 -
565 2155 672 2219 mmo]
686 2152 744 2203 eul—
780 2153 883 2204 GVSl'l.
902 2156 931 2205 1..
951 2156 1110 2206 SECVNDA.
1130 2158 1236 2207 lvcis.
1255 2159 1307 2209 FA—

219 2231 308 2293 timan,
320 2233 350 2282 ut
358 2230 405 2281 Od.
416 2231 441 2292 3,
451 2233 493 2292 28,
505 2231 549 2282 ts:
568 2232 671 2281 smmno
682 2243 743 2278 car-
779 2229 900 2280 uictas.
925 2231 1169 2282 staurarcalas.
1189 2233 1305 2284 clusa-

218 2303 744 2367 mine.0vid.tnst.t,3‚ettzctqeaet
779 2304 839 2353 llIS.
863 2305 949 2355 LVDI.
967 2307 1083 2356 MAGNI.
1104 2335 1132 2344 -
1152 2310 1303 2369 quadrien
1386 2358 1390 2367 ,

217 2381 342 2430 decadem
364 2381 449 2430 amula
468 2393 567 2429 mmmc
587 2380 650 2428 dedi.
682 2380 742 2438 (Ne-
780 2379 913 2444 includere]
923 2381 1019 2432 eadem
1028 2385 1237 2445 constructione,
1251 2397 1304 2448 qua

218 2467 354 2518 quaquam
370 2469 435 2505 vero
453 2455 523 2505 hanc
539 2456 625 2519 ipsam
637 2454 743 2517 Episto-
780 2453 827 2504 0d.
840 2455 863 2515 t,
875 2456 915 2516 tc,
929 2457 975 2505 ae:
988 2457 1089 2506 raudus
1098 2459 1201 2508 liutara
1211 2473 1306 2521 quum

217 2526 271 2578 lam
289 2527 410 2578 ultimum
428 2541 508 2580 suum
525 2541 585 2580 esse
604 2528 669 2579 dicit
682 2539 742 2576 car-
779 2529 869 2578 tristia.
889 2531 942 2580 Sat.
956 2530 983 2591 t,
998 2531 1028 2592 9,
1047 2531 1076 2581 8:
1096 2533 1219 2584 discedere
1230 2547 1306 2596 quae

217 2615 294 2664 meu,
313 2605 342 2653 ut
353 2602 470 2654 nonnulli
482 2617 564 2668 prave
576 2603 742 2667 interpretati
778 2615 843 2652 rans.
879 2628 905 2639 -
940 2604 1013 2666 tudo]
1041 2603 1230 2669 «gladiatorio,
1258 2607 1304 2658 uhi

217 2678 298 2740 suut.)
326 2705 353 2714 -
378 2679 534 2743 spectatura]
552 2678 671 2728 Verbum
689 2677 741 2726 huc
779 2679 854 2740 quasi
878 2677 995 2728 inclusus
1014 2679 1039 2729 in
1057 2679 1123 2730 cella
1141 2681 1191 2731 sub
1210 2681 1304 2733 lanista

217 2755 258 2804 est
266 2755 405 2817 proprium
414 2754 447 2804 de
458 2751 647 2817 gladiatoribus
658 2767 740 2817 saepe
778 2753 866 2802 vivam
888 2752 1020 2816 huiusque
1044 2751 1174 2804 arbitratu
1195 2756 1221 2806 in
1243 2769 1305 2806 are-

215 2828 363 2879 victoribus
380 2831 460 2892 atque
478 2843 493 2878 a
508 2827 607 2894 populo
620 2828 742 2879 celebra·
778 2839 842 2878 uam
863 2827 1052 2877 descendam.»
1091 2829 1152 2878 Sine
1173 2830 1301 2892 imagine:

216 2903 263 2964 tis,
277 2905 338 2952 nota
350 2903 395 2953 SP.
410 2916 569 2968 expressum
581 2904 608 2953 iu
621 2903 739 2963 tesseris,
780 2901 876 2951 «Miror
895 2904 922 2951 ta
941 2899 1056 2952 aliumve
1074 2901 1164 2952 denuo
1185 2905 1304 2956 carmina

216 2989 286 3040 quae
304 2976 400 3027 talibus
417 2978 526 3028 honoris
541 2989 620 3028 causa
638 2977 742 3028 dehau—
778 2988 793 3024 a
812 2989 855 3025 me
872 2975 1021 3039 postulare,
1050 2988 1112 3025 cum
1133 2978 1187 3027 iam
1209 2981 1236 3028 et
1258 2991 1304 3028 se-

216 3053 268 3101 tur.
294 3052 326 3100 V.
345 3053 477 3116 Inscriptt.
496 3065 532 3103 m.
551 3053 607 3103 Lat.
626 3055 657 3104 N.
675 3053 737 3102 asar
778 3050 932 3100 uiorlactus
944 3051 995 3100 sim
1007 3051 1107 3099 etanta
1120 3052 1207 3100 omnia
1219 3053 1304 3103 otium

215 3138 294 3190 seqq.
312 3127 405 3178 Marini
416 3127 467 3176 Atti
478 3129 508 3176 ll.
526 3141 553 3191 p.
566 3127 624 3178 82³.
643 3127 741 3177 liuius-
778 3136 923 3189 quaeram,
945 3125 970 3174 in
990 3137 1043 3187 quo
1061 3125 1138 3175 unice
1156 3127 1302 3191 sapientiae

216 3201 289 3250 modi
309 3203 425 3252 tesseras
444 3205 522 3252 antea
539 3203 641 3265 ignotas
658 3200 741 3251 edidit
777 3212 886 3258 vacem;
905 3202 1044 3263 praeterea
1062 3201 1209 3263 poematis,
1233 3215 1302 3264 quae

214 3275 314 3326 ltoulez
333 3277 360 3327 iu
375 3276 454 3327 deod.
467 3277 554 3338 rogote
571 3276 742 3326 deBmueettes
777 3273 861 3336 edidi,
889 3274 963 3324 iustis
986 3273 1155 3338 popularium
1178 3286 1302 3326 meorum

214 3350 318 3402 vitii.
337 3351 426 3402 Bultet.
456 3352 566 3403 Ceteras
589 3351 677 3402 adhuc
694 3365 740 3401 re·
776 3347 914 3415 postuletis
931 3348 984 3398 iam
1001 3347 1162 3400 satislecisse
1181 3350 1246 3400 milri
1261 3351 1302 3400 vi-

170 3477 173 3484 *
214 3428 306 3490 pertas
323 3425 428 3489 collegit
444 3425 609 3478 cardinalias
629 3427 741 3489 ῡὸριοηιί
776 3426 869 3475 deor.»
898 3423 1031 3488 Imprimis
1057 3426 1148 3474 autem
1171 3424 1303 3476 abhorre-

213 3500 320 3550 mititdri
336 3514 362 3566 p.
377 3502 420 3552 tit
442 3514 519 3566 seqq.
543 3527 570 3538 -
589 3503 660 3564 rude]
678 3501 739 3552 Gla·
775 3497 1024 3550 betacarmiuibue
1039 3500 1219 3564 panegyricis,
1238 3513 1302 3564 qua-

214 3574 332 3626 diatores
349 3575 499 3641 postulante
517 3575 616 3641 populo
633 3577 659 3626 tn
679 3590 739 3627 am·
774 3575 808 3626 liu
825 3576 938 3625 fortusse
955 3573 989 3624 ab
1009 3587 1041 3623 eo
1064 3574 1298 3638 exspectabantur.

213 3650 364 3713 phitheatro
382 3663 398 3700 a
414 3650 538 3702 ludorum
555 3651 657 3702 editore
672 3653 740 3702 acci·
775 3649 963 3700 Recentiorum
972 3647 1082 3711 quidem
1094 3649 1185 3698 sensui
1197 3661 1303 3700 accom-

213 3722 324 3787 piebant
339 3727 429 3778 edem
446 3725 596 3791 (Freietob
614 3725 700 3787 Voss.)
713 3727 738 3776 in
775 3723 907 3776 modatior
923 3721 1029 3772 videtur
1047 3723 1230 3784 interrogatio:
1248 3725 1303 3772 Pri-

214 3799 319 3862 siguum
348 3801 581 3862 exauctorationis,
611 3802 634 3852 si
662 3799 738 3852 liberi
774 3796 957 3849 md--ludot
984 3795 1302 3848 Verumalteramratio-

214 3877 303 3935 erunt,
322 3875 344 3924 si
362 3875 445 3936 servi,
465 3876 598 3926 missionis
611 3873 739 3939 artisgla·
776 3885 852 3933 nem,
879 3885 961 3937 quam
978 3873 1088 3921 secutus
1110 3883 1185 3932 sum,
1212 3871 1301 3923 miuus

212 3949 357 4011 diatoriae,
375 3948 594 4014 vocabunturque
615 3950 736 4000 rudiarii.
775 3948 906 3998 concitata
917 3959 979 3996 cum
991 3946 1033 4006 sit,
1046 3942 1208 4016 χαρακτῆρι
1219 3949 1300 4010 atque

213 4025 268 4075 Cic.
289 4022 400 4090 Philipp.
414 4026 440 4086 Ξ,
458 4025 500 4084 29,
519 4025 565 4076 rt:
585 4025 646 4075 lom
662 4025 739 4075 tenue
776 4016 842 4087 ἤθει
852 4021 931 4072 huius
940 4019 1072 4086 Epistulae
1082 4021 1213 4083 aptiorem
1225 4025 1298 4085 puto.

211 4099 342 4163 gladiator
356 4100 446 4150 rudem
467 4105 520 4150 tam
539 4101 588 4150 cito
604 4099 740 4164 acceptati?
809 4096 865 4147 ic.
883 4097 941 4147 Nou
957 4097 1044 4146 eodem
1061 4100 1096 4146 est
1112 4095 1190 4160 cetae]
1208 4095 1256 4145 od.
1270 4096 1299 4156 t,

212 4171 402 4234 Ovid.Am.2‚
421 4174 451 4235 9,
470 4175 515 4224 22:
537 4175 647 4238 rosaque
663 4177 740 4238 depo-
777 4175 806 4234 l,
825 4173 856 4222 3:
882 4173 939 4224 Non
955 4183 1011 4220 nen
1033 4171 1114 4233 patulis
1134 4184 1207 4221 mam
1223 4171 1301 4222 bonde

211 4249 259 4300 aito
271 4249 387 4312 poscitur
402 4251 547 4300 mercdis.
577 4249 686 4301 Collatia
703 4249 740 4301 le-
775 4247 915 4311 &arogno
924 4247 1041 4297 estmoe.
1056 4246 1151 4297 Nescio
1160 4246 1299 4296 curtiolae

213 4335 278 4386 gum
297 4323 405 4376 ltosaic.
428 4327 454 4375 et
479 4327 553 4376 Rom.
578 4325 624 4384 tt,
651 4325 680 4386 7,
708 4323 737 4374 l:
776 4321 1000 4386 elegantissimum
1011 4322 1134 4374 iudicarit
1148 4320 1298 4372 lectionem:

748 4469 771 4514 Ι
826 4449 841 4482 0
