<?xml version="1.0" encoding="UTF-8"?>
<!DOCTYPE html PUBLIC "-//W3C//DTD XHTML 1.0 Transitional//EN"
    "http://www.w3.org/TR/xhtml1/DTD/xhtml1-transitional.dtd">
<html xmlns="http://www.w3.org/1999/xhtml" xml:lang="en" lang="en">
 <head>
  <title>
</title>
<meta http-equiv="Content-Type" content="text/html;charset=utf-8" />
  <meta name='ocr-system' content='tesseract 3.04.00' />
  <meta name='ocr-capabilities' content='ocr_page ocr_carea ocr_par ocr_line ocrx_word'/>
</head>
<body>
  <div class='ocr_page' id='page_1' title='image "./qhoratiusflaccu01baitgoog_0191.png"; bbox 0 0 3082 4968; ppageno 0'>
   <div class='ocr_carea' id='block_1_1' title="bbox 263 404 977 470">
    <p class='ocr_par' dir='ltr' id='par_1_1' title="bbox 263 404 977 470">
     <span class='ocr_line' id='line_1_1' title="bbox 263 404 977 470; baseline -0.015 -2"><span class='ocrx_word' id='word_1_1' title='bbox 263 404 326 470; x_wconf 80' lang='lat' dir='ltr'>iiii</span> <span class='ocrx_word' id='word_1_2' title='bbox 646 407 775 458; x_wconf 80' lang='lat' dir='ltr'>uomru</span> <span class='ocrx_word' id='word_1_3' title='bbox 795 405 977 458; x_wconf 78' lang='lat' dir='ltr'>sarrannuu</span> 
     </span>
    </p>
   </div>
   <div class='ocr_carea' id='block_1_2' title="bbox 306 559 1357 1258">
    <p class='ocr_par' dir='ltr' id='par_1_2' title="bbox 306 559 1225 773">
     <span class='ocr_line' id='line_1_2' title="bbox 306 559 1225 651; baseline -0.002 -23"><span class='ocrx_word' id='word_1_4' title='bbox 306 565 476 630; x_wconf 87' lang='lat' dir='ltr'>luventore</span> <span class='ocrx_word' id='word_1_5' title='bbox 499 562 618 642; x_wconf 90' lang='lat' dir='ltr'>miuor;</span> <span class='ocrx_word' id='word_1_6' title='bbox 641 582 750 651; x_wconf 91' lang='lat' dir='ltr'>neque</span> <span class='ocrx_word' id='word_1_7' title='bbox 773 583 836 648; x_wconf 86' lang='lat' dir='ltr'>ego</span> <span class='ocrx_word' id='word_1_8' title='bbox 859 561 902 628; x_wconf 91' lang='lat' dir='ltr'>illi</span> <span class='ocrx_word' id='word_1_9' title='bbox 924 559 1097 628; x_wconf 82' lang='lat' dir='ltr'>detrahere</span> <span class='ocrx_word' id='word_1_10' title='bbox 1120 562 1225 628; x_wconf 88' lang='lat' dir='ltr'>ausim</span> 
     </span>
     <span class='ocr_line' id='line_1_3' title="bbox 307 682 1209 773; baseline -0.006 -21"><span class='ocrx_word' id='word_1_11' title='bbox 307 686 501 752; x_wconf 81' lang='lat' dir='ltr'>Haerentem</span> <span class='ocrx_word' id='word_1_12' title='bbox 523 684 619 773; x_wconf 85' lang='lat' dir='ltr'>capiti</span> <span class='ocrx_word' id='word_1_13' title='bbox 642 703 716 751; x_wconf 89' lang='lat' dir='ltr'>oum</span> <span class='ocrx_word' id='word_1_14' title='bbox 739 682 837 750; x_wconf 87' lang='lat' dir='ltr'>multu</span> <span class='ocrx_word' id='word_1_15' title='bbox 860 682 1144 772; x_wconf 21' lang='lat' dir='ltr'>laudercoronam.</span> <span class='ocrx_word' id='word_1_16' title='bbox 1166 719 1209 732; x_wconf 89' lang='lat'>-·</span> 
     </span>
    </p>

    <p class='ocr_par' dir='ltr' id='par_1_3' title="bbox 307 803 1357 1136">
     <span class='ocr_line' id='line_1_4' title="bbox 307 803 1357 893; baseline -0.005 -21"><span class='ocrx_word' id='word_1_17' title='bbox 307 809 347 873; x_wconf 80' lang='lat' dir='ltr'>At</span> <span class='ocrx_word' id='word_1_18' title='bbox 367 805 434 873; x_wconf 83' lang='lat' dir='ltr'>dixi</span> <span class='ocrx_word' id='word_1_19' title='bbox 457 804 560 873; x_wconf 82' lang='lat' dir='ltr'>fluere</span> <span class='ocrx_word' id='word_1_20' title='bbox 582 804 669 873; x_wconf 88' lang='lat' dir='ltr'>huno</span> <span class='ocrx_word' id='word_1_21' title='bbox 691 803 898 882; x_wconf 89' lang='lat' dir='ltr'>lutulentum,</span> <span class='ocrx_word' id='word_1_22' title='bbox 923 825 1023 893; x_wconf 87' lang='lat' dir='ltr'>saepe</span> <span class='ocrx_word' id='word_1_23' title='bbox 1045 803 1201 872; x_wconf 84' lang='lat' dir='ltr'>serentem</span> <span class='ocrx_word' id='word_1_24' title='bbox 1315 805 1357 868; x_wconf 81' lang='lat'>50</span> 
     </span>
     <span class='ocr_line' id='line_1_5' title="bbox 308 924 1312 1016; baseline -0.005 -20"><span class='ocrx_word' id='word_1_25' title='bbox 308 927 404 996; x_wconf 89' lang='lat' dir='ltr'>Plura</span> <span class='ocrx_word' id='word_1_26' title='bbox 426 927 559 1016; x_wconf 92' lang='lat' dir='ltr'>quidem</span> <span class='ocrx_word' id='word_1_27' title='bbox 581 925 722 994; x_wconf 88' lang='lat' dir='ltr'>tollenda</span> <span class='ocrx_word' id='word_1_28' title='bbox 744 924 976 1014; x_wconf 86' lang='lat' dir='ltr'>relinquendis.</span> <span class='ocrx_word' id='word_1_29' title='bbox 997 963 1041 975; x_wconf 89' lang='lat'>-</span> <span class='ocrx_word' id='word_1_30' title='bbox 1060 927 1144 1012; x_wconf 81' lang='lat' dir='ltr'>lige,</span> <span class='ocrx_word' id='word_1_31' title='bbox 1170 945 1312 1013; x_wconf 83' lang='lat' dir='ltr'>quaeso,</span> 
     </span>
     <span class='ocr_line' id='line_1_6' title="bbox 309 1046 1210 1136; baseline -0.007 -20"><span class='ocrx_word' id='word_1_32' title='bbox 309 1051 355 1116; x_wconf 86' lang='lat' dir='ltr'>&#39;lu</span> <span class='ocrx_word' id='word_1_33' title='bbox 379 1048 455 1116; x_wconf 87' lang='lat' dir='ltr'>nihil</span> <span class='ocrx_word' id='word_1_34' title='bbox 477 1050 511 1115; x_wconf 91' lang='lat' dir='ltr'>in</span> <span class='ocrx_word' id='word_1_35' title='bbox 532 1068 649 1136; x_wconf 86' lang='lat' dir='ltr'>magno</span> <span class='ocrx_word' id='word_1_36' title='bbox 672 1047 788 1115; x_wconf 87' lang='lat' dir='ltr'>doctus</span> <span class='ocrx_word' id='word_1_37' title='bbox 809 1046 1022 1135; x_wconf 89' lang='lat' dir='ltr'>reprehendis</span> <span class='ocrx_word' id='word_1_38' title='bbox 1044 1047 1210 1116; x_wconf 80' lang='lat' dir='ltr'>Homero?</span> 
     </span>
    </p>

    <p class='ocr_par' dir='ltr' id='par_1_4' title="bbox 308 1168 1026 1258">
     <span class='ocr_line' id='line_1_7' title="bbox 308 1168 1026 1258; baseline -0.008 -20"><span class='ocrx_word' id='word_1_39' title='bbox 308 1170 357 1238; x_wconf 92' lang='lat' dir='ltr'>Nil</span> <span class='ocrx_word' id='word_1_40' title='bbox 379 1171 481 1239; x_wconf 90' lang='lat' dir='ltr'>comis</span> <span class='ocrx_word' id='word_1_41' title='bbox 504 1169 616 1258; x_wconf 80' lang='lat' dir='ltr'>tragici</span> <span class='ocrx_word' id='word_1_42' title='bbox 640 1177 741 1237; x_wconf 89' lang='lat' dir='ltr'>mutat</span> <span class='ocrx_word' id='word_1_43' title='bbox 761 1168 903 1236; x_wconf 88' lang='lat' dir='ltr'>Lucilius</span> <span class='ocrx_word' id='word_1_44' title='bbox 924 1169 1026 1236; x_wconf 74' lang='lat' dir='ltr'>Accii</span> 
     </span>
    </p>
   </div>
   <div class='ocr_carea' id='block_1_3' title="bbox 301 1421 1328 1636">
    <p class='ocr_par' dir='ltr' id='par_1_5' title="bbox 301 1421 1328 1636">
     <span class='ocr_line' id='line_1_8' title="bbox 332 1421 1328 1488; baseline -0.003 -11"><span class='ocrx_word' id='word_1_45' title='bbox 332 1425 374 1478; x_wconf 81' lang='lat' dir='ltr'>t9.</span> <span class='ocrx_word' id='word_1_46' title='bbox 392 1423 645 1485; x_wconf 64' lang='lat' dir='ltr'>modowaldus,</span> <span class='ocrx_word' id='word_1_47' title='bbox 664 1423 726 1474; x_wconf 89' lang='lat' dir='ltr'>Lct.</span> <span class='ocrx_word' id='word_1_48' title='bbox 745 1423 825 1486; x_wconf 90' lang='lat' dir='ltr'>(Cum</span> <span class='ocrx_word' id='word_1_49' title='bbox 843 1421 917 1488; x_wconf 71' lang='lat' dir='ltr'>ipius</span> <span class='ocrx_word' id='word_1_50' title='bbox 928 1422 1025 1474; x_wconf 86' lang='lat' dir='ltr'>decem</span> <span class='ocrx_word' id='word_1_51' title='bbox 1036 1421 1189 1474; x_wconf 80' lang='lat' dir='ltr'>codicibus·</span> <span class='ocrx_word' id='word_1_52' title='bbox 1203 1423 1328 1474; x_wconf 81' lang='lat' dir='ltr'>ordinem</span> 
     </span>
     <span class='ocr_line' id='line_1_9' title="bbox 303 1495 1326 1562; baseline -0.001 -13"><span class='ocrx_word' id='word_1_53' title='bbox 303 1499 450 1551; x_wconf 89' lang='lat' dir='ltr'>verborum</span> <span class='ocrx_word' id='word_1_54' title='bbox 466 1499 575 1550; x_wconf 86' lang='lat' dir='ltr'>invertit</span> <span class='ocrx_word' id='word_1_55' title='bbox 591 1495 745 1561; x_wconf 80' lang='lat' dir='ltr'>Bentleius.]</span> <span class='ocrx_word' id='word_1_56' title='bbox 774 1523 803 1535; x_wconf 91' lang='lat'><em>-</em></span> <span class='ocrx_word' id='word_1_57' title='bbox 831 1499 871 1548; x_wconf 85' lang='lat' dir='ltr'>tit.</span> <span class='ocrx_word' id='word_1_58' title='bbox 891 1511 984 1559; x_wconf 81' lang='lat' dir='ltr'>quaeso</span> <span class='ocrx_word' id='word_1_59' title='bbox 1001 1509 1136 1562; x_wconf 89' lang='lat' dir='ltr'>superscr.</span> <span class='ocrx_word' id='word_1_60' title='bbox 1155 1512 1171 1546; x_wconf 88' lang='lat' dir='ltr'>r</span> <span class='ocrx_word' id='word_1_61' title='bbox 1187 1497 1215 1548; x_wconf 87' lang='lat' dir='ltr'>b.</span> <span class='ocrx_word' id='word_1_62' title='bbox 1237 1523 1264 1534; x_wconf 99' lang='lat'>-</span> <span class='ocrx_word' id='word_1_63' title='bbox 1285 1500 1326 1548; x_wconf 74' lang='lat'>52.</span> 
     </span>
     <span class='ocr_line' id='line_1_10' title="bbox 301 1571 1326 1636; baseline -0.003 -11"><span class='ocrx_word' id='word_1_64' title='bbox 301 1575 338 1625; x_wconf 88' lang='lat' dir='ltr'>nii</span> <span class='ocrx_word' id='word_1_65' title='bbox 349 1573 377 1624; x_wconf 89' lang='lat' dir='ltr'>h.</span> <span class='ocrx_word' id='word_1_66' title='bbox 391 1601 418 1610; x_wconf 88' lang='lat'>—</span> <span class='ocrx_word' id='word_1_67' title='bbox 428 1573 557 1636; x_wconf 73' lang='lat' dir='ltr'>reprendis</span> <span class='ocrx_word' id='word_1_68' title='bbox 568 1573 647 1635; x_wconf 82' lang='lat' dir='ltr'>S‚LC.</span> <span class='ocrx_word' id='word_1_69' title='bbox 659 1597 687 1607; x_wconf 96' lang='lat'>-</span> <span class='ocrx_word' id='word_1_70' title='bbox 697 1572 739 1623; x_wconf 81' lang='lat'>53.</span> <span class='ocrx_word' id='word_1_71' title='bbox 749 1573 807 1622; x_wconf 78' lang='lat' dir='ltr'>Acri</span> <span class='ocrx_word' id='word_1_72' title='bbox 816 1571 916 1636; x_wconf 85' lang='lat' dir='ltr'>bscdp,</span> <span class='ocrx_word' id='word_1_73' title='bbox 934 1571 1069 1624; x_wconf 87' lang='lat' dir='ltr'>Bentleius</span> <span class='ocrx_word' id='word_1_74' title='bbox 1081 1575 1109 1623; x_wconf 92' lang='lat' dir='ltr'>et</span> <span class='ocrx_word' id='word_1_75' title='bbox 1117 1572 1149 1623; x_wconf 87' lang='lat' dir='ltr'>FJ</span> <span class='ocrx_word' id='word_1_76' title='bbox 1156 1586 1162 1620; x_wconf 91' lang='lat'>:</span> <span class='ocrx_word' id='word_1_77' title='bbox 1175 1571 1226 1622; x_wconf 76' lang='lat' dir='ltr'>dui</span> <span class='ocrx_word' id='word_1_78' title='bbox 1237 1574 1326 1625; x_wconf 73' lang='lat' dir='ltr'>ectu.</span> 
     </span>
    </p>
   </div>
   <div class='ocr_carea' id='block_1_4' title="bbox 269 1795 1415 4332">
    <p class='ocr_par' dir='ltr' id='par_1_6' title="bbox 269 1795 1370 2982">
     <span class='ocr_line' id='line_1_11' title="bbox 269 1795 1363 1862; baseline -0.005 -14"><span class='ocrx_word' id='word_1_79' title='bbox 269 1799 495 1849; x_wconf 87' lang='lat' dir='ltr'>Varronianorum</span> <span class='ocrx_word' id='word_1_80' title='bbox 506 1799 620 1848; x_wconf 84' lang='lat' dir='ltr'>constat.</span> <span class='ocrx_word' id='word_1_81' title='bbox 633 1795 692 1849; x_wconf 85' lang='lat' dir='ltr'>vid.</span> <span class='ocrx_word' id='word_1_82' title='bbox 701 1797 793 1848; x_wconf 85' lang='lat' dir='ltr'>lihein.</span> <span class='ocrx_word' id='word_1_83' title='bbox 833 1797 908 1848; x_wconf 89' lang='lat' dir='ltr'>cilius</span> <span class='ocrx_word' id='word_1_84' title='bbox 925 1798 1036 1862; x_wconf 87' lang='lat' dir='ltr'>propter</span> <span class='ocrx_word' id='word_1_85' title='bbox 1046 1796 1225 1848; x_wconf 68' lang='lat' dir='ltr'>urbanitatem</span> <span class='ocrx_word' id='word_1_86' title='bbox 1237 1796 1363 1848; x_wconf 75' lang='lat' dir='ltr'>dicitur.»</span> 
     </span>
     <span class='ocr_line' id='line_1_12' title="bbox 270 1872 1364 1937; baseline 0 -13"><span class='ocrx_word' id='word_1_87' title='bbox 270 1873 370 1924; x_wconf 79' lang='lat' dir='ltr'>Musti.</span> <span class='ocrx_word' id='word_1_88' title='bbox 382 1874 408 1922; x_wconf 86' lang='lat' dir='ltr'>F.</span> <span class='ocrx_word' id='word_1_89' title='bbox 419 1872 460 1923; x_wconf 90' lang='lat' dir='ltr'>Vl.</span> <span class='ocrx_word' id='word_1_90' title='bbox 472 1872 560 1937; x_wconf 77' lang='lat' dir='ltr'>piae.</span> <span class='ocrx_word' id='word_1_91' title='bbox 570 1898 598 1910; x_wconf 89' lang='lat'><em>-</em></span> <span class='ocrx_word' id='word_1_92' title='bbox 609 1873 739 1924; x_wconf 82' lang='lat' dir='ltr'>Inventore</span> <span class='ocrx_word' id='word_1_93' title='bbox 749 1873 797 1922; x_wconf 86' lang='lat' dir='ltr'>mi·</span> <span class='ocrx_word' id='word_1_94' title='bbox 834 1874 927 1924; x_wconf 81' lang='lat' dir='ltr'>Ponrn.</span> <span class='ocrx_word' id='word_1_95' title='bbox 947 1873 1084 1936; x_wconf 85' lang='lat' dir='ltr'>(Ceterum</span> <span class='ocrx_word' id='word_1_96' title='bbox 1095 1873 1259 1935; x_wconf 84' lang='lat' dir='ltr'>Diiutzerus‚</span> <span class='ocrx_word' id='word_1_97' title='bbox 1279 1886 1364 1937; x_wconf 88' lang='lat' dir='ltr'>quem</span> 
     </span>
     <span class='ocr_line' id='line_1_13' title="bbox 269 1947 1366 2013; baseline 0.001 -16"><span class='ocrx_word' id='word_1_98' title='bbox 269 1947 325 2012; x_wconf 88' lang='lat' dir='ltr'>nor]</span> <span class='ocrx_word' id='word_1_99' title='bbox 344 1949 428 1997; x_wconf 76' lang='lat' dir='ltr'>«sane</span> <span class='ocrx_word' id='word_1_100' title='bbox 451 1960 501 2010; x_wconf 85' lang='lat' dir='ltr'>ego</span> <span class='ocrx_word' id='word_1_101' title='bbox 522 1961 566 1999; x_wconf 90' lang='lat' dir='ltr'>me</span> <span class='ocrx_word' id='word_1_102' title='bbox 589 1950 720 2013; x_wconf 86' lang='lat' dir='ltr'>postpono</span> <span class='ocrx_word' id='word_1_103' title='bbox 743 1949 797 1998; x_wconf 88' lang='lat' dir='ltr'>Lu·</span> <span class='ocrx_word' id='word_1_104' title='bbox 834 1947 956 2010; x_wconf 89' lang='lat' dir='ltr'>sequitur</span> <span class='ocrx_word' id='word_1_105' title='bbox 984 1948 1208 2009; x_wconf 81' lang='lat' dir='ltr'>Wiistemannus‚</span> <span class='ocrx_word' id='word_1_106' title='bbox 1240 1949 1366 2013; x_wconf 86' lang='lat' dir='ltr'>opinatur</span> 
     </span>
     <span class='ocr_line' id='line_1_14' title="bbox 270 2015 1366 2087; baseline 0.001 -16"><span class='ocrx_word' id='word_1_107' title='bbox 270 2021 329 2071; x_wconf 86' lang='lat' dir='ltr'>cilio</span> <span class='ocrx_word' id='word_1_108' title='bbox 345 2019 388 2072; x_wconf 85' lang='lat' dir='ltr'>vel</span> <span class='ocrx_word' id='word_1_109' title='bbox 405 2024 515 2085; x_wconf 89' lang='lat' dir='ltr'>propter</span> <span class='ocrx_word' id='word_1_110' title='bbox 532 2021 583 2072; x_wconf 89' lang='lat' dir='ltr'>hoo</span> <span class='ocrx_word' id='word_1_111' title='bbox 600 2023 702 2086; x_wconf 87' lang='lat' dir='ltr'>ipsum,</span> <span class='ocrx_word' id='word_1_112' title='bbox 724 2021 797 2087; x_wconf 89' lang='lat' dir='ltr'>quod</span> <span class='ocrx_word' id='word_1_113' title='bbox 834 2015 981 2072; x_wconf 71' lang='lat' dir='ltr'>duvaicum</span> <span class='ocrx_word' id='word_1_114' title='bbox 999 2020 1042 2071; x_wconf 88' lang='lat' dir='ltr'>hic</span> <span class='ocrx_word' id='word_1_115' title='bbox 1060 2021 1118 2072; x_wconf 88' lang='lat' dir='ltr'>fieri</span> <span class='ocrx_word' id='word_1_116' title='bbox 1142 2023 1212 2072; x_wconf 88' lang='lat' dir='ltr'>inter</span> <span class='ocrx_word' id='word_1_117' title='bbox 1229 2035 1272 2073; x_wconf 88' lang='lat' dir='ltr'>vv.</span> <span class='ocrx_word' id='word_1_118' title='bbox 1285 2025 1366 2072; x_wconf 78' lang='lat' dir='ltr'>cornis</span> 
     </span>
     <span class='ocr_line' id='line_1_15' title="bbox 270 2093 1364 2160; baseline 0.005 -17"><span class='ocrx_word' id='word_1_119' title='bbox 270 2095 323 2144; x_wconf 89' lang='lat' dir='ltr'>hoc</span> <span class='ocrx_word' id='word_1_120' title='bbox 340 2107 424 2157; x_wconf 83' lang='lat' dir='ltr'>genus</span> <span class='ocrx_word' id='word_1_121' title='bbox 442 2108 473 2145; x_wconf 90' lang='lat' dir='ltr'>ea</span> <span class='ocrx_word' id='word_1_122' title='bbox 492 2095 591 2156; x_wconf 85' lang='lat' dir='ltr'>torma,</span> <span class='ocrx_word' id='word_1_123' title='bbox 610 2109 663 2160; x_wconf 88' lang='lat' dir='ltr'>que</span> <span class='ocrx_word' id='word_1_124' title='bbox 680 2109 751 2147; x_wconf 91' lang='lat' dir='ltr'>nunc</span> <span class='ocrx_word' id='word_1_125' title='bbox 770 2097 797 2145; x_wconf 92' lang='lat' dir='ltr'>iu</span> <span class='ocrx_word' id='word_1_126' title='bbox 835 2098 863 2147; x_wconf 89' lang='lat' dir='ltr'>et</span> <span class='ocrx_word' id='word_1_127' title='bbox 887 2097 992 2160; x_wconf 77' lang='lat' dir='ltr'>tropici,</span> <span class='ocrx_word' id='word_1_128' title='bbox 1023 2093 1113 2160; x_wconf 89' lang='lat' dir='ltr'>illique</span> <span class='ocrx_word' id='word_1_129' title='bbox 1142 2096 1364 2159; x_wconf 80' lang='lat' dir='ltr'>significationem</span> 
     </span>
     <span class='ocr_line' id='line_1_16' title="bbox 270 2170 1367 2235; baseline 0.001 -14"><span class='ocrx_word' id='word_1_130' title='bbox 270 2170 365 2222; x_wconf 85' lang='lat' dir='ltr'>litteris</span> <span class='ocrx_word' id='word_1_131' title='bbox 381 2170 479 2221; x_wconf 86' lang='lat' dir='ltr'>Latinis</span> <span class='ocrx_word' id='word_1_132' title='bbox 492 2171 664 2222; x_wconf 89' lang='lat' dir='ltr'>constitutum</span> <span class='ocrx_word' id='word_1_133' title='bbox 677 2173 729 2230; x_wconf 82' lang='lat' dir='ltr'>est,</span> <span class='ocrx_word' id='word_1_134' title='bbox 746 2171 798 2235; x_wconf 90' lang='lat' dir='ltr'>pri-</span> <span class='ocrx_word' id='word_1_135' title='bbox 835 2170 927 2221; x_wconf 87' lang='lat' dir='ltr'>tribuit</span> <span class='ocrx_word' id='word_1_136' title='bbox 950 2170 1043 2232; x_wconf 81' lang='lat' dir='ltr'>faceti,</span> <span class='ocrx_word' id='word_1_137' title='bbox 1070 2171 1196 2235; x_wconf 56' lang='lat' dir='ltr'>amdam»,</span> <span class='ocrx_word' id='word_1_138' title='bbox 1215 2183 1299 2234; x_wconf 83' lang='lat' dir='ltr'>quam</span> <span class='ocrx_word' id='word_1_139' title='bbox 1316 2184 1367 2222; x_wconf 89' lang='lat' dir='ltr'>su-</span> 
     </span>
     <span class='ocr_line' id='line_1_17' title="bbox 271 2243 1366 2314; baseline 0 -18"><span class='ocrx_word' id='word_1_140' title='bbox 271 2259 332 2296; x_wconf 91' lang='lat' dir='ltr'>mus</span> <span class='ocrx_word' id='word_1_141' title='bbox 349 2246 496 2314; x_wconf 74' lang='lat' dir='ltr'>tractavitn</span> <span class='ocrx_word' id='word_1_142' title='bbox 529 2245 624 2305; x_wconf 68' lang='lat' dir='ltr'>Sati,</span> <span class='ocrx_word' id='word_1_143' title='bbox 645 2244 671 2304; x_wconf 78' lang='lat' dir='ltr'>t,</span> <span class='ocrx_word' id='word_1_144' title='bbox 691 2243 737 2293; x_wconf 84' lang='lat'>63:</span> <span class='ocrx_word' id='word_1_145' title='bbox 764 2249 799 2294; x_wconf 78' lang='lat' dir='ltr'>ert</span> <span class='ocrx_word' id='word_1_146' title='bbox 834 2258 883 2310; x_wconf 88' lang='lat' dir='ltr'>pra</span> <span class='ocrx_word' id='word_1_147' title='bbox 901 2244 1003 2295; x_wconf 85' lang='lat' dir='ltr'>habere</span> <span class='ocrx_word' id='word_1_148' title='bbox 1020 2245 1127 2296; x_wconf 90' lang='lat' dir='ltr'>videtur</span> <span class='ocrx_word' id='word_1_149' title='bbox 1142 2259 1167 2296; x_wconf 81' lang='lat' dir='ltr'>v.</span> <span class='ocrx_word' id='word_1_150' title='bbox 1187 2245 1238 2307; x_wconf 82' lang='lat' dir='ltr'>lt.)</span> <span class='ocrx_word' id='word_1_151' title='bbox 1258 2272 1286 2282; x_wconf 91' lang='lat'>-</span> <span class='ocrx_word' id='word_1_152' title='bbox 1305 2259 1366 2296; x_wconf 83' lang='lat' dir='ltr'>mu-</span> 
     </span>
     <span class='ocr_line' id='line_1_18' title="bbox 271 2317 1367 2384; baseline 0.001 -14"><span class='ocrx_word' id='word_1_153' title='bbox 271 2320 382 2370; x_wconf 78' lang='lat' dir='ltr'>tacitiar</span> <span class='ocrx_word' id='word_1_154' title='bbox 398 2333 475 2370; x_wconf 75' lang='lat' dir='ltr'>anna</span> <span class='ocrx_word' id='word_1_155' title='bbox 493 2319 593 2370; x_wconf 70' lang='lat' dir='ltr'>aima</span> <span class='ocrx_word' id='word_1_156' title='bbox 614 2317 641 2368; x_wconf 87' lang='lat' dir='ltr'>in</span> <span class='ocrx_word' id='word_1_157' title='bbox 657 2317 722 2368; x_wconf 83' lang='lat' dir='ltr'>hane</span> <span class='ocrx_word' id='word_1_158' title='bbox 738 2332 799 2381; x_wconf 82' lang='lat' dir='ltr'>ope-</span> <span class='ocrx_word' id='word_1_159' title='bbox 835 2319 888 2384; x_wconf 83' lang='lat' dir='ltr'>iat]</span> <span class='ocrx_word' id='word_1_160' title='bbox 916 2319 1095 2370; x_wconf 70' lang='lat' dir='ltr'>«mutandum</span> <span class='ocrx_word' id='word_1_161' title='bbox 1124 2333 1147 2371; x_wconf 82' lang='lat' dir='ltr'>a.</span> <span class='ocrx_word' id='word_1_162' title='bbox 1174 2320 1367 2383; x_wconf 77' lang='lat' dir='ltr'>corrigendum</span> 
     </span>
     <span class='ocr_line' id='line_1_19' title="bbox 270 2391 1367 2457; baseline 0.001 -13"><span class='ocrx_word' id='word_1_163' title='bbox 270 2395 309 2444; x_wconf 79' lang='lat' dir='ltr'>ris</span> <span class='ocrx_word' id='word_1_164' title='bbox 324 2407 471 2457; x_wconf 73' lang='lat' dir='ltr'>conparere</span> <span class='ocrx_word' id='word_1_165' title='bbox 491 2393 608 2443; x_wconf 84' lang='lat' dir='ltr'>carmina</span> <span class='ocrx_word' id='word_1_166' title='bbox 627 2391 796 2444; x_wconf 68' lang='lat' dir='ltr'>marcenti:</span> <span class='ocrx_word' id='word_1_167' title='bbox 836 2396 955 2446; x_wconf 75' lang='lat' dir='ltr'>censet.»</span> <span class='ocrx_word' id='word_1_168' title='bbox 985 2395 1065 2446; x_wconf 88' lang='lat' dir='ltr'>Voss:</span> <span class='ocrx_word' id='word_1_169' title='bbox 1095 2395 1214 2446; x_wconf 82' lang='lat' dir='ltr'>Wiineclit</span> <span class='ocrx_word' id='word_1_170' title='bbox 1237 2397 1303 2445; x_wconf 67' lang='lat' dir='ltr'>wan</span> <span class='ocrx_word' id='word_1_171' title='bbox 1328 2409 1367 2445; x_wconf 86' lang='lat' dir='ltr'>an</span> 
     </span>
     <span class='ocr_line' id='line_1_20' title="bbox 273 2467 1367 2532; baseline 0 -13"><span class='ocrx_word' id='word_1_172' title='bbox 273 2469 400 2532; x_wconf 80' lang='lat' dir='ltr'>Quidquid</span> <span class='ocrx_word' id='word_1_173' title='bbox 423 2481 479 2518; x_wconf 78' lang='lat' dir='ltr'>eam</span> <span class='ocrx_word' id='word_1_174' title='bbox 503 2481 563 2531; x_wconf 75' lang='lat' dir='ltr'>epo,</span> <span class='ocrx_word' id='word_1_175' title='bbox 589 2467 704 2530; x_wconf 79' lang='lat' dir='ltr'>quamuis</span> <span class='ocrx_word' id='word_1_176' title='bbox 728 2468 800 2531; x_wconf 73' lang='lat' dir='ltr'>Infra</span> <span class='ocrx_word' id='word_1_177' title='bbox 834 2468 916 2519; x_wconf 78' lang='lat' dir='ltr'>Attius</span> <span class='ocrx_word' id='word_1_178' title='bbox 931 2468 1011 2518; x_wconf 71' lang='lat' dir='ltr'>niceta</span> <span class='ocrx_word' id='word_1_179' title='bbox 1027 2470 1072 2519; x_wconf 84' lang='lat' dir='ltr'>der</span> <span class='ocrx_word' id='word_1_180' title='bbox 1087 2469 1162 2518; x_wconf 78' lang='lat' dir='ltr'>mdde</span> <span class='ocrx_word' id='word_1_181' title='bbox 1183 2468 1293 2518; x_wconf 77' lang='lat' dir='ltr'>laetitae</span> <span class='ocrx_word' id='word_1_182' title='bbox 1313 2483 1367 2520; x_wconf 86' lang='lat' dir='ltr'>an-</span> 
     </span>
     <span class='ocr_line' id='line_1_21' title="bbox 272 2541 1367 2606; baseline 0.001 -12"><span class='ocrx_word' id='word_1_183' title='bbox 272 2543 352 2594; x_wconf 75' lang='lat' dir='ltr'>tariii</span> <span class='ocrx_word' id='word_1_184' title='bbox 374 2556 473 2593; x_wconf 78' lang='lat' dir='ltr'>censam</span> <span class='ocrx_word' id='word_1_185' title='bbox 498 2543 689 2606; x_wconf 71' lang='lat' dir='ltr'>ineentnnqne,</span> <span class='ocrx_word' id='word_1_186' title='bbox 716 2547 800 2592; x_wconf 86' lang='lat' dir='ltr'>tamen</span> <span class='ocrx_word' id='word_1_187' title='bbox 836 2541 910 2594; x_wconf 80' lang='lat' dir='ltr'>ders?</span> <span class='ocrx_word' id='word_1_188' title='bbox 935 2541 999 2593; x_wconf 87' lang='lat' dir='ltr'>Geli.</span> <span class='ocrx_word' id='word_1_189' title='bbox 1019 2543 1063 2604; x_wconf 83' lang='lat' dir='ltr'>ti,</span> <span class='ocrx_word' id='word_1_190' title='bbox 1081 2544 1127 2594; x_wconf 71' lang='lat' dir='ltr'>it:</span> <span class='ocrx_word' id='word_1_191' title='bbox 1146 2543 1290 2606; x_wconf 69' lang='lat' dir='ltr'>cannara</span> <span class='ocrx_word' id='word_1_192' title='bbox 1305 2547 1367 2595; x_wconf 87' lang='lat' dir='ltr'>tunc</span> 
     </span>
     <span class='ocr_line' id='line_1_22' title="bbox 273 2616 1365 2682; baseline 0.001 -13"><span class='ocrx_word' id='word_1_193' title='bbox 273 2621 326 2670; x_wconf 88' lang='lat' dir='ltr'>oet.</span> <span class='ocrx_word' id='word_1_194' title='bbox 347 2645 374 2654; x_wconf 90' lang='lat'>—</span> <span class='ocrx_word' id='word_1_195' title='bbox 391 2617 547 2682; x_wconf 79' lang='lat' dir='ltr'>Haerentem]</span> <span class='ocrx_word' id='word_1_196' title='bbox 568 2618 608 2666; x_wconf 77' lang='lat' dir='ltr'>uei</span> <span class='ocrx_word' id='word_1_197' title='bbox 630 2616 726 2667; x_wconf 89' lang='lat' dir='ltr'>merita</span> <span class='ocrx_word' id='word_1_198' title='bbox 750 2616 801 2666; x_wconf 88' lang='lat' dir='ltr'>de·</span> <span class='ocrx_word' id='word_1_199' title='bbox 836 2617 863 2667; x_wconf 92' lang='lat' dir='ltr'>in</span> <span class='ocrx_word' id='word_1_200' title='bbox 875 2619 1002 2680; x_wconf 76' lang='lat' dir='ltr'>poematia</span> <span class='ocrx_word' id='word_1_201' title='bbox 1018 2631 1105 2668; x_wconf 73' lang='lat' dir='ltr'>eonem</span> <span class='ocrx_word' id='word_1_202' title='bbox 1123 2619 1219 2682; x_wconf 82' lang='lat' dir='ltr'>(Ennii,</span> <span class='ocrx_word' id='word_1_203' title='bbox 1242 2617 1365 2682; x_wconf 80' lang='lat' dir='ltr'>Caecilii,</span> 
     </span>
     <span class='ocr_line' id='line_1_23' title="bbox 273 2688 1369 2756; baseline 0 -12"><span class='ocrx_word' id='word_1_204' title='bbox 273 2693 372 2753; x_wconf 63' lang='lat' dir='ltr'>biam,</span> <span class='ocrx_word' id='word_1_205' title='bbox 391 2692 459 2742; x_wconf 85' lang='lat' dir='ltr'>adeo</span> <span class='ocrx_word' id='word_1_206' title='bbox 476 2695 519 2752; x_wconf 85' lang='lat' dir='ltr'>ui,</span> <span class='ocrx_word' id='word_1_207' title='bbox 538 2705 571 2742; x_wconf 91' lang='lat' dir='ltr'>ue</span> <span class='ocrx_word' id='word_1_208' title='bbox 589 2691 611 2742; x_wconf 90' lang='lat' dir='ltr'>si</span> <span class='ocrx_word' id='word_1_209' title='bbox 629 2688 727 2742; x_wconf 84' lang='lat' dir='ltr'>vellem</span> <span class='ocrx_word' id='word_1_210' title='bbox 744 2691 801 2754; x_wconf 94' lang='lat' dir='ltr'>qui·</span> <span class='ocrx_word' id='word_1_211' title='bbox 835 2692 966 2753; x_wconf 85' lang='lat' dir='ltr'>Terentii,</span> <span class='ocrx_word' id='word_1_212' title='bbox 990 2694 1109 2755; x_wconf 86' lang='lat' dir='ltr'>Pacuvii,</span> <span class='ocrx_word' id='word_1_213' title='bbox 1128 2694 1208 2756; x_wconf 76' lang='lat' dir='ltr'>Accii)</span> <span class='ocrx_word' id='word_1_214' title='bbox 1226 2692 1369 2744; x_wconf 81' lang='lat' dir='ltr'>obtrectan-</span> 
     </span>
     <span class='ocr_line' id='line_1_24' title="bbox 274 2765 1367 2833; baseline -0.002 -12"><span class='ocrx_word' id='word_1_215' title='bbox 274 2769 350 2831; x_wconf 85' lang='lat' dir='ltr'>dem,</span> <span class='ocrx_word' id='word_1_216' title='bbox 370 2781 433 2820; x_wconf 92' lang='lat' dir='ltr'>eum</span> <span class='ocrx_word' id='word_1_217' title='bbox 449 2769 501 2818; x_wconf 88' lang='lat' dir='ltr'>hoc</span> <span class='ocrx_word' id='word_1_218' title='bbox 518 2765 596 2818; x_wconf 88' lang='lat' dir='ltr'>leude</span> <span class='ocrx_word' id='word_1_219' title='bbox 609 2765 723 2832; x_wconf 86' lang='lat' dir='ltr'>spoliare</span> <span class='ocrx_word' id='word_1_220' title='bbox 735 2779 801 2832; x_wconf 93' lang='lat' dir='ltr'>pos-</span> <span class='ocrx_word' id='word_1_221' title='bbox 837 2767 875 2817; x_wconf 81' lang='lat' dir='ltr'>die</span> <span class='ocrx_word' id='word_1_222' title='bbox 885 2767 995 2818; x_wconf 78' lang='lat' dir='ltr'>Lucilius</span> <span class='ocrx_word' id='word_1_223' title='bbox 1004 2767 1062 2832; x_wconf 69' lang='lat' dir='ltr'>fait.</span> <span class='ocrx_word' id='word_1_224' title='bbox 1093 2769 1281 2820; x_wconf 71' lang='lat' dir='ltr'>«Fecitautem</span> <span class='ocrx_word' id='word_1_225' title='bbox 1295 2768 1367 2833; x_wconf 80' lang='lat' dir='ltr'>(hoc)</span> 
     </span>
     <span class='ocr_line' id='line_1_25' title="bbox 273 2839 1369 2904; baseline 0 -8"><span class='ocrx_word' id='word_1_226' title='bbox 273 2858 359 2896; x_wconf 83' lang='lat' dir='ltr'>sem.»</span> <span class='ocrx_word' id='word_1_227' title='bbox 387 2842 494 2893; x_wconf 80' lang='lat' dir='ltr'>Vidad</span> <span class='ocrx_word' id='word_1_228' title='bbox 512 2843 607 2903; x_wconf 79' lang='lat' dir='ltr'>Seii,</span> <span class='ocrx_word' id='word_1_229' title='bbox 626 2841 654 2904; x_wconf 84' lang='lat'>3,</span> <span class='ocrx_word' id='word_1_230' title='bbox 673 2841 714 2894; x_wconf 73' lang='lat'>32.</span> <span class='ocrx_word' id='word_1_231' title='bbox 739 2839 797 2892; x_wconf 92' lang='lat' dir='ltr'>coll.</span> <span class='ocrx_word' id='word_1_232' title='bbox 838 2841 995 2904; x_wconf 79' lang='lat' dir='ltr'>cumatius,</span> <span class='ocrx_word' id='word_1_233' title='bbox 1023 2845 1080 2894; x_wconf 89' lang='lat' dir='ltr'>tum</span> <span class='ocrx_word' id='word_1_234' title='bbox 1104 2844 1130 2893; x_wconf 91' lang='lat' dir='ltr'>in</span> <span class='ocrx_word' id='word_1_235' title='bbox 1151 2844 1230 2895; x_wconf 90' lang='lat' dir='ltr'>tertio</span> <span class='ocrx_word' id='word_1_236' title='bbox 1251 2841 1321 2894; x_wconf 92' lang='lat' dir='ltr'>libro</span> <span class='ocrx_word' id='word_1_237' title='bbox 1339 2849 1369 2896; x_wconf 82' lang='lat' dir='ltr'>et</span> 
     </span>
     <span class='ocr_line' id='line_1_26' title="bbox 274 2916 1370 2982; baseline 0.001 -13"><span class='ocrx_word' id='word_1_238' title='bbox 274 2921 327 2970; x_wconf 86' lang='lat' dir='ltr'>Sat.</span> <span class='ocrx_word' id='word_1_239' title='bbox 346 2919 376 2978; x_wconf 72' lang='lat'>2,</span> <span class='ocrx_word' id='word_1_240' title='bbox 395 2917 425 2979; x_wconf 83' lang='lat'>3,</span> <span class='ocrx_word' id='word_1_241' title='bbox 443 2919 501 2968; x_wconf 75' lang='lat'>205.</span> <span class='ocrx_word' id='word_1_242' title='bbox 837 2931 908 2968; x_wconf 89' lang='lat' dir='ltr'>nouo</span> <span class='ocrx_word' id='word_1_243' title='bbox 926 2920 953 2968; x_wconf 90' lang='lat' dir='ltr'>et</span> <span class='ocrx_word' id='word_1_244' title='bbox 970 2916 1075 2969; x_wconf 87' lang='lat' dir='ltr'>decimo</span> <span class='ocrx_word' id='word_1_245' title='bbox 1094 2919 1283 2982; x_wconf 67' lang='lat' dir='ltr'>(Satirarumln</span> <span class='ocrx_word' id='word_1_246' title='bbox 1302 2921 1370 2970; x_wconf 83' lang='lat' dir='ltr'>Poa-</span> 
     </span>
    </p>

    <p class='ocr_par' dir='ltr' id='par_1_7' title="bbox 274 2991 1415 4332">
     <span class='ocr_line' id='line_1_27' title="bbox 306 2991 1367 3060; baseline -0.001 -14"><span class='ocrx_word' id='word_1_247' title='bbox 306 2995 395 3046; x_wconf 79' lang='grc'><strong>50-55.</strong></span> <span class='ocrx_word' id='word_1_248' title='bbox 412 2995 490 3058; x_wconf 73' lang='lat' dir='ltr'>tinere</span> <span class='ocrx_word' id='word_1_249' title='bbox 507 2995 655 3046; x_wconf 58' lang='lat' dir='ltr'>lachmann</span> <span class='ocrx_word' id='word_1_250' title='bbox 668 2995 731 3060; x_wconf 79' lang='lat' dir='ltr'>cet]</span> <span class='ocrx_word' id='word_1_251' title='bbox 744 2995 800 3046; x_wconf 87' lang='lat' dir='ltr'>Set.</span> <span class='ocrx_word' id='word_1_252' title='bbox 838 3006 910 3042; x_wconf 83' lang='lat' dir='ltr'>rura.</span> <span class='ocrx_word' id='word_1_253' title='bbox 931 3019 958 3028; x_wconf 90' lang='lat'><em>-</em></span> <span class='ocrx_word' id='word_1_254' title='bbox 979 2991 1046 3057; x_wconf 75' lang='lat' dir='ltr'>Acci]</span> <span class='ocrx_word' id='word_1_255' title='bbox 1070 2991 1130 3043; x_wconf 85' lang='lat' dir='ltr'>vid.</span> <span class='ocrx_word' id='word_1_256' title='bbox 1149 2993 1184 3044; x_wconf 85' lang='lat' dir='ltr'>ad</span> <span class='ocrx_word' id='word_1_257' title='bbox 1201 2995 1268 3058; x_wconf 86' lang='lat' dir='ltr'>Epp.</span> <span class='ocrx_word' id='word_1_258' title='bbox 1286 2995 1316 3055; x_wconf 73' lang='lat' dir='ltr'>i,</span> <span class='ocrx_word' id='word_1_259' title='bbox 1336 2996 1367 3056; x_wconf 88' lang='lat' dir='ltr'>t,</span> 
     </span>
     <span class='ocr_line' id='line_1_28' title="bbox 276 3067 1369 3132; baseline -0.002 -12"><span class='ocrx_word' id='word_1_260' title='bbox 276 3071 315 3131; x_wconf 88' lang='lat' dir='ltr'>t‚·</span> <span class='ocrx_word' id='word_1_261' title='bbox 330 3068 358 3130; x_wconf 79' lang='lat' dir='ltr'>t,</span> <span class='ocrx_word' id='word_1_262' title='bbox 382 3070 421 3119; x_wconf 89' lang='lat' dir='ltr'>tt.</span> <span class='ocrx_word' id='word_1_263' title='bbox 442 3070 582 3121; x_wconf 76' lang='lat' dir='ltr'>«torrentis</span> <span class='ocrx_word' id='word_1_264' title='bbox 602 3071 686 3122; x_wconf 83' lang='lat' dir='ltr'>instar</span> <span class='ocrx_word' id='word_1_265' title='bbox 707 3082 801 3120; x_wconf 90' lang='lat' dir='ltr'>secum</span> <span class='ocrx_word' id='word_1_266' title='bbox 838 3067 878 3117; x_wconf 79' lang='lat'>56.</span> <span class='ocrx_word' id='word_1_267' title='bbox 900 3091 928 3102; x_wconf 93' lang='lat'><em>-</em></span> <span class='ocrx_word' id='word_1_268' title='bbox 947 3069 1004 3117; x_wconf 87' lang='lat' dir='ltr'>Non</span> <span class='ocrx_word' id='word_1_269' title='bbox 1019 3068 1085 3118; x_wconf 85' lang='lat' dir='ltr'>ridet</span> <span class='ocrx_word' id='word_1_270' title='bbox 1102 3068 1164 3132; x_wconf 86' lang='lat' dir='ltr'>cet]</span> <span class='ocrx_word' id='word_1_271' title='bbox 1183 3068 1273 3120; x_wconf 80' lang='lat' dir='ltr'>«idem</span> <span class='ocrx_word' id='word_1_272' title='bbox 1291 3070 1369 3119; x_wconf 88' lang='lat' dir='ltr'>Luci-</span> 
     </span>
     <span class='ocr_line' id='line_1_29' title="bbox 274 3141 1369 3208; baseline 0 -14"><span class='ocrx_word' id='word_1_273' title='bbox 274 3143 427 3194; x_wconf 85' lang='lat' dir='ltr'>traheutem</span> <span class='ocrx_word' id='word_1_274' title='bbox 444 3143 520 3208; x_wconf 91' lang='lat' dir='ltr'>plura</span> <span class='ocrx_word' id='word_1_275' title='bbox 536 3145 646 3208; x_wconf 91' lang='lat' dir='ltr'>quidem</span> <span class='ocrx_word' id='word_1_276' title='bbox 657 3143 802 3196; x_wconf 88' lang='lat' dir='ltr'>recidenda</span> <span class='ocrx_word' id='word_1_277' title='bbox 838 3141 914 3204; x_wconf 79' lang='lat' dir='ltr'>iius‚n</span> <span class='ocrx_word' id='word_1_278' title='bbox 927 3141 1019 3207; x_wconf 84' lang='lat' dir='ltr'>iuquit,</span> <span class='ocrx_word' id='word_1_279' title='bbox 1031 3143 1283 3195; x_wconf 71' lang='lat' dir='ltr'>«minimeehstiuet</span> <span class='ocrx_word' id='word_1_280' title='bbox 1293 3157 1308 3194; x_wconf 87' lang='lat' dir='ltr'>a</span> <span class='ocrx_word' id='word_1_281' title='bbox 1320 3144 1369 3194; x_wconf 90' lang='lat' dir='ltr'>de·</span> 
     </span>
     <span class='ocr_line' id='line_1_30' title="bbox 275 3217 1415 3284; baseline -0.002 -14"><span class='ocrx_word' id='word_1_282' title='bbox 275 3217 439 3270; x_wconf 71' lang='lat' dir='ltr'>servandisn</span> <span class='ocrx_word' id='word_1_283' title='bbox 455 3247 481 3256; x_wconf 89' lang='lat'><em>-</em></span> <span class='ocrx_word' id='word_1_284' title='bbox 496 3220 588 3284; x_wconf 63' lang='lat' dir='ltr'>metae]</span> <span class='ocrx_word' id='word_1_285' title='bbox 609 3220 757 3271; x_wconf 75' lang='lat' dir='ltr'>acriiicusn</span> <span class='ocrx_word' id='word_1_286' title='bbox 772 3246 800 3255; x_wconf 91' lang='lat'>-</span> <span class='ocrx_word' id='word_1_287' title='bbox 838 3217 957 3268; x_wconf 89' lang='lat' dir='ltr'>ridendis</span> <span class='ocrx_word' id='word_1_288' title='bbox 973 3219 1049 3268; x_wconf 86' lang='lat' dir='ltr'>Ennii</span> <span class='ocrx_word' id='word_1_289' title='bbox 1064 3217 1188 3269; x_wconf 83' lang='lat' dir='ltr'>versibus</span> <span class='ocrx_word' id='word_1_290' title='bbox 1202 3219 1290 3269; x_wconf 85' lang='lat' dir='ltr'>miuus</span> <span class='ocrx_word' id='word_1_291' title='bbox 1307 3231 1368 3282; x_wconf 78' lang='lat' dir='ltr'>gra·</span> <span class='ocrx_word' id='word_1_292' title='bbox 1411 3235 1415 3244; x_wconf 92' lang='lat'>·</span> 
     </span>
     <span class='ocr_line' id='line_1_31' title="bbox 275 3290 1368 3358; baseline 0.001 -14"><span class='ocrx_word' id='word_1_293' title='bbox 275 3293 441 3358; x_wconf 75' lang='lat' dir='ltr'>reprehendis]</span> <span class='ocrx_word' id='word_1_294' title='bbox 459 3295 595 3345; x_wconf 86' lang='lat' dir='ltr'>Eiusmodi</span> <span class='ocrx_word' id='word_1_295' title='bbox 612 3294 804 3358; x_wconf 89' lang='lat' dir='ltr'>reprehensio·</span> <span class='ocrx_word' id='word_1_296' title='bbox 838 3292 931 3356; x_wconf 81' lang='lat' dir='ltr'>uibus,</span> <span class='ocrx_word' id='word_1_297' title='bbox 945 3305 1027 3357; x_wconf 85' lang='lat' dir='ltr'>quam</span> <span class='ocrx_word' id='word_1_298' title='bbox 1038 3290 1141 3357; x_wconf 85' lang='lat' dir='ltr'>reliqua</span> <span class='ocrx_word' id='word_1_299' title='bbox 1151 3294 1208 3344; x_wconf 85' lang='lat' dir='ltr'>eius</span> <span class='ocrx_word' id='word_1_300' title='bbox 1218 3295 1245 3342; x_wconf 91' lang='lat' dir='ltr'>et</span> <span class='ocrx_word' id='word_1_301' title='bbox 1256 3293 1368 3344; x_wconf 90' lang='lat' dir='ltr'>omnino</span> 
     </span>
     <span class='ocr_line' id='line_1_32' title="bbox 276 3367 1369 3432; baseline 0 -12"><span class='ocrx_word' id='word_1_302' title='bbox 276 3383 326 3420; x_wconf 86' lang='lat' dir='ltr'>nes</span> <span class='ocrx_word' id='word_1_303' title='bbox 340 3369 448 3418; x_wconf 86' lang='lat' dir='ltr'>Homeri</span> <span class='ocrx_word' id='word_1_304' title='bbox 461 3382 494 3418; x_wconf 82' lang='lat' dir='ltr'>ex</span> <span class='ocrx_word' id='word_1_305' title='bbox 505 3368 596 3419; x_wconf 85' lang='lat' dir='ltr'>schola</span> <span class='ocrx_word' id='word_1_306' title='bbox 609 3369 803 3419; x_wconf 85' lang='lat' dir='ltr'>Grammatico·</span> <span class='ocrx_word' id='word_1_307' title='bbox 840 3367 908 3432; x_wconf 86' lang='lat' dir='ltr'>epici</span> <span class='ocrx_word' id='word_1_308' title='bbox 925 3368 1031 3431; x_wconf 79' lang='lat' dir='ltr'>generis</span> <span class='ocrx_word' id='word_1_309' title='bbox 1049 3367 1163 3432; x_wconf 84' lang='lat' dir='ltr'>dignitus</span> <span class='ocrx_word' id='word_1_310' title='bbox 1185 3369 1310 3432; x_wconf 87' lang='lat' dir='ltr'>requirit,</span> <span class='ocrx_word' id='word_1_311' title='bbox 1338 3373 1369 3420; x_wconf 89' lang='lat' dir='ltr'>ut</span> 
     </span>
     <span class='ocr_line' id='line_1_33' title="bbox 277 3442 1369 3508; baseline -0.003 -12"><span class='ocrx_word' id='word_1_312' title='bbox 277 3443 804 3508; x_wconf 77' lang='lat' dir='ltr'>rumAtexundrinorumproiecteecom-</span> <span class='ocrx_word' id='word_1_313' title='bbox 840 3455 902 3492; x_wconf 90' lang='lat' dir='ltr'>cum</span> <span class='ocrx_word' id='word_1_314' title='bbox 919 3442 1037 3506; x_wconf 85' lang='lat' dir='ltr'>scripsit:</span> <span class='ocrx_word' id='word_1_315' title='bbox 1055 3443 1087 3493; x_wconf 79' lang='lat' dir='ltr'>At</span> <span class='ocrx_word' id='word_1_316' title='bbox 1098 3442 1158 3493; x_wconf 81' lang='lat' dir='ltr'>tado</span> <span class='ocrx_word' id='word_1_317' title='bbox 1169 3443 1274 3492; x_wconf 78' lang='lat' dir='ltr'>tnridiii</span> <span class='ocrx_word' id='word_1_318' title='bbox 1284 3443 1369 3494; x_wconf 68' lang='lat' dir='ltr'>sanda</span> 
     </span>
     <span class='ocr_line' id='line_1_34' title="bbox 276 3516 1369 3585; baseline 0.001 -16"><span class='ocrx_word' id='word_1_319' title='bbox 276 3517 367 3585; x_wconf 90' lang='lat' dir='ltr'>plures</span> <span class='ocrx_word' id='word_1_320' title='bbox 380 3516 805 3569; x_wconf 84' lang='lat' dir='ltr'>inveniunturinScholiisVene-</span> <span class='ocrx_word' id='word_1_321' title='bbox 839 3521 1005 3568; x_wconf 73' lang='lat' dir='ltr'>taratantara</span> <span class='ocrx_word' id='word_1_322' title='bbox 1029 3518 1107 3580; x_wconf 75' lang='lat' dir='ltr'>dicit,</span> <span class='ocrx_word' id='word_1_323' title='bbox 1136 3521 1176 3569; x_wconf 89' lang='lat' dir='ltr'>et:</span> <span class='ocrx_word' id='word_1_324' title='bbox 1207 3518 1295 3568; x_wconf 76' lang='lat' dir='ltr'>orire</span> <span class='ocrx_word' id='word_1_325' title='bbox 1316 3523 1369 3571; x_wconf 83' lang='lat' dir='ltr'>tute</span> 
     </span>
     <span class='ocr_line' id='line_1_35' title="bbox 277 3591 1365 3658; baseline -0.002 -12"><span class='ocrx_word' id='word_1_326' title='bbox 277 3596 319 3646; x_wconf 81' lang='lat' dir='ltr'>tis.</span> <span class='ocrx_word' id='word_1_327' title='bbox 327 3592 386 3643; x_wconf 93' lang='lat' dir='ltr'>Vid.</span> <span class='ocrx_word' id='word_1_328' title='bbox 394 3592 428 3643; x_wconf 89' lang='lat' dir='ltr'>ad</span> <span class='ocrx_word' id='word_1_329' title='bbox 436 3593 492 3642; x_wconf 77' lang='lat' dir='ltr'>Art.</span> <span class='ocrx_word' id='word_1_330' title='bbox 500 3593 572 3643; x_wconf 77' lang='lat' dir='ltr'>Poet.</span> <span class='ocrx_word' id='word_1_331' title='bbox 582 3605 607 3642; x_wconf 90' lang='lat' dir='ltr'>v.</span> <span class='ocrx_word' id='word_1_332' title='bbox 615 3591 672 3642; x_wconf 82' lang='grc'>359.</span> <span class='ocrx_word' id='word_1_333' title='bbox 683 3620 710 3628; x_wconf 96' lang='grc'><strong>-</strong></span> <span class='ocrx_word' id='word_1_334' title='bbox 719 3593 803 3658; x_wconf 64' lang='lat' dir='ltr'>omna]</span> <span class='ocrx_word' id='word_1_335' title='bbox 842 3593 896 3644; x_wconf 81' lang='lat' dir='ltr'>Tati</span> <span class='ocrx_word' id='word_1_336' title='bbox 907 3593 951 3642; x_wconf 82' lang='lat' dir='ltr'>tibi</span> <span class='ocrx_word' id='word_1_337' title='bbox 962 3598 1035 3643; x_wconf 72' lang='lat' dir='ltr'>tama</span> <span class='ocrx_word' id='word_1_338' title='bbox 1046 3598 1153 3656; x_wconf 68' lang='lat' dir='ltr'>tyranne</span> <span class='ocrx_word' id='word_1_339' title='bbox 1163 3594 1241 3644; x_wconf 73' lang='lat' dir='ltr'>tedisii</span> <span class='ocrx_word' id='word_1_340' title='bbox 1251 3595 1365 3654; x_wconf 77' lang='lat' dir='ltr'>Domita.</span> 
     </span>
     <span class='ocr_line' id='line_1_36' title="bbox 277 3665 1368 3739; baseline 0 -20"><span class='ocrx_word' id='word_1_341' title='bbox 277 3671 335 3719; x_wconf 88' lang='lat' dir='ltr'>Noa</span> <span class='ocrx_word' id='word_1_342' title='bbox 346 3680 396 3732; x_wconf 89' lang='lat' dir='ltr'>per</span> <span class='ocrx_word' id='word_1_343' title='bbox 404 3668 551 3739; x_wconf 79' lang='grc' dir='ltr'><strong><em>εἰρωνείαν</em></strong></span> <span class='ocrx_word' id='word_1_344' title='bbox 559 3665 745 3731; x_wconf 86' lang='lat' dir='ltr'>accipiendum</span> <span class='ocrx_word' id='word_1_345' title='bbox 757 3680 805 3732; x_wconf 94' lang='lat' dir='ltr'>pu·</span> <span class='ocrx_word' id='word_1_346' title='bbox 840 3670 920 3719; x_wconf 89' lang='lat' dir='ltr'>item:</span> <span class='ocrx_word' id='word_1_347' title='bbox 947 3668 994 3719; x_wconf 81' lang='lat' dir='ltr'>teto</span> <span class='ocrx_word' id='word_1_348' title='bbox 1017 3669 1151 3732; x_wconf 69' lang='lat' dir='ltr'>Transtipit</span> <span class='ocrx_word' id='word_1_349' title='bbox 1171 3681 1274 3731; x_wconf 74' lang='lat' dir='ltr'>carpeia,</span> <span class='ocrx_word' id='word_1_350' title='bbox 1301 3683 1368 3720; x_wconf 79' lang='lat' dir='ltr'>racc</span> 
     </span>
     <span class='ocr_line' id='line_1_37' title="bbox 278 3742 1368 3805; baseline 0.003 -13"><span class='ocrx_word' id='word_1_351' title='bbox 278 3744 319 3792; x_wconf 89' lang='lat' dir='ltr'>to:</span> <span class='ocrx_word' id='word_1_352' title='bbox 342 3743 495 3805; x_wconf 76' lang='lat' dir='ltr'>«quamtu,</span> <span class='ocrx_word' id='word_1_353' title='bbox 512 3742 608 3792; x_wconf 89' lang='lat' dir='ltr'>nimius</span> <span class='ocrx_word' id='word_1_354' title='bbox 621 3742 805 3793; x_wconf 86' lang='lat' dir='ltr'>eiusadmira-</span> <span class='ocrx_word' id='word_1_355' title='bbox 840 3757 895 3792; x_wconf 87' lang='lat' dir='ltr'>cere</span> <span class='ocrx_word' id='word_1_356' title='bbox 922 3743 1068 3792; x_wconf 85' lang='lat' dir='ltr'>cornminait</span> <span class='ocrx_word' id='word_1_357' title='bbox 1092 3742 1190 3793; x_wconf 59' lang='lat' dir='ltr'>drama</span> <span class='ocrx_word' id='word_1_358' title='bbox 1231 3745 1368 3796; x_wconf 84' lang='lat' dir='ltr'>Genitivus</span> 
     </span>
     <span class='ocr_line' id='line_1_38' title="bbox 279 3817 1370 3880; baseline 0.005 -15"><span class='ocrx_word' id='word_1_359' title='bbox 279 3818 329 3876; x_wconf 87' lang='lat' dir='ltr'>tar,</span> <span class='ocrx_word' id='word_1_360' title='bbox 343 3829 460 3878; x_wconf 89' lang='lat' dir='ltr'>comem,</span> <span class='ocrx_word' id='word_1_361' title='bbox 473 3829 611 3880; x_wconf 85' lang='lat' dir='ltr'>nunquam</span> <span class='ocrx_word' id='word_1_362' title='bbox 623 3817 672 3867; x_wconf 85' lang='lat' dir='ltr'>nisi</span> <span class='ocrx_word' id='word_1_363' title='bbox 685 3817 806 3867; x_wconf 87' lang='lat' dir='ltr'>inhomi·</span> <span class='ocrx_word' id='word_1_364' title='bbox 840 3817 1015 3867; x_wconf 74' lang='lat' dir='ltr'>tinnientem</span> <span class='ocrx_word' id='word_1_365' title='bbox 1033 3817 1147 3869; x_wconf 86' lang='lat' dir='ltr'>retertur</span> <span class='ocrx_word' id='word_1_366' title='bbox 1159 3818 1232 3870; x_wconf 87' lang='lat' dir='ltr'>etad</span> <span class='ocrx_word' id='word_1_367' title='bbox 1244 3831 1270 3868; x_wconf 85' lang='lat' dir='ltr'>v.</span> <span class='ocrx_word' id='word_1_368' title='bbox 1281 3832 1370 3870; x_wconf 73' lang='lat' dir='ltr'>cereris</span> 
     </span>
     <span class='ocr_line' id='line_1_39' title="bbox 280 3891 1370 3957; baseline 0.003 -16"><span class='ocrx_word' id='word_1_369' title='bbox 280 3891 806 3956; x_wconf 74' lang='lat' dir='ltr'>nesviiiososaeerbum,aatmiitirip‚so-</span> <span class='ocrx_word' id='word_1_370' title='bbox 841 3894 869 3943; x_wconf 88' lang='lat' dir='ltr'>ei</span> <span class='ocrx_word' id='word_1_371' title='bbox 885 3891 919 3942; x_wconf 85' lang='lat' dir='ltr'>ad</span> <span class='ocrx_word' id='word_1_372' title='bbox 939 3904 966 3942; x_wconf 86' lang='lat' dir='ltr'>v.</span> <span class='ocrx_word' id='word_1_373' title='bbox 984 3893 1124 3956; x_wconf 75' lang='lat' dir='ltr'>pravitate3</span> <span class='ocrx_word' id='word_1_374' title='bbox 1154 3905 1216 3944; x_wconf 86' lang='lat' dir='ltr'>uam</span> <span class='ocrx_word' id='word_1_375' title='bbox 1241 3895 1370 3957; x_wconf 73' lang='lat' dir='ltr'>pravitate</span> 
     </span>
     <span class='ocr_line' id='line_1_40' title="bbox 279 3964 1369 4032; baseline 0.003 -17"><span class='ocrx_word' id='word_1_376' title='bbox 279 3964 319 4016; x_wconf 86' lang='lat' dir='ltr'>les</span> <span class='ocrx_word' id='word_1_377' title='bbox 332 3968 483 4030; x_wconf 87' lang='lat' dir='ltr'>nominare,</span> <span class='ocrx_word' id='word_1_378' title='bbox 498 3967 548 4018; x_wconf 89' lang='lat' dir='ltr'>etsi</span> <span class='ocrx_word' id='word_1_379' title='bbox 560 3967 695 4019; x_wconf 89' lang='lat' dir='ltr'>interdum</span> <span class='ocrx_word' id='word_1_380' title='bbox 707 3969 805 4018; x_wconf 87' lang='lat' dir='ltr'>acriter</span> <span class='ocrx_word' id='word_1_381' title='bbox 841 3967 949 4018; x_wconf 76' lang='lat' dir='ltr'>minores</span> <span class='ocrx_word' id='word_1_382' title='bbox 966 3965 1087 4017; x_wconf 85' lang='lat' dir='ltr'>absolute</span> <span class='ocrx_word' id='word_1_383' title='bbox 1106 3967 1196 4018; x_wconf 85' lang='lat' dir='ltr'>dicere</span> <span class='ocrx_word' id='word_1_384' title='bbox 1215 3981 1267 4018; x_wconf 90' lang='lat' dir='ltr'>nou</span> <span class='ocrx_word' id='word_1_385' title='bbox 1291 3969 1369 4032; x_wconf 76' lang='lat' dir='ltr'>pote-</span> 
     </span>
     <span class='ocr_line' id='line_1_41' title="bbox 279 4035 1366 4107; baseline 0.004 -17"><span class='ocrx_word' id='word_1_386' title='bbox 279 4039 452 4103; x_wconf 89' lang='lat' dir='ltr'>reprehendit</span> <span class='ocrx_word' id='word_1_387' title='bbox 476 4043 580 4106; x_wconf 88' lang='lat' dir='ltr'>priores</span> <span class='ocrx_word' id='word_1_388' title='bbox 605 4043 732 4107; x_wconf 78' lang='lat' dir='ltr'>poetas3n</span> <span class='ocrx_word' id='word_1_389' title='bbox 757 4040 806 4092; x_wconf 87' lang='lat' dir='ltr'>sed</span> <span class='ocrx_word' id='word_1_390' title='bbox 842 4045 890 4091; x_wconf 85' lang='lat' dir='ltr'>ret.</span> <span class='ocrx_word' id='word_1_391' title='bbox 926 4043 965 4093; x_wconf 86' lang='lat' dir='ltr'>De</span> <span class='ocrx_word' id='word_1_392' title='bbox 977 4043 1061 4092; x_wconf 87' lang='lat' dir='ltr'>Ennio</span> <span class='ocrx_word' id='word_1_393' title='bbox 1074 4041 1106 4092; x_wconf 87' lang='lat' dir='ltr'>ci.</span> <span class='ocrx_word' id='word_1_394' title='bbox 1120 4035 1215 4093; x_wconf 71' lang='lat' dir='ltr'>ed&#39;Od.</span> <span class='ocrx_word' id='word_1_395' title='bbox 1229 4042 1257 4101; x_wconf 75' lang='lat' dir='ltr'>t,</span> <span class='ocrx_word' id='word_1_396' title='bbox 1277 4043 1306 4103; x_wconf 88' lang='lat'>8,</span> <span class='ocrx_word' id='word_1_397' title='bbox 1324 4043 1366 4094; x_wconf 76' lang='lat'>20.</span> 
     </span>
     <span class='ocr_line' id='line_1_42' title="bbox 280 4113 1370 4181; baseline 0.003 -16"><span class='ocrx_word' id='word_1_398' title='bbox 280 4113 498 4180; x_wconf 85' lang='lat' dir='ltr'>reterturpotius</span> <span class='ocrx_word' id='word_1_399' title='bbox 515 4116 638 4168; x_wconf 76' lang='lat' dir='ltr'>odiliam</span> <span class='ocrx_word' id='word_1_400' title='bbox 656 4117 736 4168; x_wconf 89' lang='lat' dir='ltr'>animi</span> <span class='ocrx_word' id='word_1_401' title='bbox 759 4116 807 4167; x_wconf 90' lang='lat' dir='ltr'>bo-</span> <span class='ocrx_word' id='word_1_402' title='bbox 842 4118 908 4181; x_wconf 86' lang='lat' dir='ltr'>Epp.</span> <span class='ocrx_word' id='word_1_403' title='bbox 928 4119 956 4178; x_wconf 88' lang='lat' dir='ltr'>t,</span> <span class='ocrx_word' id='word_1_404' title='bbox 976 4119 1023 4179; x_wconf 76' lang='grc'>49,</span> <span class='ocrx_word' id='word_1_405' title='bbox 1042 4117 1066 4167; x_wconf 80' lang='lat'>7.</span> <span class='ocrx_word' id='word_1_406' title='bbox 1089 4144 1116 4154; x_wconf 93' lang='lat'>—</span> <span class='ocrx_word' id='word_1_407' title='bbox 1135 4118 1247 4180; x_wconf 77' lang='lat' dir='ltr'>loquitur</span> <span class='ocrx_word' id='word_1_408' title='bbox 1268 4131 1319 4166; x_wconf 90' lang='lat' dir='ltr'>non</span> <span class='ocrx_word' id='word_1_409' title='bbox 1340 4121 1370 4168; x_wconf 87' lang='lat' dir='ltr'>ut</span> 
     </span>
     <span class='ocr_line' id='line_1_43' title="bbox 281 4189 1369 4257; baseline 0.002 -17"><span class='ocrx_word' id='word_1_410' title='bbox 281 4191 406 4252; x_wconf 81' lang='lat' dir='ltr'>nitatem,</span> <span class='ocrx_word' id='word_1_411' title='bbox 433 4203 514 4254; x_wconf 83' lang='lat' dir='ltr'>quam</span> <span class='ocrx_word' id='word_1_412' title='bbox 532 4193 627 4242; x_wconf 89' lang='lat' dir='ltr'>merito</span> <span class='ocrx_word' id='word_1_413' title='bbox 649 4194 674 4242; x_wconf 91' lang='lat' dir='ltr'>iu</span> <span class='ocrx_word' id='word_1_414' title='bbox 692 4205 725 4242; x_wconf 91' lang='lat' dir='ltr'>eo</span> <span class='ocrx_word' id='word_1_415' title='bbox 749 4191 806 4242; x_wconf 86' lang='lat' dir='ltr'>lau·</span> <span class='ocrx_word' id='word_1_416' title='bbox 841 4193 938 4242; x_wconf 79' lang='lat' dir='ltr'>ntaiare</span> <span class='ocrx_word' id='word_1_417' title='bbox 948 4191 1081 4257; x_wconf 69' lang='lat' dir='ltr'>repressis]</span> <span class='ocrx_word' id='word_1_418' title='bbox 1100 4193 1197 4244; x_wconf 77' lang='lat' dir='ltr'>«Miror</span> <span class='ocrx_word' id='word_1_419' title='bbox 1208 4204 1279 4242; x_wconf 90' lang='lat' dir='ltr'>nunc</span> <span class='ocrx_word' id='word_1_420' title='bbox 1291 4189 1369 4255; x_wconf 82' lang='lat' dir='ltr'>volgo</span> 
     </span>
     <span class='ocr_line' id='line_1_44' title="bbox 281 4263 1368 4332; baseline 0 -16"><span class='ocrx_word' id='word_1_421' title='bbox 281 4264 328 4316; x_wconf 87' lang='lat' dir='ltr'>dat</span> <span class='ocrx_word' id='word_1_422' title='bbox 344 4265 396 4314; x_wconf 85' lang='lat' dir='ltr'>Sat.</span> <span class='ocrx_word' id='word_1_423' title='bbox 411 4264 439 4326; x_wconf 73' lang='lat' dir='ltr'>t,</span> <span class='ocrx_word' id='word_1_424' title='bbox 459 4266 488 4324; x_wconf 86' lang='lat' dir='ltr'>t,</span> <span class='ocrx_word' id='word_1_425' title='bbox 509 4265 539 4315; x_wconf 84' lang='grc'>30</span> <span class='ocrx_word' id='word_1_426' title='bbox 558 4279 634 4329; x_wconf 87' lang='lat' dir='ltr'>seqq.</span> <span class='ocrx_word' id='word_1_427' title='bbox 649 4267 746 4317; x_wconf 77' lang='lat' dir='ltr'>«Omnis</span> <span class='ocrx_word' id='word_1_428' title='bbox 758 4268 808 4318; x_wconf 87' lang='lat' dir='ltr'>Lu·</span> <span class='ocrx_word' id='word_1_429' title='bbox 843 4265 914 4316; x_wconf 91' lang='lat' dir='ltr'>hunc</span> <span class='ocrx_word' id='word_1_430' title='bbox 932 4279 956 4315; x_wconf 87' lang='lat' dir='ltr'>v.</span> <span class='ocrx_word' id='word_1_431' title='bbox 971 4266 1006 4316; x_wconf 87' lang='lat' dir='ltr'>ite</span> <span class='ocrx_word' id='word_1_432' title='bbox 1023 4267 1174 4332; x_wconf 77' lang='lat' dir='ltr'>interpuugi</span> <span class='ocrx_word' id='word_1_433' title='bbox 1191 4268 1218 4316; x_wconf 91' lang='lat' dir='ltr'>et</span> <span class='ocrx_word' id='word_1_434' title='bbox 1234 4263 1368 4330; x_wconf 74' lang='lat' dir='ltr'>explicari,</span> 
     </span>
    </p>
   </div>
   <div class='ocr_carea' id='block_1_5' title="bbox 0 0 1565 4968">
    <p class='ocr_par' dir='ltr' id='par_1_8' title="bbox 0 0 1565 4968">
     <span class='ocr_line' id='line_1_45' title="bbox 0 0 1565 4968; baseline 0 0"><span class='ocrx_word' id='word_1_435' title='bbox 0 0 1565 4968; x_wconf 95' lang='lat' dir='ltr'> </span> 
     </span>
    </p>
   </div>
  </div>
 </body>
</html>
