3174 4974
321 507 383 569 626
679 491 808 543 llonntll
826 483 1044 539 llulsromltull

363 660 438 728 Plus
453 656 575 730 oneris,
591 661 713 740 quanto
730 647 844 714 veniae
860 644 975 708 minus.
1019 635 1174 724 Adspice,
1194 633 1325 700 Plautus
1348 631 1414 696 lto

364 783 436 861 Quo
459 787 553 866 pacto
576 785 684 862 partes
706 777 827 835 tutetur
848 763 983 831 amantis
1007 758 1141 847 ephebi,

364 905 402 972 Ut
424 899 522 989 patris
545 895 669 969 attenti,
692 889 818 958 lenonis
840 896 876 952 ut
898 883 1059 962 insidiosi;

365 1027 510 1104 Quantus
532 1018 573 1084 sit
594 1019 785 1082 Dossennus
807 1007 964 1076 edacibus
987 1005 1019 1069 in
1041 1001 1207 1092 parasitis,

364 1147 469 1225 Quam
492 1161 554 1206 non
577 1137 730 1205 adstricto
753 1138 921 1221 percurrat
942 1125 1065 1214 pulpita
1087 1143 1199 1201 socco;

386 1316 443 1365 tra.
462 1314 495 1363 Et
507 1311 591 1374 patris
606 1309 635 1358 b.
651 1333 679 1342 —
698 1305 754 1356 ⁴73.
772 1305 917 1353 Dorsennus
934 1297 1061 1350 Schmtdli
1078 1296 1147 1355 duo,
1166 1296 1205 1345 Ll.
1221 1319 1248 1329 -
1268 1292 1325 1342 trs.
1337 1291 1380 1340 di-

352 1388 485 1441 mtttereli
504 1389 532 1437 et
547 1398 616 1436 corr.
635 1381 668 1443 b,
688 1377 815 1431 Schmidii
833 1377 969 1440 quattuor,
988 1374 1027 1424 ut.
1044 1375 1138 1433 -post
1154 1370 1215 1428 haec
1232 1366 1315 1418 Codd.
1330 1365 1380 1415 ali-

320 1552 396 1591 mum
408 1530 708 1588 diitlcultatishabere.»
723 1555 747 1565 -
760 1527 849 1576 umiae
886 1536 947 1574 esse
965 1521 1013 1572 sed
1031 1519 1127 1576 Plauti,
1153 1517 1279 1580 Berglrlus
1297 1514 1415 1565 demon-

319 1611 417 1676 sntnus]
436 1610 516 1671 Quia,
541 1607 586 1657 ubi
604 1604 669 1670 quid
686 1603 774 1652 minus
791 1601 849 1651 veri
885 1596 986 1648 stravit.
1001 1592 1200 1658 (eruiturus.
1213 1593 1277 1642 Mass.
1291 1591 1323 1639 N.
1337 1590 1364 1638 F.
1380 1589 1413 1638 V.

320 1687 406 1741 simile
432 1699 483 1736 nec
504 1686 579 1734 recte
603 1695 636 1731 ex
652 1682 747 1730 natura
765 1676 849 1726 mori·
886 1684 912 1735 p.
926 1669 1038 1732 seseq.)
1065 1667 1165 1728 Quodsi
1182 1666 1281 1716 Horatii
1297 1665 1415 1715 Dossen-

320 1764 428 1826 busqua
453 1758 592 1810 homiuum
618 1765 775 1818 expressum
797 1752 847 1810 est,
886 1757 937 1795 nus
962 1747 1042 1808 posu
1068 1743 1188 1792 comicus
1212 1739 1275 1800 luit,
1304 1737 1414 1788 aliunde

321 1839 410 1890 statim
422 1847 516 1885 omnes
527 1830 630 1890 vident,
648 1829 729 1878 etiam
741 1824 848 1875 idiotae.
888 1818 964 1870 uobis
990 1830 1054 1867 eum
1079 1827 1191 1880 prorsus
1214 1814 1333 1876 ignotum
1350 1823 1415 1862 esse

323 1939 351 1948 -
368 1910 487 1972 Adspice,
513 1907 616 1957 Plautus
639 1902 701 1965 cet]
728 1898 849 1950 Plautum
887 1893 1018 1944 fateamur
1035 1903 1147 1941 necesse
1165 1891 1215 1940 est.
1241 1886 1353 1938 Videtur
1367 1899 1416 1936 au-

321 1985 377 2036 acri
394 1984 479 2034 ironia
494 1993 559 2031 usus
574 1976 758 2042 reprehendit,
776 1972 849 2037 quod
887 1971 942 2018 tem
954 1967 1018 2018 satis
1030 1966 1129 2015 rustice
1140 1975 1294 2014 scurrarum
1305 1975 1416 2026 semper

321 2061 410 2110 minus
426 2069 491 2107 vere
510 2058 537 2104 et
552 2052 688 2116 eleganter
700 2062 781 2113 quarn
793 2049 850 2098 lle-
888 2041 1061 2093 esurientium
1073 2053 1104 2088 ac
1118 2037 1270 2101 gulosorum
1282 2049 1415 2101 personas

322 2133 438 2192 nauder,
455 2128 589 2188 Philemo,
604 2124 734 2190 Diphilus,
747 2126 847 2188 partes,
888 2118 913 2166 iu
931 2113 1088 2164 tabernariis
1101 2115 1156 2163 suis
1168 2113 1341 2176 expressisse.
1364 2114 1415 2161 Ae-

323 2220 390 2271 quas
408 2201 522 2267 exempli
540 2202 623 2265 matta
639 2200 793 2256 enumerat,
813 2201 852 2246 tn·
887 2203 941 2255 que
958 2192 1048 2239 autem
1066 2191 1146 2252 atque
1164 2188 1190 2236 in
1208 2185 1320 2251 palliatis
1333 2186 1415 2235 etiam

322 2286 389 2332 tutan
405 2281 453 2336 sit,
472 2277 570 2337 idest,
589 2287 675 2336 usque
693 2272 728 2322 ad
745 2269 849 2320 tabulae
888 2266 915 2315 iu
938 2265 1032 2327 togatis
1051 2275 1083 2312 ac
1100 2261 1189 2313 mimis
1207 2262 1259 2311 hoc
1274 2261 1415 2312 homiuum

322 2346 532 2421 καταστροφὴν
549 2351 615 2398 scite
633 2351 661 2396 et
677 2346 711 2396 ad
729 2347 792 2396 artis
809 2343 851 2394 le·
889 2351 973 2403 genus
1000 2336 1097 2387 crebro
1126 2335 1346 2395 describebatur,
1377 2335 1415 2384 uti

323 2441 370 2492 ges
386 2423 590 2476 accommodate
608 2420 770 2484 perduxerit.
789 2419 848 2468 Vid.
888 2415 962 2478 patet
987 2426 1020 2462 ex
1045 2410 1163 2474 reliquiis
1188 2409 1286 2460 hiranil
1304 2411 1343 2472 (in
1360 2411 1416 2459 Vo-

322 2503 471 2553 Ercursum
487 2500 517 2548 11.
536 2523 565 2532 -
587 2494 688 2559 munti]
709 2493 849 2552 «adrem,
888 2489 970 2552 pisoo)
990 2490 1017 2536 et
1027 2487 1110 2537 Titinii
1124 2487 1158 2549 (iu
1171 2486 1298 2547 Gemina).
1322 2485 1416 2534 Festus

323 2577 402 2627 nimis
419 2575 520 2639 parci»
546 2570 585 2621 Cl.
603 2572 657 2620 Sat.
674 2570 703 2629 h,
726 2569 756 2628 6,
774 2567 816 2616 82.
889 2577 916 2626 p.
931 2562 989 2612 326.
1008 2559 1094 2612 nult:
1113 2561 1287 2610 secundamus
1300 2559 1416 2621 purtim

356 2651 432 2700 lta-t
438 2649 478 2698 76.
491 2646 642 2707 Dossennus]
653 2641 849 2693 attellanarum
890 2643 962 2687 octor
977 2637 1029 2699 sere
1045 2635 1158 2685 munibus
1173 2635 1200 2684 in
1215 2636 1299 2684 minis
1310 2635 1416 2696 parun-

324 2727 463 2788 scriptor.»
483 2723 568 2772 Coun.
582 2721 662 2777 Cure.
689 2716 851 2767 Sileuthoro
889 2717 929 2760 tus
945 2713 1080 2760 inducitur.
1109 2709 1254 2761 Deficiente
1266 2723 1332 2759 vero
1349 2713 1415 2773 poti-

325 2803 353 2851 et
369 2795 526 2862 porphyrio.
553 2796 587 2845 nt
601 2793 735 2844 Glossator
747 2790 852 2842 Codicis
891 2789 933 2836 tue
952 2787 1083 2835 Dossenni
1110 2787 1136 2835 in
1161 2784 1218 2836 aliis
1239 2783 1416 2848 scriptoribus

324 2876 359 2926 E:
390 2873 562 2932 «Dossennus,
590 2880 704 2934 persona
722 2865 851 2916 comica.»
892 2860 1026 2911 mentione
1053 2860 1105 2908 lam
1131 2858 1206 2909 mirlti
1230 2873 1262 2909 eo
1279 2857 1414 2918 inclinant,

326 2949 376 3008 Qui
393 2948 563 2997 Dossennum
583 2955 632 3006 pro
652 2943 731 3006 poeta
748 2940 853 2990 comico
891 2937 922 2984 ut
943 2946 1006 2984 curu
1023 2932 1174 2983 Glossatore
1192 2933 1297 2983 Codicis
1314 2933 1334 2982 Ε
1350 2933 1417 2982 Dos-

325 3023 382 3073 sive
400 3019 597 3078 Atellanarum,
618 3017 675 3067 sive
692 3017 851 3078 togatarum,
890 3021 994 3059 sennuns
1019 3021 1068 3071 pro
1093 3006 1272 3057 Atellanarum
1302 3019 1416 3070 persona

327 3098 383 3148 sire
400 3093 567 3159 palliatarum
585 3089 692 3154 illitschl
710 3092 816 3150 Parerg.
832 3089 852 3136 1.
891 3083 991 3134 ludicra
1010 3081 1139 3140 habeant,
1157 3081 1251 3146 quales
1269 3084 1331 3132 sunt
1344 3083 1417 3132 ltue-

326 3184 355 3235 p.
371 3169 440 3232 205.)
466 3169 596 3231 scriptore
622 3163 737 3224 habent,
769 3163 853 3212 testes
892 3173 947 3220 cus,
965 3159 1060 3216 Bucco,
1078 3159 1187 3219 Pcppus.
1216 3157 1321 3207 Primus
1338 3157 1367 3206 C.
1385 3155 1415 3206 0.

326 3244 422 3294 alierre
440 3241 527 3294 solent
537 3243 669 3290 Senecam
681 3241 708 3288 et
724 3236 852 3294 Plinium;
892 3232 985 3284 illiller
1001 3233 1191 3295 interpretatus
1208 3234 1265 3282 est:
1286 3232 1419 3293 rossontus

327 3320 389 3368 sen.
402 3317 484 3381 Epist.
495 3317 537 3375 89,
548 3316 577 3364 a:
591 3315 644 3364 lloc
653 3312 727 3362 uerte
739 3309 854 3375 (σοφία)
891 3307 1000 3360 Plautus
1013 3307 1047 3358 sit
1057 3308 1214 3366 Dossennus,
1233 3304 1260 3355 ld
1271 3308 1327 3364 est,
1345 3305 1418 3354 Mun-

327 3393 435 3446 ltomuni
446 3389 702 3453 cummunicatur,
715 3386 854 3447 sinciput-
893 3386 970 3434 dueus
989 3383 1016 3431 in
1033 3379 1219 3432 describendis
1241 3381 1418 3444 parasitorum

328 3467 442 3529 losophs'u
457 3475 632 3525 nuncquoque
641 3467 755 3511 utuntur.
784 3461 855 3522 (luod
892 3457 1040 3509 moribus.»
1068 3453 1419 3519 PauloaliterltitschltPa-

328 3547 352 3592 st
367 3544 469 3604 topatus
485 3538 529 3588 tibi
543 3538 664 3598 nmium
678 3534 856 3598 probabuntet
892 3546 962 3596 rerg.
976 3534 995 3582 l.
1015 3530 1098 3596 prael.
1115 3543 1176 3594 pag.
1195 3529 1271 3591 lilll.)
1288 3527 1416 3594 explicat:

328 3616 463 3678 inscriptus
480 3613 600 3663 Dossenni
618 3615 776 3661 munuum
793 3611 855 3659 litu
894 3609 1028 3670 «Quuntm
1051 3610 1103 3668 ipss
1125 3616 1217 3654 scum
1235 3605 1267 3654 sit
1282 3605 1310 3658 iu
1324 3605 1419 3654 usuris

329 3693 386 3741 lus:
403 3690 507 3751 Hospes,
528 3688 613 3737 resiste
629 3691 652 3736 et
668 3686 772 3747 sephtan
789 3685 856 3734 Dos-
890 3682 1013 3744 pentus
1028 3679 1219 3731 mmsis.»
1243 3679 1325 3729 ltltter
1341 3677 1419 3728 deni-

329 3763 475 3826 ssnnilepe.
502 3761 555 3812 Sed
567 3775 599 3812 ex
610 3761 662 3810 hoc
673 3758 733 3810 loco
745 3759 855 3808 minime
894 3753 1420 3820 quetl.l.p.2tt.):«welchsinSchluu-

331 3839 444 3902 apparet
459 3839 644 3895 Dossennum,
665 3833 742 3883 cuius
759 3845 857 3882 monu-
893 3832 956 3894 top!
968 3845 996 3882 er
1012 3832 1044 3879 ist
1059 3831 1085 3878 tn
1096 3829 1141 3878 der
1151 3829 1315 3892 Daruellunp
1324 3828 1420 3892 petrns

332 3915 454 3965 mentum
466 3911 631 3964 nominatur,
644 3909 752 3972 poetam
764 3907 855 3958 luisse.
893 3909 961 3970 stpsr
977 3905 1177 3955 Schmurotzern
1198 3903 1250 3952 Sed
1262 3915 1372 3962 vereor,
1389 3902 1420 3951 ut

331 3985 437 4040 lisbium
462 3987 551 4036 autem
575 3985 745 4043 Dossennum,
775 3994 856 4044 quem
896 3981 1018 4031 lioratius
1033 3977 1157 4029 Dossenni
1180 3975 1311 4026 vocabulo
1333 3989 1365 4026 ea
1381 3976 1421 4024 si-

332 4064 467 4114 memorat
482 4059 580 4110 Plinius
598 4059 629 4108 Η.
647 4059 678 4108 Ν,
692 4057 736 4118 tl,
750 4056 789 4114 43,
804 4058 856 4117 la..
895 4055 1062 4118 suificatioue
1075 4063 1173 4102 usurus
1185 4050 1271 4113 luerit,
1288 4053 1319 4100 ut
1329 4049 1421 4100 Plauto

333 4150 386 4187 uon
403 4139 511 4200 poetam
527 4133 576 4185 sed
592 4132 635 4183 vel
655 4133 858 4196 grammaticum
896 4129 1004 4192 epitheti
1021 4126 1080 4177 loco
1101 4123 1239 4176 tribueret.
1265 4127 1352 4187 Atque
1368 4123 1422 4174 mi-

333 4211 414 4261 luisse
439 4208 495 4269 vel,
522 4207 595 4272 quod
620 4206 784 4271 probabilius
806 4209 856 4265 est,
896 4215 956 4252 rum
978 4200 1102 4252 omnibus
1123 4199 1272 4258 accideret,
1296 4199 1318 4249 si
1340 4195 1422 4247 ltalus

260 4281 268 4300 '
334 4280 562 4342 iurisconsultum,
581 4293 670 4345 neque
681 4293 785 4340 uersus,
798 4280 860 4343 qui·
896 4275 991 4340 aliquis
1002 4275 1117 4326 diceret:
1131 4273 1211 4336 Quota
1220 4273 1339 4336 suspendo
1351 4271 1424 4336 Teu!-

335 4357 386 4408 hus
411 4357 469 4406 eius
492 4356 623 4406 sententia
646 4355 749 4414 nititur,
777 4354 859 4418 ipsius
894 4351 992 4415 fuldtnu
1006 4349 1037 4414 fis
1052 4349 1128 4400 Curta
1145 4349 1243 4399 Gessit
1271 4347 1325 4398 Ctr.
1340 4347 1424 4400 llunh
