3178 4972
276 436 338 503 528
633 435 761 487 nouam
779 435 1000 504 nrrsronlauu

320 593 515 661 Incolumem
538 590 595 657 tibi
617 611 669 657 me
692 599 857 678 praestant
881 589 1127 679 Septembribus
1149 588 1247 656 boris.

321 717 367 781 Tu
390 723 478 782 recte
500 713 597 788 vivis,
624 712 651 778 si
673 731 769 778 curas
791 731 866 778 esse
888 710 979 798 quod
1000 710 1103 778 audis.

320 838 478 902 lactamus
501 832 693 921 iampridem
715 832 820 899 omnis
843 841 874 898 te
897 833 998 898 Roma
1018 831 1166 911 beatum3

320 956 385 1024 Sed
407 975 541 1030 vereor,
566 975 607 1020 ne
629 953 681 1022 oui
704 953 746 1020 de
768 961 800 1020 tc
822 951 895 1040 plus
922 973 1020 1040 quam
1041 952 1098 1020 tibi
1120 951 1249 1029 credas,

317 1079 405 1145 Neve
428 1086 522 1166 putes
544 1075 642 1142 elium
666 1073 813 1163 sapiente
836 1073 988 1161 bonoque
1007 1073 1154 1150 beatum,
1326 1074 1369 1140 20

343 1248 384 1298 46.
402 1247 541 1296 4444444444
557 1243 590 1306 b,
610 1246 637 1294 et
654 1244 693 1295 sic
710 1255 772 1294 cum
796 1243 880 1294 lahnii
903 1243 950 1294 Ed.
969 1256 1009 1308 pr.
1029 1255 1173 1308 operarum
1191 1255 1283 1294 errore
1300 1245 1333 1294 ll.

313 1347 340 1358 -
361 1322 402 1372 48.
420 1322 541 1370 locamus
557 1319 583 1368 d.

278 1470 352 1536 speri
369 1481 451 1533 quam
473 1469 559 1530 initio,
582 1466 625 1518 vel
646 1479 803 1518 amoenae.»
843 1469 952 1518 minime
978 1466 1109 1519 dubitem.
1146 1468 1178 1517 Et
1199 1473 1254 1532 pro·
1272 1467 1369 1527 Quintil

280 1545 331 1596 Sed
343 1547 464 1610 praestat
473 1541 618 1607 simplicior
628 1538 733 1607 κλτμαξ
742 1540 803 1592 4444.
843 1544 948 1607 ingenio
962 1555 994 1594 ac
1006 1543 1127 1594 moribus
1139 1543 1216 1606 (quos
1228 1543 1307 1593 nimis
1319 1541 1370 1592 ini·

278 1621 367 1680 44444,
387 1617 412 1667 id
426 1619 476 1678 est,
493 1618 625 1680 «insuper,
636 1617 803 1681 praeterea.»
842 1631 895 1680 que
913 1617 1066 1684 deprimunt
1083 1619 1245 1682 interpretes
1262 1618 1371 1680 praeter

279 1695 332 1746 ctr.
346 1691 450 1744 Ellendt
466 1691 502 1742 ad
513 1693 567 1742 Cio.
581 1690 615 1742 de
627 1693 670 1742 Or.
685 1693 712 1751 4,
733 1692 761 1751 4,
778 1692 803 1739 4.
842 1691 1001 1753 lacobsluml
1033 1691 1084 1743 boc
1110 1703 1175 1742 sane
1201 1689 1370 1756 praeclarum

279 1767 355 1818 lland
372 1768 447 1816 Ture.
466 1767 496 1816 44.
518 1779 544 1830 p.
561 1767 619 1816 ott.
646 1764 806 1816 Doederlein
843 1767 1026 1816 testimouium
1044 1767 1142 1825 exstat,
1162 1763 1234 1828 quod
1247 1764 1371 1814 lloratius

278 1842 372 1904 Spneu.
392 1842 434 1890 lll.
454 1853 480 1903 p.
498 1839 553 1889 aa:
581 1838 694 1890 «didces
714 1838 807 1888 4444444
843 1853 906 1890 eum
918 1839 1029 1902 dignum
1041 1839 1146 1899 babuit,
1163 1844 1207 1889 cui
1218 1837 1370 1889 huiusmodi

278 1917 330 1966 44444
346 1916 395 1978 uus
407 1912 603 1976 4444444444
617 1913 805 1976 womarcien,
844 1912 988 1978 Epistolam
1018 1915 1145 1965 mitteret.
1182 1912 1255 1964 illius
1279 1913 1369 1962 autem

280 2001 410 2040 amoenae
422 1987 596 2050 cufcojelttive
606 1987 761 2036 8444444444.»
776 2011 802 2024 -
844 1989 974 2048 Quintius,
988 1987 1101 2038 tortasse
1112 1988 1190 2038 buius
1202 1985 1280 2046 filius,
1292 1997 1371 2049 prae·

275 2063 415 2128 praestant]
436 2064 596 2122 «servantp
619 2062 805 2125 potiusquam
844 2065 885 2113 tor
902 2074 926 2112 a.
945 2075 971 2112 u.
991 2075 1014 2112 c.
1028 2062 1085 2112 444.
1114 2063 1174 2124 (Dio
1192 2061 1266 2110 Caes.
1284 2061 1325 2108 45.
1341 2072 1369 2122 p.

280 2140 420 2192 esistunt.»
445 2139 479 2186 Ee
493 2135 648 2199 significatio
660 2137 703 2186 bic
716 2133 805 2184 locum
843 2135 900 2186 348.
919 2135 980 2197 st),
1007 2134 1048 2184 vel
1071 2137 1181 2198 propter
1197 2137 1312 2184 aetatem
1330 2134 1370 2182 vi·

279 2213 376 2273 babet,
400 2225 432 2260 ex
451 2224 503 2274 qua
517 2215 649 2272 praestare
666 2221 747 2272 saepe
765 2209 807 2258 est
843 2209 923 2260 detur
939 2211 1020 2260 luisse
1037 2207 1079 2260 ille
1098 2207 1177 2260 lullae
1198 2206 1317 2268 adulter,
1335 2207 1370 2258 de

279 2285 529 2351 pewdbrieisteu,
542 2283 741 2346 4444444444.
762 2283 807 2330 Se·
844 2297 898 2347 quo
913 2282 1005 2334 Vellei.
1018 2285 1073 2334 Pat.
1087 2285 1112 2342 4,
1126 2283 1189 2332 4004
1208 2283 1373 2344 04444444444

282 2373 348 2410 nece
361 2360 441 2422 Epist.
456 2357 497 2416 44,
510 2358 555 2406 tl:
573 2358 731 2419 fortumtum
747 2353 807 2404 444-
845 2359 987 2420 Cn'rpimu,
1005 2359 1160 2422 4444444444
1175 2359 1315 2419 4444444444
1331 2371 1372 2408 44-

279 2441 381 2494 tumque
401 2435 542 2493 precatore.
569 2455 596 2466 -
624 2428 808 2491 Septembribus
840 2433 946 2495 percitio
974 2434 1040 2482 truci
1064 2437 1197 2496 protegens
1221 2437 1244 2482 44
1271 2432 1317 2481 ulii
1333 2457 1371 2468 ··

279 2509 355 2570 44444]
375 2507 413 2558 ct.
427 2508 479 2556 Sat.
493 2507 518 2565 4,
531 2507 557 2566 6,
574 2507 619 2556 ta:
639 2507 808 2554 4444444444-
842 2520 937 2569 poenus
950 2508 1100 2568 pependere,
1118 2519 1175 2556 4444
1193 2506 1308 2557 04444444
1322 2506 1372 2570 444·-

280 2597 329 2646 que
343 2581 442 2646 procis,
466 2579 590 2630 Libitinae
606 2583 723 2641 44444444
738 2591 809 2628 ocer-
845 2595 888 2632 em
908 2586 931 2632 44
950 2582 1057 2631 Neronis
1075 2582 1207 2632 4444444444
1223 2581 1370 2645 4444444444,-

281 2658 334 2706 bue.
354 2656 386 2706 Et
397 2651 468 2718 apud
482 2654 572 2704 luren.
586 2654 612 2713 6,
624 2653 686 2702 oti:
706 2653 809 2704 4444444
845 2668 899 2720 quo
916 2657 943 2705 in
959 2654 1018 2706 loco
1035 2656 1113 2706 tacite
1131 2667 1181 2718 per
1197 2667 1317 2714 merum,
1342 2657 1373 2706 ut

280 2735 352 2782 44444
380 2725 569 2790 (archigallus)
594 2727 719 2788 metuique
743 2727 810 2778 44444
845 2729 964 2790 videtur,
984 2743 1105 2780 errorem
1117 2728 1371 2792 Kritzediditouia·

281 2803 430 2868 8444444444
446 2806 470 2852 44
485 2803 571 2852 deutri
586 2801 732 2852 4444444444.
845 2810 933 2866 tueque
949 2805 1085 2867 crispum.
1115 2805 1184 2854 Sane
1202 2805 1282 2854 444444
1299 2801 1370 2868 apud

315 2880 356 2929 tr.
386 2875 582 2939 retractaret]
600 2875 751 2926 Sententiae
770 2875 808 2926 sic
846 2881 959 2931 Diouem
987 2882 1028 2932 est
1052 2874 1175 2940 Κόϊντος
1201 2878 1369 2947 Κρισπῖνος.

281 2967 311 3006 sc
324 2953 475 3015 excipiunt:
496 2951 579 3012 eligo,
593 2952 623 2998 ut
633 2949 764 3013 perspicis
776 2962 808 2998 ex
845 2955 880 3004 st
895 2956 1001 3018 poterat
1016 2953 1041 3003 ei
1053 2965 1151 3004 nomeu
1163 2965 1223 3004 esee
1236 2953 1265 3014 (4.
1276 2953 1372 3015 04444444

281 3028 337 3086 bis,
355 3037 425 3088 quae
443 3023 490 3074 tibi
508 3023 617 3086 scripsi,
636 3035 680 3074 me
698 3022 808 3072 beatum
846 3029 962 3092 emptae,
996 3027 1042 3078 vix
1069 3031 1159 3078 autem
1184 3027 1249 3078 setis
1274 3029 1373 3080 nostrie

282 3113 344 3152 esse
369 3099 456 3158 ducot
483 3096 604 3148 simililer
628 3099 654 3147 ῑθ
678 3099 751 3148 cives
771 3097 808 3146 lui
846 3100 1061 3154 bominibusboc
1073 3099 1198 3152 inculcari
1210 3105 1308 3165 potest,
1321 3103 1373 3153 llo·

282 3175 391 3226 beatum
409 3171 573 3236 praedicant.
601 3172 658 3231 Quo
670 3172 754 3234 magis
766 3184 809 3221 44-
846 3179 943 3228 ratium
959 3175 1105 3228 admodum
1123 3176 1173 3227 eibi
1195 3175 1327 3240 placuisse
1345 3177 1372 3226 in

282 3262 329 3309 ve,
356 3260 389 3297 ue
415 3245 557 3310 decipieris
583 3248 692 3295 externa
717 3257 808 3295 rerum
847 3254 931 3304 tacete
956 3251 1090 3302 imitandis
1111 3251 1260 3302 Stoicorum
1278 3265 1373 3322 παρα.

282 3323 372 3387 specie
398 3333 452 3372 neu
477 3323 503 3370 te
530 3323 712 3370 transversum
730 3322 809 3382 agant
846 3324 943 3392 δόξας
960 3331 988 3378 et
1003 3329 1058 3378 tota
1075 3325 1190 3377 domat
1207 3328 1322 3388 merone,
1342 3329 1371 3390 (a

282 3395 352 3460 volgi
363 3395 458 3446 iudicia
470 3407 602 3459 persaepe
615 3393 724 3455 fallacia,
740 3393 808 3444 adeo
846 3403 954 3454 nemine
980 3403 1169 3465 praeterquam
1198 3413 1213 3450 a
1241 3401 1372 3451 cicerone

282 3477 313 3524 ut
329 3470 447 3535 negligas
463 3471 602 3534 proprium
613 3470 745 3531 sinerum,
763 3483 810 3520 ve
845 3479 915 3528 ruer
940 3476 1047 3526 munos
1069 3478 1147 3525 4444
1164 3477 1219 3524 um
1235 3473 1373 3538 eleganter

282 3561 341 3598 ram
358 3545 566 3604 beatitudinem,
593 3557 663 3608 quae
686 3545 764 3594 unice
782 3544 809 3593 in
846 3551 976 3612 4444444444
986 3561 1117 3614 perquam
1129 3547 1372 3600 5⁰¹⁵ffl⁰fd²lstflfi⁸

282 3623 368 3673 temet
395 3621 453 3684 insu
481 3619 530 3670 stu
560 3631 621 3669 esse
648 3620 752 3682 poesi,
782 3619 810 3667 et
846 3624 929 3677 sonte
945 3619 1107 3688 44444444
1123 3623 1227 3674 illarum
1244 3624 1326 3684 vica,
1344 3623 1373 3674 ta

283 3693 447 3760 adipiscendi
465 3697 492 3743 et
508 3693 711 3744 conservandi.»
739 3693 809 3742 Tau·
846 3701 901 3760 eet,
919 3697 1169 3762 exaggerationibus
1185 3700 1213 3748 44
1222 3697 1374 3761 generedl-
1484 3731 1490 3743 .

283 3773 341 3822 ium
358 3773 448 3820 autem
461 3767 551 3829 844484.
570 3769 600 3818 444
616 3770 712 3831 4404488
728 3778 809 3830 lime·
847 3773 924 3824 cendi
950 3774 1031 3824 modo
1053 3773 1132 3824 nimis
1154 3783 1250 3838 aspero
1272 3776 1301 3822 et
1316 3775 1373 3836 spl-

283 3849 360 3910 04444
395 3843 478 3896 ullum
512 3844 662 3894 monstrent
686 3841 808 3893 laedendi
846 3861 930 3908 noso,
949 3847 1029 3900 modo
1046 3849 1127 3898 vitam
1144 3845 1322 3898 umbraticam
1339 3859 1372 3896 aa

283 3922 403 3972 animum
436 3921 482 3970 aut
512 3917 646 3977 Quintium
671 3918 809 3980 tamquam
846 3921 953 3974 scholas
969 3923 1048 3972 nimis
1065 3920 1211 3972 redolente.
1236 3947 1264 3956 -
1288 3919 1371 3984 44444]

283 3995 421 4045 bominem
430 4005 528 4044 vanum
539 3992 665 4053 civesque
674 4003 738 4040 suos
749 4003 810 4054 per·
847 3996 960 4047 «diceris
972 4007 1063 4056 essem
1082 3999 1111 4046 ut
1121 3990 1229 4057 κλύεις,
1243 3988 1370 4055 ἀκούεις.

283 4071 364 4134 petua
381 4065 549 4118 simulatione
567 4063 745 4128 decipientem
762 4076 811 4114 no-
847 4069 993 4134 clupei,
1006 4069 1030 4130 7.
1041 4069 1081 4120 38.
1094 4069 1239 4132 Cruquius:
1254 4067 1316 4118 uEst
1326 4067 1373 4116 so-

285 4141 326 4192 bls
350 4140 517 4201 describant,
544 4141 574 4189 ut
590 4139 678 4204 ipsum
695 4136 810 4188 libenter
847 4145 989 4206 creticum,
1002 4144 1077 4194 euius
1088 4142 1209 4194 meminit
1220 4142 1275 4192 cie.
1286 4141 1321 4191 de
1330 4139 1373 4192 04-

285 4217 313 4266 et
328 4216 403 4278 grato
421 4215 446 4264 in
463 4217 572 4279 pettam
589 4214 677 4264 animo
695 4213 743 4264 hae
761 4225 809 4263 ex·
847 4217 925 4279 444,
939 4218 979 4278 ta,
993 4217 1038 4268 43:
1055 4217 1207 4268 4444444444
1218 4215 1373 4279 4444444444

284 4289 449 4340 hortationes
473 4289 639 4340 semistcioas
664 4286 808 4353 perlegisse
845 4289 1373 4356 proemmmuqucricorrtpmdiurtumdt-
