3192 4974
629 433 690 484 tiu.
708 431 738 482 11.
774 431 842 482 SAT.
861 431 926 482 vlu.
1259 424 1320 490 363

280 592 425 658 Vidimus
447 599 481 657 et
502 588 644 656 merulas
665 587 742 675 poni
765 598 797 654 et
818 587 888 653 sine
910 585 1004 653 clune
1029 584 1214 674 palumbes,

281 716 404 782 Suaves
427 733 496 788 res,
520 711 547 777 si
570 731 635 776 non
658 729 773 776 causas
796 717 942 775 narraret
962 727 1076 774 aarum
1096 715 1128 774 et

277 839 414 902 Naturas
436 833 602 912 dominus;
624 852 724 920 quem
745 852 805 899 nos
826 831 874 898 sia
895 830 1033 918 fugimus
1054 828 1128 902 uiti,

280 959 319 1028 Ut
340 953 417 1022 nihil
439 955 570 1021 omnino
592 963 810 1042 gustaremus,
834 950 923 1041 velut
944 950 1004 1017 iilis

279 1078 411 1147 Canidia
434 1075 576 1144 afflasset
596 1076 690 1163 peior
712 1075 916 1162 serpentibus
938 1072 1029 1140 diris.
1280 1074 1322 1138 95

269 1308 286 1345 a
311 1293 376 1344 Cod.
395 1291 433 1356 b.)
462 1321 488 1330 -
516 1289 557 1342 92.
585 1291 677 1341 844444
692 1291 722 1343 E.
751 1319 777 1328 -
805 1289 846 1341 9³.
872 1291 999 1340 Naturam
1021 1303 1044 1338 a.
1072 1317 1099 1326 -
1119 1287 1159 1340 34.
1178 1289 1290 1340 sitnisi

269 1365 489 1504 &aggiusbzrgui
517 1391 544 1402 —
569 1365 609 1415 aa.
628 1366 739 1426 atrias,
756 1365 811 1416 duo
828 1365 944 1416 Pattierii
964 1369 992 1414 et
1013 1378 1046 1416 ex
1068 1363 1125 1416 aliis
1146 1363 1289 1416 Bentleiua.

239 1639 304 1688 «etsi
316 1638 382 1686 mira
394 1649 445 1698 nso
456 1637 530 1686 reete
542 1639 670 1700 apparata
682 1649 763 1700 quae-
800 1636 853 1685 tivo
871 1635 953 1699 iungi,
973 1633 1045 1698 quod
1057 1633 1232 1686 addubitabat
1243 1636 1325 1687 Bant-

238 1712 301 1764 dam
318 1713 434 1773 inerant,
454 1709 529 1762 ianiie
547 1713 637 1761 tamen
655 1709 762 1762 ultimos
799 1710 879 1770 isius,
898 1709 969 1760 unde
987 1708 1114 1760 audacius
1126 1710 1239 1760 coniecit
1249 1709 1325 1760 edati

237 1789 287 1838 hos
305 1785 393 1848 cibos,
418 1785 514 1837 saltem
533 1784 691 1850 plerasque,
715 1799 762 1835 ca-
799 1785 833 1844 ai,
847 1783 1082 1835 monstratTibuli.
1094 1785 1124 1846 t,
1138 1785 1164 1846 4,
1178 1784 1223 1835 80:
1243 1785 1324 1844 Fatis,

237 1861 349 1913 medere
366 1861 559 1924 potuissemus.
581 1861 605 1910 si
622 1873 674 1909 non
693 1861 762 1910 eet»
798 1859 839 1908 eui
869 1859 985 1922 placidus
1017 1859 1104 1908 tantur
1134 1858 1207 1923 afflat
1236 1857 1324 1908 Amor.

240 1935 427 1998 -carnas]r
414 1935 514 1995 «Quasi
537 1934 571 1985 de
594 1933 762 1999 problemata
799 1935 919 1996 Propert.
941 1931 973 1993 3,
999 1933 1046 1994 tt,
1074 1931 1115 1996 (al.
1136 1933 1169 1994 2,
1188 1931 1248 1996 494
1274 1933 1322 1982 tt:

238 2011 351 2074 physico
363 2008 551 2060 disserendum
563 2010 649 2070 esset,
668 2007 702 2058 de
715 2021 763 2058 eu·
798 2007 926 2071 Amabant
947 2007 991 2056 tibi
1012 2021 1063 2056 non
1082 2005 1197 2056 Arabum
1213 2008 1243 2056 da
1258 2020 1324 2071 pra-

239 2087 333 2149 iusque
360 2083 412 2134 eibi
437 2083 642 2148 praeparatione
669 2083 764 2133 buius·
798 2082 866 2130 mino
890 2082 1043 2130 adorta·
1014 2082 1140 2143 -petar
1161 2081 1323 2144 serpentibus]

239 2171 292 2222 que
304 2158 401 2208 effectu
413 2171 527 2222 operose
539 2156 700 2220 egebat-
673 2158 765 2207 -Na-
800 2153 954 2206 Credebant
971 2153 1089 2205 uitiatum
1106 2155 1265 2218 praesertim
1278 2155 1327 2205 ba-

238 2233 318 2297 44444]
331 2229 382 2295 τὰς
394 2229 550 2298 ποιότητας
559 2228 687 2294 φυσικὰς
696 2227 765 2281 πάν-
800 2229 880 2281 silisci
898 2229 1065 2293 repentinam
1086 2229 1186 2280 homini
1209 2233 1325 2280 mortem

238 2321 309 2368 των,
336 2306 434 2358 bonine
452 2307 510 2357 suci
532 2320 566 2356 an
584 2305 660 2368 mali,
688 2308 773 2366 euius,
800 2305 905 2354 afferre.
942 2304 971 2354 C.
989 2301 1111 2354 Rabirius
1133 2303 1176 2352 ed.
1201 2303 1326 2368 Kreyssig

239 2383 332 2432 aetatis
343 2384 423 2445 atque
435 2381 541 2444 originis
554 2384 652 2432 assent.
668 2409 696 2419 -
709 2382 763 2446 atti]
799 2393 826 2443 p.
840 2379 905 2430 226:
924 2378 1032 2428 Perculit
1049 2379 1147 2442 adflatu
1163 2377 1243 2426 barris
1259 2377 1326 2428 buna

239 2456 288 2509 Ubi
313 2455 398 2508 semel
427 2457 453 2506 in
479 2457 598 2506 animuin
624 2455 765 2508 induxerat
799 2455 852 2504 sino
867 2453 989 2503 morsibus
999 2453 1099 2516 appuis.
1127 2451 1274 2514 columb,
1292 2455 1325 2513 t,

239 2531 397 2582 Nasidienus
409 2529 491 2581 multa
504 2534 531 2581 at
542 2533 698 2595 sumptuosa
710 2531 766 2582 ter·
801 2528 844 2579 ⁴8:
864 2528 1022 2588 Cavendum,
1039 2540 1071 2577 aa
1088 2541 1106 2576 a
1120 2525 1273 2589 samnitibus
1283 2527 1329 2590 as-

240 2603 299 2655 cula
318 2619 468 2670 apponere,
495 2605 540 2655 tali
567 2606 687 2672 impensa
711 2607 764 2656 iam
799 2603 892 2665 fleatur
908 2601 1000 2666 (puni),
1019 2601 1203 2662 aaarumadar
1218 2607 1327 2664 tampa-

240 2679 308 2729 tacta
326 2679 397 2729 haud
415 2678 480 2729 levis
496 2679 598 2730 offensa
612 2683 682 2738 erat.
701 2693 764 2731 cum
799 2678 883 2726 scitans
893 2683 941 2738 eat,
958 2683 987 2726 at
1002 2677 1130 2726 interierat
1146 2677 1283 2726 universos.
1298 2701 1325 2711 -

240 2753 315 2805 cibos
333 2756 388 2803 tam
404 2752 490 2803 lautos
507 2755 597 2818 sperni
613 2767 629 2803 a
645 2755 764 2822 convivis
799 2751 875 2815 Afris]
898 2750 976 2813 longe
999 2751 1156 2809 teterrimis,
1181 2751 1211 2800 ut
1234 2749 1281 2798 Od.
1296 2749 1326 2808 3,

239 2826 351 2876 videret.
372 2853 400 2862 -
419 2827 533 2892 Canidia]
552 2839 616 2890 saga
634 2831 661 2878 et
680 2841 765 2878 vene·
802 2825 846 2886 44,
861 2826 905 2876 ⁴8:
924 2823 1210 2887 Maurirnauputbtu.
1238 2825 1328 2874 Lectio

239 2899 299 2950 flea.
330 2899 387 2950 vid.
402 2900 484 2965 Epod.
502 2903 526 2952 5.
546 2905 573 2952 et
591 2903 630 2952 tt.
661 2903 714 2951 Sat.
733 2903 762 2963 t,
801 2902 865 2951 atris
891 2902 963 2951 esset
988 2897 1101 2963 simplex
1126 2896 1260 2948 ἐπίθετον
1283 2911 1330 2947 or-

240 2975 264 3024 8.
286 3001 312 3012 -
332 2975 450 3039 4444444444]
470 2977 500 3025 V.
513 2977 606 3040 afflare
623 2977 703 3027 stiam
715 2975 765 3027 da·
802 2987 883 3036 nans,
901 2977 931 3025 ut
942 2973 990 3024 0d,
1004 2974 1032 3036 3,
1045 2973 1073 3034 i,
1088 2974 1131 3022 tr:
1150 2972 1327 3036 atrisuipsrtr.

712 3217 860 3230 n——t—

603 3462 970 3522 EXGURSUS

658 3614 702 3664 AD
719 3626 762 3663 vv.
786 3613 819 3663 444
836 3625 913 3676 seqq.

307 3717 393 3767 Lucus
410 3713 592 3766 memorabilis
610 3715 644 3766 da
661 3714 781 3766 locorum
798 3716 825 3765 in
842 3715 969 3767 conviviis
986 3715 1112 3766 Romanis
1129 3715 1222 3766 ordine
1242 3717 1328 3768 exstat

241 3798 313 3862 apud
330 3798 501 3851 Plutarchum
519 3800 638 3860 Quaestt.
658 3797 792 3850 Conurnl.
812 3801 836 3860 4,
854 3799 884 3849 3·
903 3793 999 3850 ’Ἄλλοι
1021 3795 1124 3862 (τόποι)
1150 3793 1205 3870 γὰρ
1230 3791 1329 3863 ἄλλοις

240 3875 364 3948 ἔντιμοι·
383 3882 510 3954 Πέρσαις
526 3877 615 3948 μὲν
598 3899 615 3933 ο
627 3883 816 3947 μονώτατος,
834 3881 880 3946 ἐφ
893 3872 1331 3946 οὕκατακλίνεταιὸβασιλεύς

235 3959 359 4032 ’Ἕλλησι
375 3961 439 4018 di‘
423 3981 441 4016 o
459 3963 580 4038 πρῶτος·
596 3961 748 4032 Ῥωμαίοις
770 3961 836 4018 tt
819 3981 837 4017 ο
854 3965 908 4032 τῆς
930 3969 1025 4033 μέσης
1044 3965 1143 4033 κλίνης
1157 3965 1331 4032 τελευταῖος

240 4045 277 4099 ὃν
301 4045 441 4104 ὑπατικὸν
458 4048 735 4124 προσαγορεύουσιν.
763 4053 817 4102 Cur
840 4051 986 4102 consularis
1009 4053 1153 4110 vocitetur.
1182 4055 1238 4102 tres
1255 4051 1334 4102 aitert

240 4135 371 4197 rationes,
391 4149 505 4200 quarum
523 4136 642 4187 secunda
659 4136 728 4186 haee
747 4140 802 4186 est:
833 4126 879 4186 ὅτι
895 4133 952 4185 τῶν
968 4131 1050 4186 δυοῖν
1067 4129 1170 4185 κλινῶν
1191 4127 1335 4186 ἀποδεδο-

239 4219 336 4282 μένων
358 4222 420 4282 τοῖς
441 4219 708 4290 παρακεκλημένοις
729 4213 748 4285 η’
770 4221 852 4291 τρίτη
874 4220 922 4269 nat
945 4215 1051 4286 ταύτης
1073 4213 1090 4269 ὁ
1112 4216 1224 4290 πρῶτος
1244 4218 1334 4283 τόκος

239 4299 367 4366 μάλιστα
389 4301 440 4356 τοῦ
463 4301 618 4366 ἑστιῶντός
639 4303 731 4356 ἐστιν·
744 4333 759 4342 -
771 4299 816 4353 -ὁ
833 4303 887 4370 μὲν
908 4299 964 4373 yo'p
988 4297 1034 4354 ὑπ’
1052 4297 1121 4356 ariri
1126 4319 1143 4352 ν
1161 4298 1181 4370 ἢ
1197 4301 1334 4372 γυναικὸς
