3156 4972
271 382 334 448 3644
655 383 784 433 bonurn
801 381 982 434 4444444444

314 543 416 616 Τ444,
440 549 475 605 ut
497 560 558 626 ego
581 539 723 626 accipiar
743 537 844 614 laute,
871 537 1054 626 torquerier
1077 536 1163 602 omni

313 661 533 729 Sollicitudine
556 661 748 737 districtum,
772 680 813 727 ne
835 659 929 747 panis
951 658 1099 733 adustus,

311 785 358 850 Ne
381 782 464 850 male
487 782 651 849 conditum
674 782 724 848 ius
748 790 944 870 apponatur,
973 790 1009 844 ut
1030 801 1144 846 omnes

313 903 490 971 Praecinoti
514 913 602 970 recte
623 903 716 991 pueri
740 903 926 990 comptique
944 901 1138 968 ministrent!
1316 902 1356 965 70

312 1024 403 1091 Adde
426 1023 485 1091 bos
507 1033 677 1112 praeterea
699 1045 808 1100 casus,
834 1023 949 1091 aulaea
970 1033 1064 1090 ruant
1086 1024 1129 1100 si,

312 1147 352 1215 Ut
374 1143 488 1226 modo;
512 1146 539 1212 si
561 1145 703 1234 patinam
724 1144 811 1233 pede
833 1144 943 1232 lapsus
965 1145 1090 1230 frangat
1111 1165 1219 1231 agaso.

312 1267 379 1334 Sed
401 1268 616 1335 convivatoris
637 1268 683 1333 uti
706 1267 798 1334 ducis
820 1267 982 1354 ingenium
1004 1287 1058 1332 res

311 1388 476 1456 adversae
503 1389 627 1455 nudare
649 1388 768 1466 solent,
792 1387 899 1456 celare
921 1387 1096 1455 secundae.

310 1510 504 1577 Nasidienus
527 1509 684 1577 adhaec:
709 1508 777 1575 Tibi
800 1509 847 1586 di,
871 1529 1088 1597 quaecunque
1110 1510 1273 1597 preceris,
1313 1510 1354 1574 75

311 1631 488 1699 Commoda
512 1631 603 1698 dent!
627 1632 674 1697 lta
695 1630 870 1697 virbonus
893 1651 930 1698 es
952 1630 1154 1718 convivaque
1177 1631 1288 1697 comis.

334 1803 375 1853 67.
397 1803 443 1852 Ten
459 1816 505 1868 cco
520 1807 549 1852 ut
565 1803 591 1852 S.
613 1827 640 1838 -
660 1803 699 1853 68.
719 1803 863 1852 destrictior
874 1802 898 1851 S.
915 1827 941 1838 -
956 1803 997 1851 44.
1010 1803 1124 1864 precaris
1135 1815 1150 1851 c
1162 1805 1188 1851 et
1200 1815 1233 1852 ex
1244 1803 1322 1852 Bent-

299 1876 392 1928 leianis
409 1876 542 1941 quinque,
562 1877 626 1927 «sed
643 1877 833 1926 recentiores.»

268 2018 394 2068 44444444.»
424 2018 532 2067 Bursa.
562 2017 711 2067 «Putabam
733 2029 791 2066 ser·
830 2016 893 2081 cet]
918 2029 950 2065 en
974 2015 1166 2066 consuetudine
1190 2015 1352 2078 quotidiana.

267 2104 376 2142 monem
393 2090 526 2142 directum
542 2089 578 2140 ad
594 2090 791 2141 Nasidienum.»
829 2088 905 2140 Plaut
921 2092 992 2142 Asin.
1015 2093 1038 2151 4,
1058 2091 1081 2148 4,
1106 2090 1147 2140 34,
1167 2091 1193 2139 44
1216 2089 1267 2141 Mil.
1286 2087 1352 2153 glor.

267 2167 344 2214 (4444.
371 2167 439 2215 Sane
456 2165 509 2215 hoc
520 2163 666 2228 simplicius
678 2162 720 2213 vel
732 2176 793 2227 pro·
830 2163 859 2225 4,
877 2165 907 2226 4,
927 2165 972 2216 li:
990 2165 1085 2228 Ditibi
1096 2165 1166 2226 444444,
1185 2177 1354 2228 eremumque

266 2237 790 2304 purvuseqq—Teu--rorquertch
829 2243 904 2301 optes
940 2239 1109 2300 strenas,
1131 2239 1173 2289 lo:
1197 2239 1355 2302 4444444444

267 2313 413 2364 infinitivus
430 2312 627 2376 indignationis,
646 2315 676 2362 ut
693 2312 789 2371 Sati,
829 2315 909 2364 44444444
925 2314 994 2363 dbis.
1029 2315 1063 2363 444
1080 2315 1136 2363 dent
1153 2327 1218 2376 quae
1233 2315 1301 2364 44444.
1323 2337 1351 2350 -

269 2388 297 2448 9,
316 2389 361 2438 72:
389 2387 592 2438 Hermocraten
610 2388 671 2436 Tam
689 2388 792 2451 4449444444
825 2389 945 2450 preceris]
962 2387 1094 2439 Balatroni
1111 2391 1199 2452 optat,
1219 2402 1271 2439 non
1283 2402 1354 2453 quae

267 2475 373 2513 44444444
391 2462 470 2512 mitit
494 2489 521 2497 —
545 2461 697 2525 4444444444]
723 2459 789 2512 Plin.
830 2475 901 2512 nunc
926 2463 1014 2528 ipsum
1040 2462 1106 2512 deos
1126 2469 1250 2526 prwatur
1275 2462 1353 2527 44444444

267 2538 298 2587 Η.
312 2539 342 2587 N.
357 2537 401 2598 48,
417 2537 463 2598 46,
482 2537 526 2587 65:
544 2536 794 2586 tnownerometicos
829 2537 901 2588 enim
919 2539 999 2588 certis
1022 2536 1113 2587 verbis
1136 2537 1283 2602 precatur),
1304 2537 1354 2590 sed

266 2625 331 2662 44444
355 2611 498 2675 distringat.
527 2639 553 2647 —
577 2624 609 2660 444
629 2612 706 2673 ponta
728 2609 790 2672 cet]
828 2625 1006 2676 quaecunque
1032 2609 1083 2662 alio
1108 2613 1219 2675 quovis·
1232 2615 1354 2676 tempore

267 2684 414 2737 Particnlue
435 2699 467 2736 444
489 2689 516 2736 44
538 2691 566 2736 ut
588 2686 708 2750 pendent
730 2698 744 2734 a
763 2699 789 2734 v.
829 2686 938 2737 forsitan
953 2687 1157 2749 proscripserit.
1193 2687 1259 2737 444444
1276 2687 1303 2737 h.
1321 2685 1352 2746 4.,

265 2761 436 2812 444444444444444.
451 2787 479 2796 -
492 2761 570 2824 acub
585 2759 696 2823 4444444444]
714 2757 792 2808 Vide·
829 2765 858 2811 nt
878 2762 1028 2812 monstrant
1051 2761 1132 2810 etiam
1153 2759 1204 2810 loci
1227 2759 1352 2820 Plautini,

266 2835 329 2886 lieet
345 2837 372 2886 in
389 2837 430 2887 his
447 2834 573 2886 omnibus
588 2837 716 2899 peccarat
738 2835 792 2884 Na·
829 2837 1012 2886 coniunctivus
1024 2834 1218 2900 praeferendus
1230 2839 1272 2886 est
1282 2836 1353 2886 haud

267 2910 398 2972 sidienus,
425 2923 494 2974 pane
519 2910 614 2961 adusto
638 2904 792 2982 (ἡνθρακι-
829 2923 976 2975 paucorum
995 2909 1242 2970 coddiudicativo.

267 2985 383 3052 σμένῳ),
402 2986 459 3036 4444
476 2998 558 3050 prave
570 2985 677 3036 condito
689 2985 789 3046 erucis,
863 2985 902 3034 44.
921 2986 962 3035 78.
992 2985 1072 3035 444444
1089 2984 1179 3048 posctt]
1202 2985 1274 3035 Foris
1297 2983 1354 3035 cal·

266 3060 358 3122 taulis,
379 3058 458 3111 illatis
475 3061 591 3122 echinis,
611 3061 737 3112 ministris
755 3062 792 3110 44-
829 3061 900 3122 cels,
927 3059 1000 3110 domi
1025 3059 1105 3112 soleis
1127 3058 1272 3110 utebantur
1287 3061 1351 3122 4444;

267 3133 354 3187 dienle
376 3135 469 3186 cinctis
486 3137 513 3185 et
537 3135 665 3199 comptis,
692 3133 792 3186 aulaeis
829 3137 940 3188 easdam
964 3136 990 3185 ln
1014 3134 1211 3186 discumbendo
1232 3134 1354 3200 depone·

266 3223 362 3275 parum
385 3209 456 3261 tultis
473 3211 525 3261 444.
560 3213 598 3260 444
615 3212 638 3261 si
659 3212 789 3276 accipias,
828 3212 906 3271 bant3
925 3211 1061 3276 depositas
1078 3222 1187 3261 servum
1204 3211 1291 3274 poscit
1301 3212 1355 3262 Na·

265 3285 343 3349 longe
373 3283 467 3336 salsior
495 3285 633 3348 magisque
661 3285 791 3338 malitiosa
829 3286 963 3348 sidienus,
984 3288 1012 3336 ut
1029 3285 1063 3336 de
1076 3297 1159 3335 coena
1172 3287 1264 3348 surgat
1279 3283 1354 3336 iube-

266 3360 313 3410 flet
329 3357 475 3409 Balatronis
492 3357 650 3422 consolatio,
669 3373 751 3424 quem
769 3363 791 3412 44
829 3364 909 3426 atque
918 3361 1072 3426 praeparari
1081 3372 1279 3420 mazonomum,
1289 3372 1351 3423 qno,

266 3436 292 3485 in
317 3435 471 3484 universum
495 3446 557 3483 eum
579 3433 612 3484 de
634 3433 791 3486 calamitati-
829 3436 968 3502 deperdita
990 3434 1101 3499 pulvere
1119 3434 1261 3496 muraena,
1288 3447 1354 3484 oon-

265 3509 330 3570 bus,
366 3507 464 3572 quibus
497 3509 649 3558 convivium
677 3510 790 3574 quodvis
827 3513 901 3562 vivas
917 3509 1027 3561 soletur.
1062 3511 1105 3560 Sic
1116 3509 1187 3574 apud
1205 3509 1353 3560 Pherecra-

265 3585 333 3636 lorte
356 3583 425 3633 444444
449 3584 548 3647 possit,
576 3583 618 3634 bic
641 3585 714 3649 loqui
735 3587 791 3636 sta·
829 3589 883 3637 tem
900 3585 1021 3638 4444444444
1042 3586 1082 3636 Fr.
1102 3584 1177 3635 Com.
1196 3585 1227 3634 44.
1246 3598 1273 3649 p.
1294 3583 1351 3635 3344.

265 3663 333 3711 4444.
355 3686 383 3696 -
404 3657 496 3722 auaro]
520 3671 648 3721 «servus,
676 3660 721 3723 qui
749 3661 790 3711 iu·
827 3661 909 3711 homo
926 3659 1046 3710 convivio
1063 3652 1353 3720 abiturusriuodeim,

266 3737 356 3788 mente
380 3735 488 3784 curat.»
517 3735 578 3783 444.
617 3734 788 3796 Nasidienus,
828 3735 932 3786 calceos
949 3734 1043 3784 induit.
1073 3733 1157 3785 Plcut.
1170 3733 1275 3785 Trucul.
1288 3735 1314 3795 2,
1326 3733 1352 3794 4,

265 3811 296 3858 ut
322 3821 462 3858 servorum
490 3820 634 3858 numerum
664 3812 787 3873 augeret,
828 3810 873 3860 ⁴²:
892 3809 1126 3868 44444444444444444,Ι
1144 3811 1353 3871 properamu-

265 3885 354 3947 ipsum
380 3896 488 3947 quoque
513 3895 672 3946 agasonem,
701 3885 790 3933 bomi—
825 3885 887 3947 (erte
903 3896 1022 3934 4444444444.
1036 3897 1061 3933 v.
1076 3883 1197 3933 ldtlcm
1212 3883 1288 3932 rediit
1298 3883 1354 3932 aot·

264 3970 327 4007 nem
348 3956 416 4007 adeo
439 3969 580 4018 scaevum,
607 3961 636 4009 ut
660 3971 789 4010 amovens
826 3971 896 4018 mun
914 3961 983 4010 dorm
998 3959 1090 4022 4444444,
1109 3959 1168 4008 cedo
1179 3957 1271 4008 ittam
1285 3985 1312 3994 —
1326 3959 1352 4008 444

264 4029 370 4090 aulaea,
395 4044 463 4094 quae
483 4033 649 4092 ceciderant,
671 4033 788 4096 patinam
826 4035 887 4084 tacto
903 4034 1009 4099 44444444]
1032 4035 1144 4086 Remoto
1162 4033 1271 4084 dominc
1289 4045 1353 4084 coc·

264 4105 409 4168 frangeret,
433 4104 481 4156 illis
507 4109 674 4170 aggregarat,
708 4107 788 4171 idque
826 4120 876 4159 nae
894 4107 1045 4162 noneolum
1058 4109 1217 4160 Maecenatis
1230 4109 1351 4168 comitas,

264 4177 390 4230 Servilius
407 4179 535 4232 odoratus
552 4183 616 4232 erat.
637 4209 663 4218 -
681 4183 787 4247 audere]
826 4195 921 4232 verum
939 4183 1019 4234 etiam
1037 4183 1081 4235 imi
1099 4181 1160 4234 lecti
1182 4182 1290 4247 parasiti
1313 4181 1354 4231 io-

265 4254 443 4318 apateiaeere,
471 4255 624 4319 detegere.»
644 4284 672 4294 -
693 4257 744 4307 ria·
763 4258 789 4307 di
826 4271 873 4309 eos
885 4258 919 4310 de
936 4258 1047 4310 ridiculo
1059 4271 1124 4311 cusu
1141 4259 1167 4310 444
1185 4270 1278 4310 aurem
1293 4269 1354 4320 pro·
