3178 4972
622 435 681 486 titt.
700 436 719 486 l.
755 435 853 488 salsi.
871 437 925 486 llll.

272 591 319 658 Ab
343 593 419 658 love
441 589 555 657 donari
577 591 680 677 possit
703 591 768 664 tibi.
813 591 900 658 Tolle
922 591 1091 680 querelas;

271 715 400 800 Pauper
421 713 507 779 enim
529 722 679 790 nonest,
704 713 758 780 cui
780 733 890 780 rerum
911 714 1054 801 suppetit
1074 736 1162 781 usus.

271 835 304 901 Si
325 834 429 901 ventri
450 834 552 912 bene,
577 835 604 900 si
626 834 718 901 lateri
740 844 790 902 est
811 834 1016 922 pedibusque
1038 836 1115 914 tuis,
1144 836 1188 902 nil
1295 841 1314 904 5

177 987 179 990 ·
270 956 406 1023 Divitiae
428 965 579 1044 poterunt
599 954 728 1042 regales
750 955 873 1023 addere
896 957 1009 1023 maius.

271 1077 304 1144 Si
326 1077 408 1146 lorte
429 1077 462 1144 in
483 1076 594 1146 medio
615 1078 794 1166 positorum
815 1077 992 1146 abstemius
1014 1078 1125 1148 herbis

294 1284 772 1348 s.quorettarE.-s.es0m.ls.

227 1473 328 1522 maiore
353 1472 406 1522 otio
431 1471 576 1522 truentes.»
609 1471 663 1522 Nisi
688 1484 754 1522 vero
790 1471 817 1522 θ’
833 1467 953 1538 riptovot
968 1488 1013 1537 τε,
1040 1475 1090 1527 καὶ
1112 1467 1137 1545 ᾦ
1157 1473 1195 1529 τὰ
1214 1476 1317 1530 δέοντα

228 1547 295 1597 baec
311 1545 364 1596 duo
375 1545 459 1596 rerba
470 1559 523 1596 non
536 1546 614 1596 nimis
626 1559 754 1610 premeu-
791 1545 927 1618 πάρεστιν
944 1549 1050 1620 sumpt
1066 1565 1097 1602 τε
1113 1554 1162 1604 καὶ
1180 1551 1316 1624 πλευραῖς

228 1621 262 1672 de
279 1623 354 1682 sunt,
373 1621 442 1671 adeo
459 1623 489 1670 ut
504 1621 556 1671 boc
567 1619 753 1672 tantummodo
790 1623 840 1672 sat
857 1624 944 1673 ποσὶν
960 1618 1039 1696 ἁβρὰ
1057 1627 1161 1678 παθεῖν
1169 1627 1281 1693 Παιδός
1291 1631 1315 1680 τ’

227 1695 388 1758 significent:
416 1693 497 1746 :Nihil
520 1695 640 1759 prolecto
657 1694 751 1758 habes,
790 1690 841 1762 ἡδὲ
851 1695 997 1764 γυναικός.
1011 1701 1160 1767 -poutouq
1173 1705 1236 1755 Mire
1248 1706 1316 1758 haec

227 1781 277 1820 cur
292 1771 438 1834 querare!-
458 1797 486 1806 -
503 1771 602 1832 Pauper
622 1770 688 1820 mbo
703 1783 754 1820 noo
790 1773 879 1821 omnia
896 1773 1085 1836 interpretatur
1102 1776 1206 1827 comm.
1223 1779 1315 1843 Crnq.,

227 1851 263 1898 cst
278 1846 340 1908 cet]
361 1845 400 1897 cl.
416 1846 600 1896 Democritum
617 1846 643 1896 in
665 1845 753 1896 Orellii
790 1858 871 1909 quem
888 1847 1024 1898 bacterius
1036 1847 1132 1913 alitque
1145 1853 1229 1902 secuti
1241 1854 1314 1904 sunt:

227 1921 323 1985 Opusc.
335 1918 469 1984 sent.l.p.
481 1921 543 1970 tto:
556 1917 753 1986 Havtmniori·
789 1921 818 1972 Si
833 1920 907 1970 bobes
922 1921 1018 1983 dium,
1041 1937 1092 1973 ocu
1110 1925 1196 1974 dsunt
1211 1941 1257 1977 nec
1272 1941 1316 1978 ue-

225 2009 289 2058 τος,
307 1988 440 2061 ὀνόματα
457 1991 567 2060 sarteq
583 1996 633 2045 καὶ
644 1991 751 2067 κόρου·
788 1996 904 2046 stiosento
926 1997 956 2046 tte
972 1996 1023 2058 uo,
1050 2011 1096 2047 nec
1117 2002 1234 2064 strepeto
1256 2003 1317 2052 dor-

227 2064 294 2122 ouva
310 2061 363 2121 οὖν
374 2067 515 2132 πλούσιος
526 2063 543 2120 ὁ
555 2069 667 2133 ἐνδέων,
685 2063 753 2122 οὔτε
789 2071 887 2132 intenti,
905 2071 927 2119 si
942 2069 987 2120 tibi
1002 2071 1052 2122 44444
1061 2073 1231 2125 catecumeoto
1242 2081 1265 2126 et
1275 2091 1319 2127 co-

226 2147 314 2212 πένης
339 2140 356 2195 ὁ
379 2141 423 2210 μὴ
449 2143 561 2196 ἐνδέων.
591 2172 618 2182 -
647 2148 755 2209 mppettt
789 2145 857 2194 batti.
895 2146 934 2196 Tu
962 2144 1076 2210 intellige
1100 2149 1176 2211 pedes
1199 2149 1317 2216 podagre

225 2221 293 2282 roro]
312 2219 449 2281 «sufflatu,
472 2233 529 2270 war
549 2233 584 2270 su
599 2219 682 2270 seim
703 2221 753 2271 lte-
790 2233 843 2270 non
862 2218 1028 2284 laborantes,
1046 2220 1096 2273 sed
1113 2222 1195 2274 iortes
1213 2238 1245 2274 ac
1256 2239 1317 2290 per-

226 2296 366 2358 ditrfnisseo
383 2295 535 2357 aureati„
553 2307 606 2360 qua
623 2295 754 2359 signitica—
790 2295 873 2345 uices.

226 2371 297 2421 tione
315 2371 409 2421 Cicero
427 2372 538 2434 usurpat
554 2371 636 2421 etiam
651 2383 679 2420 v.
691 2383 753 2433 sup-
822 2369 895 2419 7-tt.
914 2371 942 2420 Si
957 2372 1022 2435 sorte
1038 2373 1102 2436 cet]
1119 2374 1174 2425 lem
1190 2377 1316 2441 sepientis

223 2446 348 2507 perlitare,
368 2444 402 2495 de
413 2443 488 2495 otflc.
503 2445 529 2507 t,
547 2445 576 2506 4,
596 2446 638 2496 ta:
654 2459 754 2508 parare
790 2445 982 2509 temperantiae
1001 2445 1153 2511 exemplum
1164 2449 1255 2501 effert:
1276 2453 1317 2502 «Si

225 2532 271 2582 aa,
290 2533 355 2582 quoe
370 2518 525 2582 mediant
541 2524 564 2570 st
580 2521 614 2570 ad
624 2520 719 2570 udum
730 2526 754 2570 st
787 2521 866 2584 sorte,
883 2520 911 2571 ld
929 2520 1002 2584 quod
1019 2535 1072 2572 non
1088 2536 1138 2587 pro
1156 2528 1230 2576 certo
1245 2528 1316 2577 scio»

225 2595 260 2644 att
274 2595 376 2644 uictum,
405 2595 553 2659 Opponitur
574 2608 634 2644 uois
649 2597 753 2646 manci·
790 2597 824 2658 (v.
840 2596 906 2658 forts
921 2596 1030 2647 minime
1051 2595 1239 2662 negligendum
1257 2603 1315 2664 est),

226 2669 279 2735 pio.
309 2669 363 2720 Cic.
377 2669 411 2720 ad
429 2669 500 2720 Fam.
515 2669 543 2729 t,
562 2667 608 2719 30:
634 2669 751 2731 44444444,
790 2683 868 2720 scum
886 2668 952 2720 cibis
968 2668 1125 2722 lautioribus
1145 2677 1219 2725 vesci
1241 2674 1317 2726 lucile

225 2744 296 2794 aius
312 2745 432 2806 wantum
445 2743 581 2806 proprium
597 2746 753 2794 tsesrcscri·
789 2742 837 2793 tibi
856 2742 962 2804 liceret,
985 2746 1075 2794 umen
1094 2744 1242 2808 abstentus,
1271 2762 1318 2799 so—

225 2816 263 2868 bis
276 2819 403 2880 monnau
419 2822 443 2868 et
458 2831 538 2880 naso,
564 2830 648 2868 maon
668 2822 753 2868 autern
789 2816 876 2878 brius,
896 2829 989 2867 manes
1007 2829 1039 2867 ae
1055 2819 1121 2869 vivis
1138 2818 1317 2883 leguminibus

225 2893 423 2956 usbeisnein,
442 2883 700 2942 commistam.
724 2891 753 2940 ld
790 2889 961 2954 oleribusque
982 2895 1062 2956 atque
1088 2893 1158 2943 iuter
1181 2895 1250 2946 baec
1274 2895 1317 2947 vel

225 2966 292 3016 men
318 2971 354 3017 ert
380 2965 499 3029 mosera
521 2966 674 3029 propriant,
703 2977 753 3026 quo
789 2965 886 3028 urtice,
905 2977 991 3028 aeque
1008 2979 1091 3031 parco
1109 2970 1136 3017 et
1152 2969 1225 3019 tenui
1244 2972 1318 3024 uictu

226 3041 328 3102 quisque
347 3040 444 3104 {tratur
463 3045 538 3103 atqie
553 3041 643 3091 utitru.
676 3038 751 3091 (toul.
791 3041 871 3090 etiam
883 3041 1016 3103 protinus»
1036 3041 1061 3105 (i.
1075 3055 1100 3092 e.
1115 3057 1207 3106 «porro
1224 3050 1248 3096 et
1265 3048 1318 3098 noe

225 3115 292 3180 Epp.
311 3115 343 3176 4,
367 3116 398 3178 4,
423 3113 471 3165 tos
492 3127 552 3179 sqq.
583 3113 678 3165 Libere
704 3127 753 3164 au·
789 3115 989 3166 mammone»
1015 3117 1082 3166 Nou.
1104 3129 1132 3180 p.
1153 3117 1226 3179 3744,
1253 3123 1318 3172 auch

226 3191 294 3250 tem,
312 3192 343 3240 ut
357 3189 425 3252 dixi,
443 3189 529 3240 iccius
546 3189 580 3239 ad
600 3201 666 3240 usus
682 3189 752 3238 vitae
787 3192 881 3255 [ωπον.
900 3189 933 3240 cl.
951 3189 1028 3240 Hand
1044 3191 1120 3240 Turs.
1142 3191 1184 3242 lV.
1203 3205 1231 3256 p.
1248 3194 1316 3257 644.)

226 3264 392 3315 necessarios
421 3262 576 3328 dispensare
606 3267 633 3314 ct
660 3262 753 3327 dispo-
791 3266 833 3315 «tn
852 3265 1015 3330 perpetuum
1033 3265 1132 3327 uteris,
1150 3266 1255 3317 etiamsi
1274 3281 1319 3319 su-

225 3350 291 3388 nere
312 3339 430 3402 poterat,
455 3351 632 3402 quaecunque
654 3351 753 3402 prove·
790 3341 846 3392 bito
863 3339 939 3390 dives
958 3340 1042 3392 lactus
1055 3339 1120 3402 eris,
1139 3339 1182 3390 vel
1194 3342 1255 3405 quia
1268 3357 1318 3393 na-

225 3411 335 3463 ntebant
356 3413 383 3463 tn
404 3413 536 3477 Agrippae
559 3411 656 3464 tundis
678 3440 705 3450 -
725 3411 754 3462 Si
790 3417 850 3465 tura
866 3412 936 3465 ultro
953 3407 1168 3479 temperasses,
1193 3415 1235 3466 vel
1255 3419 1318 3481 quia

224 3489 306 3539 omos
326 3487 388 3552 cet]
401 3487 570 3538 Huncetiam
585 3486 753 3540 Metrodorus
791 3503 824 3541 ex
846 3488 924 3540 firmo
945 3489 1081 3554 proposito
1103 3488 1222 3542 abstines
1244 3491 1318 3543 alu-

225 3561 307 3613 fluem
324 3561 457 3612 bonorum
475 3563 660 3614 constituerat:
681 3556 753 3630 ἀγα-
790 3565 880 3626 ruric,
898 3565 929 3614 ut
945 3564 1091 3628 sapientiae
1109 3567 1260 3632 praeceptis
1272 3580 1318 3618 se-

224 3632 281 3687 θὸν
301 3633 404 3704 ψυχῆς
419 3638 448 3689 τί
463 3631 535 3688 ἄλλο
553 3633 574 3704 ἢ
589 3635 625 3690 τὸ
642 3635 753 3712 σαρκὸς
790 3639 932 3691 tislsclas.»
953 3639 1028 3689 —Io
1043 3640 1318 3702 compessessori

225 3703 365 3774 εὖσταθὲς
381 3708 555 3780 κατάστημα
571 3714 622 3765 sat
637 3711 672 3765 τὸ
689 3715 754 3788 περὶ
790 3727 850 3776 res,
869 3725 984 3779 querum
1001 3715 1120 3777 potestas
1138 3714 1215 3765 uobis
1233 3721 1275 3767 est
1285 3729 1317 3767 ac

225 3782 332 3854 ταύτης
356 3781 460 3838 πιστὸν
484 3781 628 3854 iliricum
655 3789 752 3853 (Clam.
790 3788 859 3841 liber
876 3801 954 3848 usus;
974 3788 1025 3838 boc
1042 3789 1120 3850 igitur
1135 3785 1195 3838 loco
1206 3787 1259 3839 cibi
1271 3804 1318 3842 cs-

225 3858 299 3912 Alex.
323 3863 419 3912 strom.
442 3863 473 3924 4,
499 3861 555 3925 44.)
593 3863 638 3913 Vix
662 3865 753 3915 tamen
790 3863 914 3927 teroquin
931 3860 1005 3912 baud
1022 3859 1164 3911 difficulter
1175 3874 1227 3912 nec
1237 3863 1317 3914 nimia

225 3935 304 3986 huius
321 3938 468 3988 sententiae
486 3931 647 3988 meminerat
668 3937 754 3988 liora-
790 3938 913 4002 impensa
923 3936 1050 4002 parandi,
1068 3935 1166 4000 quibus
1177 3939 1268 3988 tamen
1280 3941 1319 3990 lc-

224 4011 291 4074 tlus‚
310 4011 359 4062 sed
375 4012 464 4077 potius
481 4024 610 4063 vemuum
626 4011 755 4074 Theogni-
791 4012 848 4062 cius
872 4010 1077 4076 simplicioribus
1100 4011 1180 4062 ettam
1206 4015 1318 4064 couten-

226 4083 267 4134 dis
287 4097 313 4134 v.
330 4084 388 4135 449.
409 4083 452 4137 vel
472 4084 573 4136 Solonis
590 4084 662 4149 apud
685 4083 752 4136 Plut.
791 4088 833 4136 tus
853 4085 994 4137 abstineat.
1025 4085 1064 4136 Cl.
1086 4085 1138 4134 Sat.
1161 4087 1190 4147 4,
1209 4087 1238 4148 4,
1258 4087 1315 4138 tos.

225 4155 278 4209 Sol.
291 4159 320 4209 2:
334 4149 412 4209 Ἶσόν
427 4173 474 4210 τοι
484 4157 676 4223 πλουτοῦσιν,
695 4152 753 4229 ὅτῳ
793 4187 821 4198 -
835 4159 976 4225 obserabo]
992 4174 1034 4225 pr.
1049 4152 1179 4223 «ἄοινος,
1199 4161 1244 4224 qui
1256 4163 1317 4212 vino

226 4227 317 4296 πολὺς
333 4225 458 4306 ἄργυρός
475 4232 553 4286 ἐστιν
570 4233 626 4285 Kal
643 4231 754 4328 χρυσὸς
791 4235 937 4298 abstinet,»
964 4236 991 4285 h.
1010 4234 1028 4286 4.
1050 4234 1185 4287 «sobrius»
1204 4249 1318 4299 genera·

225 4307 275 4358 nos
291 4305 347 4375 γῆς
362 4305 534 4382 πυροφόρου
553 4305 645 4374 πεδία,
667 4311 754 4362 innoc
790 4310 847 4361 tim
877 4307 1002 4362 Similiter
1017 4308 1140 4363 Sidonius
1151 4309 1235 4376 Apoll.
1249 4311 1315 4378 Epp.
