3130 4966
624 426 684 475 Lm.
703 427 722 476 l.
758 427 826 478 SAT.
846 429 864 478 l.

243 579 337 646 Panis
360 589 499 655 emetur,
524 579 609 657 olus,
633 582 697 647 vini
721 583 895 660 sextarius
919 584 1020 662 adde,

243 702 322 781 Quis
345 700 486 768 humana
507 703 569 769 sibi
591 702 702 770 doleat
722 713 837 771 natura
859 707 992 796 negatis.

241 826 288 888 Αιι
310 822 443 910 vigilare
466 835 553 892 metu
575 827 772 902 exanimem,
797 837 976 916 noctesque
998 829 1135 919 diesque

242 944 428 1012 Formidare
450 945 553 1012 malos
575 946 679 1024 iures,
703 948 868 1027 incendia,
892 969 1021 1028 servos,

240 1068 286 1132 Ne
308 1077 339 1132 te
362 1066 536 1154 compilent
556 1067 730 1156 rugientes,
754 1067 817 1137 hoc
838 1071 951 1137 iuvat?
973 1073 1095 1140 Horum

241 1188 378 1276 Semper
400 1211 461 1276 ego
483 1189 620 1278 optarim
642 1191 870 1279 pauperrimus
892 1213 967 1260 esse
988 1193 1157 1262 honomm.

239 1312 277 1374 m
299 1309 327 1376 si
350 1310 516 1378 condoluit
537 1321 693 1378 tentatum
715 1312 834 1400 frigore
855 1333 991 1402 corpus,
1243 1323 1285 1385 80

570 1537 659 1587 -.79
678 1543 792 1600 optarem
812 1538 903 1605 BbScp
922 1543 982 1603 (non
1000 1543 1084 1604 d).-
1058 1558 1154 1595 -esec
1170 1546 1252 1596 nmio-

195 1829 310 1866 uunuuos
326 1829 468 1879 cuneisque
483 1817 608 1878 reomatis,
627 1816 723 1866 nescius
759 1816 820 1865 licat
841 1815 960 1884 γενικῶς
981 1818 1121 1882 improbos
1143 1823 1224 1885 atque
1242 1823 1284 1872 io·v

195 1893 232 1941 uti
249 1892 394 1954 Compositis
408 1896 567 1954 metuensque
581 1891 649 1942 uelut
664 1905 722 1942 eon-
757 1890 886 1943 honestos
899 1893 1031 1944 homines.
1047 1919 1075 1930 -
1087 1896 1179 1958 amoos]
1197 1898 1283 1946 Locus

195 1969 289 2030 ιῑποονο
304 1980 413 2017 sumen.
450 1967 506 2017 Hoc
524 1980 632 2032 quoque
648 1965 721 2016 velut
757 1979 888 2030 perquem
910 1967 1091 2020 memorabilis
1113 1969 1147 2020 de
1169 1971 1282 2034 fugitivis

195 2043 221 2092 iu
246 2042 420 2107 proverbium
444 2041 516 2092 abiit.
553 2042 606 2093 Cir.
625 2040 720 2091 lacobs
756 2041 798 2090 eat
821 2041 893 2105 apud
910 2044 1011 2093 Arriun.
1032 2044 1116 2107 Epict.
1136 2045 1167 2106 3,
1185 2047 1231 2106 26,
1252 2047 1280 2094 l:

194 2119 265 2167 Lect.
290 2118 390 2167 Venus.
413 2131 440 2182 p.
464 2117 521 2168 384.
549 2143 575 2154 -
597 2117 721 2179 moiun
756 2111 823 2178 Πῶς
848 2114 953 2167 ἐκεῖνοι
982 2116 1139 2184 φεύγοντες
1164 2114 1282 2171 ἀπολεί-

194 2191 302 2256 eumue]
326 2204 416 2255 «quea
440 2189 542 2241 nullum
563 2190 644 2242 alium
670 2190 719 2240 nisi
756 2205 845 2242 ποασι
879 2187 946 2255 τοὺς
987 2189 1149 2257 decoctor:
1186 2195 1282 2257 ποίοις

194 2268 266 2318 usus
284 2279 394 2318 sensum
412 2265 572 2316 delectant.»
755 2261 856 2336 ἀγροῖς
876 2265 1062 2332 πεποιθότες,
1086 2271 1182 2332 ποίοις
1205 2271 1282 2322 οἰκέ-

224 2343 315 2392 73-79.
346 2357 396 2404 quc
411 2343 504 2406 uuteut]
523 2341 571 2392 «ed
590 2341 654 2405 quid
672 2341 719 2392 tibi
755 2355 832 2404 ταις,·
857 2369 871 2381 -
887 2370 903 2380 -
920 2343 975 2394 Kul
1005 2345 1047 2406 τις
1075 2340 1190 2394 πώποτε
1213 2342 1282 2416 dpu-

193 2416 370 2482 parendum.»
390 2417 718 2481 Ouidouteutminusepte
756 2419 843 2482 πένης
868 2413 940 2484 λαιῷ
964 2411 1124 2480 ἀπέθανεν,
1151 2419 1183 2469 Et
1202 2432 1282 2484 pror-

193 2493 402 2556 significarem«
390 2492 501 2555 «quenti
522 2491 699 2542 aestimetur·
692 2505 717 2542 m
755 2505 801 2542 sus
822 2495 850 2542 ut
873 2493 916 2544 hic
942 2493 1006 2544 ibid.
1030 2493 1054 2557 5
1079 2495 1124 2544 li:
1145 2495 1208 2565 napi
1224 2492 1309 2544 uiv-

193 2569 356 2618 commercio
380 2567 559 2631 quotidiano.»
601 2565 719 2616 Alacrior
754 2563 944 2658 dooluptop
930 2569 1028 2639 τρέμε
1046 2565 1088 2634 μὴ
1106 2567 1217 2640 nieme,
1236 2565 1280 2634 μὴ

192 2643 285 2706 ulique
302 2642 441 2702 iteratio,
461 2642 623 2706 siheecpro
636 2643 719 2691 inler-
754 2657 847 2712 φογῃ,
865 2660 908 2707 μη
926 2637 1120 2714 ἀποθάνηβ
1139 2645 1279 2730 cpmpileut]

193 2717 373 2780 rogationibus
396 2715 497 2767 habeas
520 2729 602 2780 quem
625 2720 717 2768 contra
755 2717 897 2779 compilare
918 2718 1028 2779 aliquem
1051 2719 1130 2768 elium
1153 2719 1179 2769 in
1200 2731 1280 2782 prosu

193 2805 254 2842 cum
272 2792 338 2852 aliis,
358 2790 440 2842 veluti
457 2791 586 2842 ticinello
604 2793 632 2842 el
648 2793 720 2842 Diu·
755 2804 794 2842 or.
813 2793 867 2842 Cic.
887 2791 921 2840 de
940 2793 983 2842 Or.
1002 2793 1030 2854 2,
1049 2793 1095 2854 66,
1114 2793 1176 2842 268:
1201 2793 1292 2842 mutui·

192 2871 274 2918 tzere.
309 2866 441 2930 Equidem
462 2879 588 2929 magnam
607 2865 718 2917 Bentleii
754 2867 887 2929 complices·
904 2881 981 2929 quem
996 2868 1089 2918 uentre.
1125 2867 1154 2926 Q.
1175 2867 1231 2918 Cic.
1245 2867 1279 2918 de

193 2942 376 2992 auctoritatem
398 2953 507 3005 sequor.
532 2968 560 2978 -
582 2942 717 3006 sectarim]
754 2942 810 2992 Pet.
830 2955 903 2992 cons.
931 2943 961 3002 3,
988 2942 1017 2993 8:
1048 2955 1173 3002 caupones
1198 2955 1281 2992 omnes

193 3019 321 3080 queniam
338 3017 395 3066 viro
416 3017 577 3079 temperanti
594 3017 620 3065 in
646 3016 718 3068 diem
753 3016 898 3078 compilare.
919 3043 946 3053 -
968 3015 1098 3080 munies]
1117 3014 1214 3080 duplex
1231 3017 1280 3080 igl-

192 3089 295 3140 sufficit.
305 3117 334 3126 -
343 3091 404 3152 Quis
414 3089 594 3154 luunaooocet.]
603 3093 715 3154 «vestes,
754 3093 798 3139 tur
808 3089 947 3148 damnum,
965 3092 992 3140 et
1003 3089 1075 3152 quod
1087 3102 1155 3152 quae
1169 3095 1281 3153 possunt

192 3163 332 3225 balneum,
359 3177 425 3216 usus
445 3163 588 3216 mulieris.»
623 3167 716 3216 Senon.
754 3177 847 3214 seeum
865 3163 988 3213 auferunt
1005 3164 1032 3212 et
1048 3163 1120 3226 quod
1143 3162 1280 3225 aufugiunt

191 3239 337 3290 Menander
358 3240 436 3290 Mein
462 3240 503 3288 Fr
529 3239 604 3289 Com.
624 3240 667 3290 lv
689 3253 715 3328 p.
754 3239 870 3303 ipsi-
895 3238 1104 3300 peupeutmeu-
1120 3237 1278 3299 -buoorum]

192 3311 248 3364 leo.
273 3313 330 3376 (Ed
356 3315 419 3364 min.
443 3326 470 3376 p
494 3313 580 3376 elli:
605 3307 647 3364 Τοὶ
648 3309 717 3385 ργύ-
754 3312 854 3364 Eadem
884 3313 1082 3363 constructione
1110 3311 1163 3362 Sat.
1187 3313 1218 3373 3,
1248 3313 1277 3372 3,

191 3401 253 3457 peon
283 3383 356 3438 ειναι
385 3383 538 3474 μειράκιόν
567 3402 617 3439 σοι
645 3390 717 3450 ‹pai-
754 3388 815 3438 lie:
842 3389 970 3450 Pauper·
982 3387 1089 3451 orpeutt.
1123 3385 1279 3474 Εἰρωνείαν

190 3477 269 3512 uerae
296 3457 336 3514 Ori
365 3460 422 3512 τῶν
449 3457 616 3529 ἀναγκαίων
650 3465 715 3514 καθ
754 3475 815 3512 esse
830 3461 1039 3525 recurrentem,
1058 3461 1108 3512 sed
1125 3462 1226 3525 putide,
1240 3463 1279 3512 si

191 3531 302 3608 ἡμέραν
323 3534 417 3604 μόνον
440 3533 534 3603 Tempu
555 3544 716 3628 παρασχεῖν
753 3537 886 3600 gniflcevil
911 3537 1025 3600 scriptur
1048 3536 1204 3599 CodicisB,
1229 3551 1278 3602 pro

190 3606 356 3674 ιιακαπόκ,Ἰ
335 3627 443 3684 apter,
456 3607 595 3674 ἀλφίτων,
602 3609 714 3677 ”,Οξοος
752 3612 874 3662 bonorum
899 3623 1012 3661 exerens
1036 3611 1172 3660 melonum.
1211 3610 1280 3662 lllud

189 3684 303 3750 ἐλαίου,
326 3683 500 3752 μείζονόςδ’
518 3681 608 3740 ἄλλοι
626 3686 713 3752 τινός.
753 3686 791 3736 sic
809 3684 995 3751 explicandum
1014 3688 1067 3738 cst:
1088 3685 1197 3735 «harum
1210 3685 1279 3737 soili-

191 3790 219 3799 —
237 3724 318 3812 melda
332 3763 411 3826 sures]
426 3761 539 3814 Wollius
551 3766 717 3828 comparavit
753 3760 900 3810 citudinem
917 3773 949 3809 ec
966 3758 1148 3810 molestiarum
1166 3773 1198 3809 ex
1218 3759 1276 3821 illis,

189 3833 370 3908 κακούργους
386 3833 502 3900 κλῶπας
515 3838 713 3900 Herod.l,lt.
753 3849 822 3898 quae
847 3847 895 3886 vos
920 3835 991 3886 hona
1020 3835 1139 3894 vocatis,
1170 3847 1279 3899 semper

189 3913 231 3962 Sic
247 3913 301 3962 Sat.
316 3914 346 3974 t,
365 3913 393 3973 6,
413 3913 459 3963 68;
478 3912 549 3962 melu
566 3912 656 3962 tustra.
684 3913 713 3972 3,
752 3911 919 3960 orientium.»

189 3987 212 4046 l.
226 3987 271 4038 du:
284 3987 499 4037 mutu·-cioutu.
511 3987 536 4046 3,
546 3986 571 4047 3,
585 3986 633 4036 433
643 4000 649 4032 :
661 3998 716 4036 mu-
784 3985 872 4034 ecee.
901 3980 1035 4046 condoluit]
1049 3984 1166 4032 «tactum
1177 3984 1220 4032 est
1231 3981 1278 4032 do-

188 4060 363 4110 tts··Fum'is.
405 4061 452 4111 Est
475 4061 553 4124 igitur
571 4057 714 4111 «molestos
751 4057 836 4119 lorea,
861 4071 919 4108 ev.
938 4057 1121 4117 condolescere,
1146 4070 1199 4108 ooo
1216 4071 1278 4108 ooo·

188 4147 220 4184 ac
236 4133 436 4186 detestabiles.»
467 4136 715 4186 Feudietinxitmo·
751 4134 844 4194 dolere,
871 4135 900 4182 ut
923 4135 965 4184 est
981 4133 1052 4197 apud
1070 4131 1178 4184 Forcell.
1214 4133 1274 4183 Vid.

188 4209 237 4270 loe,
254 4209 509 4274 [wesproptersel.
524 4209 594 4272 i‚i,
612 4209 641 4260 3:
659 4223 715 4260 mc·
751 4209 859 4258 Kiihuer
881 4206 915 4257 ed
940 4208 994 4259 Cic.
1014 4208 1091 4258 Tusc.
1111 4207 1141 4267 l,
1166 4206 1212 4267 t8,
1232 4205 1273 4258 ii.

187 4283 226 4334 tm
242 4297 274 4334 uc
291 4281 333 4346 (al.
352 4285 405 4346 out)
424 4283 476 4346 stur.
511 4283 612 4334 Sedihl
630 4285 712 4346 signi·
753 4308 779 4319 -
805 4287 927 4332 meusium
946 4282 1055 4347 fripore]
1079 4279 1161 4330 «lebni
1183 4293 1277 4331 corre-
1353 4333 1357 4341 ,
