3178 4972
286 399 348 463 536
647 398 775 449 Hostili
792 397 1014 448 uuisionititttni

330 556 366 619 ln
389 553 489 620 triviis
512 551 610 618 furum
632 572 706 618 cum
729 573 764 618 se
787 552 924 619 demittit
945 550 987 617 ob
1011 571 1133 624 assem,

328 677 398 740 Non
420 673 532 752 video;
555 695 629 738 num
651 673 706 760 qui
730 674 853 760 cupiet,
878 682 999 740 metuet
1014 691 1162 759 quoque3
1185 691 1299 756 porro,
1334 671 1375 733 65

330 794 392 874 Qui
415 804 560 859 metuens
582 794 681 870 vivet,
708 793 789 861 liber
811 792 887 860 mihi
910 814 974 858 non
997 792 1057 858 erit
1077 811 1230 878 unquam.

329 914 472 981 Perdidit
493 935 596 992 arma,
626 914 733 982 locum
756 915 880 980 virtutis
902 913 1062 989 deseruit,
1087 913 1142 999 qui

329 1036 465 1122 Semper
487 1036 519 1100 in
541 1034 689 1122 augenda
711 1035 840 1101 festinat
861 1045 893 1102 et
914 1034 1061 1101 obruitur
1084 1053 1128 1100 re.

355 1203 396 1254 64.
415 1205 517 1254 dimittit
532 1204 552 1254 E
570 1206 598 1252 et
613 1215 654 1266 pr.
668 1215 692 1252 e.
713 1229 740 1256 r
760 1203 800 1252 66.
812 1203 874 1251 m'utt
885 1203 925 1262 S,t
936 1204 964 1250 et
975 1199 1116 1252 Beutlelns.
1137 1203 1248 1263 (lituos,
1267 1203 1341 1262 hdo.)

322 1304 347 1313 -
368 1277 408 1327 67.
427 1278 538 1326 Prodidit
555 1275 665 1326 Bentleii
682 1276 798 1340 suspicio
815 1275 849 1325 nb
868 1277 925 1340 ipso
943 1277 1036 1339 postea
1054 1277 1162 1326 reiecta.

287 1417 378 1466 bonum
394 1416 602 1479 haudquaquam
621 1413 758 1465 meliorem
771 1427 812 1465 es·
850 1415 888 1464 sie
906 1412 1085 1477 supplendus:
1106 1414 1189 1476 «Ergo
1201 1427 1297 1466 evenus
1308 1413 1377 1465 liber

287 1503 317 1540 se
343 1503 423 1540 servo
448 1497 591 1552 nequem.»
617 1516 643 1525 -
668 1488 698 1538 eb
723 1487 810 1552 amem]
851 1491 992 1538 nonest.»
1019 1513 1046 1524 -
1070 1488 1179 1537 Perdidit
1204 1489 1289 1550 amm]
1308 1481 1377 1540 :rt-

287 1565 374 1614 Locus
391 1565 541 1614 eommunis
563 1563 634 1612 hnud
656 1563 812 1626 infrequens
849 1569 966 1624 ψαοπις
983 1565 1011 1611 et
1032 1558 1221 1627 λιιποτάκτης
1242 1565 1298 1624 est,
1324 1563 1377 1613 hoc

288 1638 360 1702 opud
378 1637 523 1702 sophistes.
554 1637 652 1688 Confer
673 1636 812 1688 libanium
851 1638 904 1695 est.
940 1647 1045 1686 summe
1074 1637 1218 1698 ignorntnin
1247 1636 1375 1700 dignus.»

287 1712 351 1782 περὶ
367 1709 507 1773 δουλείας.
525 1714 554 1762 Τ.
573 1712 603 1762 ll.
623 1712 709 1762 Reisk.
727 1725 754 1774 p.
769 1711 809 1760 66.
850 1707 1013 1760 Modestinus
1044 1709 1101 1772 Diq.
1131 1708 1172 1760 to.
1203 1711 1230 1760 Τ.
1255 1710 1295 1760 lli.
1322 1711 1374 1760 ⁴3:

288 1789 314 1836 et
338 1787 467 1850 imprimis
484 1799 511 1849 p.
530 1785 574 1835 69:
602 1780 707 1846 ὁὲνὸς
729 1778 813 1833 ἕνεκα
850 1783 935 1844 ilites,
959 1783 1045 1844 quiin
1062 1782 1215 1832 bellunm
1231 1785 1316 1834 dmuit
1334 1785 1377 1834 oet

287 1857 431 1932 στατῆρος
448 1855 469 1924 ἢ
485 1860 534 1908 καὶ
558 1853 600 1908 ἔτι
621 1860 811 1930 σμικροτέρου
850 1856 982 1917 alienauit,
1000 1858 1083 1918 eapite
1096 1860 1212 1918 medor.
1249 1857 1376 1908 lleudin·

287 1947 341 1986 νου
358 1935 517 2004 φροντίζων
533 1933 582 1984 καὶ
600 1927 735 2003 ἁρπάζων
751 1931 810 1982 κτλ.
850 1928 977 1991 frequens
995 1931 1036 1980 est
1053 1930 1122 1980 hoec
1139 1931 1243 1980 virtutis
1266 1933 1376 1995 sepien-

287 2009 407 2058 lmiletus
424 2011 466 2058 est
482 2009 588 2058 Persius
605 2010 635 2068 t,
656 2009 717 2057 tlt:
737 2008 813 2068 loque
850 2002 955 2064 uaeque
973 2015 1035 2052 eum
1053 2005 1107 2052 ueri
1124 2002 1214 2054 militie
1232 2017 1376 2068 compere-

287 2082 339 2132 tuto
354 2084 437 2146 {teum
450 2082 529 2142 possit
545 2083 813 2137 trumemderenmn·
850 2077 896 2125 tio.
923 2078 1023 2126 Seneca
1042 2076 1075 2126 de
1094 2077 1241 2126 constantie
1258 2091 1315 2142 sep.
1335 2078 1376 2140 49,

286 2169 368 2215 munt,
382 2155 687 2206 ubiPseudocornutus:
708 2154 814 2204 “Solent
851 2148 880 2199 l:
907 2150 1034 2200 Etiamsi
1055 2151 1179 2212 properie
1199 2156 1223 2201 et
1244 2151 1336 2214 infesta
1351 2154 1377 2202 ui

288 2231 379 2294 pueri.
399 2231 428 2279 ut
444 2228 548 2279 ridendi
564 2241 673 2279 oausam
685 2228 812 2290 hebetent,
851 2237 956 2287 erpere,
974 2225 1060 2274 cedere
1076 2229 1158 2274 tumen
1176 2229 1248 2287 impe
1264 2229 1314 2276 est:
1332 2239 1377 2274 ut-

288 2314 378 2352 essem
392 2302 417 2350 in
430 2301 503 2352 silice
514 2301 682 2365 plumbatum
694 2301 812 2364 elligere,
851 2299 979 2361 sipontum
1005 2311 1023 2348 ο
1056 2303 1153 2348 nutura
1184 2300 1266 2349 ὶοινιο
1298 2305 1375 2350 tuere.

289 2375 390 2437 ut‚qui
402 2373 531 2435 viderint,
547 2387 578 2424 se
589 2373 623 2424 nd
636 2374 814 2438 colligendum
853 2373 973 2434 Quaeris,
1000 2372 1056 2434 quit
1078 2374 1118 2424 tie
1140 2375 1172 2424 ett
1196 2374 1283 2424 meus?
1313 2374 1375 2425 Vni.

290 2446 416 2498 inclinent
433 2461 484 2498 neo
502 2451 591 2499 temen
614 2449 717 2512 possint
740 2448 814 2499 evei·
852 2447 944 2495 noeto.
962 2447 1042 2497 Cous.
1062 2445 1126 2497 Phil.
1147 2449 1171 2498 4.
1187 2449 1262 2500 iletr.
1281 2448 1311 2509 l,
1331 2450 1375 2498 te:

290 2519 361 2581 lere,
380 2534 434 2584 quo
451 2521 520 2571 fecto
537 2523 614 2584 pueri
627 2523 748 2572 eetiuml»
763 2521 816 2572 eln-
851 2519 882 2569 At
899 2521 1010 2582 quisquis
1026 2522 1138 2584 trepidus
1150 2527 1227 2584 pauet
1242 2523 1282 2572 vel
1295 2527 1376 2584 optet,

290 2594 496 2656 mitescentem,
516 2597 640 2646 -ettnmo
669 2599 712 2649 Sic
723 2601 814 2648 eutem
853 2595 924 2656 Quod
947 2608 998 2644 non
1023 2596 1054 2644 sit
1076 2595 1172 2646 eluditis
1191 2597 1277 2658 nitqm
1296 2597 1375 2659 imis,

290 2671 319 2716 ut
336 2666 466 2732 explicem
485 2668 583 2720 iaciunt
600 2685 642 2719 vv.
664 2673 720 2736 ipse
744 2675 772 2723 et
788 2674 814 2722 in
851 2668 945 2718 Abiecit
961 2670 1181 2732 ctipemnloeoque
1190 2675 1272 2720 motus
1285 2671 1375 2732 Nectit,

288 2741 369 2790 triviis
386 2745 414 2792 et
428 2745 523 2806 dmm,
542 2757 611 2806 quoe
628 2759 693 2796 sene
710 2748 813 2796 eertum
852 2757 903 2806 quo
919 2743 1003 2794 vatem
1019 2744 1101 2804 trudi,
1119 2749 1243 2794 catenam.
1258 2771 1283 2780 -
1295 2745 1378 2794 locun

289 2827 434 2878 puerorum
472 2820 641 2870 transeuntes
675 2819 814 2870 ludificen-
850 2820 950 2869 uirtutis
961 2818 1375 2883 desermtt]1)emostli.01yntl1.3.

290 2888 354 2938 tium
372 2890 510 2942 eonsilium
525 2895 691 2956 exprimunt;
710 2893 753 2945 elii
765 2897 814 2945 mi·
852 2893 926 2957 536:
939 2889 982 2958 μὴ
995 2897 1177 2964 παραχωρεῖν
1187 2887 1274 2958 (ὑμᾶς
1282 2890 1375 2960 ἀξιῶ),

289 2975 340 3012 nus
367 2967 440 3014 reete
468 2965 502 3014 de
530 2979 605 3026 esse,
639 2969 683 3030 qui
706 2969 813 3019 fortuito
851 2959 1223 3039 ὦᾶνδρεςἈθηναϊοι,τῆς
1234 2964 1375 3032 τάξεως,

289 3036 316 3084 in
334 3049 447 3088 coenum
464 3039 607 3102 deciderit,
635 3042 813 3106 interpretun-
852 3040 887 3108 ἣν
900 3039 968 3108 ὑμῖν
979 3043 1010 3092 oi
1023 3039 1161 3113 πρόγονοι
1178 3040 1236 3108 τῆς
1253 3037 1377 3115 ἀρετῆς

289 3111 345 3170 tur,
372 3114 401 3160 ut
418 3115 459 3162 est
481 3127 546 3164 sene
563 3115 633 3178 epud
659 3118 813 3167 Petronium
850 3115 924 3183 μετὰ
941 3115 1114 3168 πολλῶνκαὶ
1129 3113 1225 3168 καλῶν
1236 3115 1377 3169 κινδύνων

290 3183 335 3234 l3:
362 3185 399 3235 Ab
416 3200 471 3237 asse
491 3189 569 3238 creuit
590 3195 613 3240 et
632 3195 743 3252 paratus
766 3192 814 3254 fuit
851 3190 1029 3259 κτησάμενοι
1042 3191 1203 3242 κατέλιπον.
1219 3217 1246 3228 -
1261 3191 1378 3244 obrodit

290 3260 457 3319 quadrantem
473 3263 503 3312 de
514 3268 620 3314 stercore
630 3266 757 3316 mordiens
768 3267 814 3314 tot·
850 3270 886 3333 re]
906 3269 947 3318 eid
965 3270 1018 3328 est,
1041 3268 1168 3331 pecunie,
1187 3267 1268 3318 veluti
1287 3271 1376 3320 terroe

290 3333 347 3384 lere.
371 3361 399 3370 -
418 3337 461 3396 qut
477 3337 573 3399 aput,
590 3344 681 3390 mutuet
707 3341 811 3404 quoque]
850 3343 924 3402 lnbe;
945 3343 981 3393 ite
999 3345 1028 3392 ut
1044 3341 1079 3391 ab
1092 3355 1122 3391 ee
1136 3341 1280 3406 impeditus
1292 3342 1376 3394 libere

290 3407 412 3458 lloretius
438 3409 531 3460 hicet
557 3413 623 3477 Epp.
649 3414 675 3475 4,
709 3417 738 3476 4,
770 3418 810 3466 54.
850 3431 961 3469 movere
979 3429 1040 3466 sese
1058 3419 1200 3478 nequent.»

290 3481 349 3542 (Qui
371 3483 440 3544 nepti
463 3489 508 3532 aut
531 3487 619 3536 uetuit
644 3490 711 3551 cet.)
750 3491 813 3554 Epi·
883 3492 993 3543 ott-tt.
1029 3491 1135 3542 Vendere
1155 3491 1223 3555 eet]
1252 3494 1377 3542 «Avarus

291 3567 384 3604 eurum
403 3555 485 3618 (otog.
507 3559 591 3608 inert.
612 3561 658 3622 40,
680 3562 747 3626 tte.)
768 3577 813 3614 re·
851 3566 936 3629 ignavi
961 3564 1050 3614 militis
1076 3566 1159 3614 instar
1184 3566 1266 3616 ermis
1293 3567 1377 3616 emis-

290 3629 393 3692 spicere
405 3629 510 3680 videtur
527 3633 697 3685 Lechmenno
709 3637 742 3686 nd
761 3641 813 3688 Lu·
851 3641 887 3690 sis
905 3640 932 3688 et
954 3636 1013 3690 loeo
1034 3639 1137 3688 virtutis
1159 3638 1268 3688 deserto
1290 3641 1377 3703 cepti·

291 3706 356 3752 eret.
378 3704 409 3764 6,
427 3705 472 3754 tt:
499 3707 531 3755 Et
545 3709 620 3770 meni
637 3711 724 3758 detuit
743 3711 813 3775 (Epi-
850 3725 900 3762 vus
916 3711 959 3772 tit,
986 3713 1142 3776 exceptive
1164 3725 1271 3774 servus,
1300 3713 1377 3766 euius

291 3777 379 3840 eurus)
391 3781 535 3841 cuppedinis
550 3786 626 3844 atque
636 3783 741 3832 timoris,
772 3785 810 3834 Ci.
850 3797 902 3836 non
917 3786 1075 3847 honestum,
1090 3786 1139 3838 sed
1154 3785 1215 3836 utile
1229 3801 1326 3839 munus
1336 3791 1378 3840 est

290 3850 355 3914 Epp.
380 3853 408 3912 2,
435 3857 463 3914 Ξ,
492 3855 547 3905 tte.
578 3883 604 3892 -
626 3857 718 3920 porro]
742 3859 812 3908 Gon·
850 3871 940 3920 erere,
958 3870 1091 3922 peseeren
1110 3863 1160 3910 eet.
1185 3861 1276 3910 Onnes.
1302 3861 1377 3912 idem

291 3925 374 3976 tinuet
408 3929 572 3990 orationem,
613 3931 689 3992 quusi
724 3930 810 3982 dicet:
850 3932 1055 3996 nuverbnepte
1067 3931 1315 3984 eontulitlustitutt.
1330 3934 1374 3985 lib.

291 3999 373 4049 «lluic
395 4003 542 4052 sententiae
565 4006 702 4066 tamquam
726 4005 813 4056 corel·
851 4007 964 4056 tute.
979 4005 1046 4068 SA:
1073 4007 1145 4056 Servi
1170 4011 1255 4058 anem
1277 4021 1310 4058 en
1331 4010 1377 4058 doc

289 4071 383 4124 lorium
411 4077 495 4140 (quod
520 4077 612 4127 dieunt
636 4079 813 4140 posteriores)
850 4081 969 4142 appellati
986 4085 1057 4140 snt,
1076 4081 1375 4142 quodtmperutmmca·

290 4147 419 4211 uiliungo,
438 4149 552 4201 liberum
571 4163 623 4202 nou
636 4151 699 4201 mihi
712 4153 811 4204 videri·
846 4155 949 4217 ptioos
964 4155 1093 4204 uendere
1109 4167 1141 4204 ue
1153 4167 1203 4215 per
1218 4155 1377 4204 tondemur·

290 4225 341 4271 cet.
369 4225 414 4274 Est
432 4228 522 4275 eutem
540 4227 614 4288 quusi
626 4225 811 4290 syllogismus,
850 4240 905 4278 nee
933 4227 1079 4278 occidere
1106 4228 1197 4284 solent,¹
1228 4229 1270 4289 qui
1298 4225 1375 4276 etiem
