3130 4966
610 441 670 491 mu.
689 442 708 491 1.
744 441 811 492 sur.
833 441 874 490 ιιι.
1247 437 1287 502 73

242 598 301 664 llic
323 605 424 662 mutat
447 616 573 664 merces
596 607 749 686 surgente
772 618 791 664 a
815 596 883 664 sole
906 595 947 663 ad
970 617 1058 674 eum,
1082 618 1148 686 quo

240 719 430 806 vespertina
453 727 540 806 tepet
562 719 674 804 regi0;
699 720 777 808 quin
800 740 861 808 pcr
882 717 965 786 mala
987 739 1146 807 praeceps
1245 719 1286 784 30

241 843 369 916 Fertur,
393 840 439 905 uti
462 839 568 927 pulvis
590 840 744 908 collectus
767 841 912 918 turbine,
936 861 977 907 ne
1000 841 1078 928 quid

242 963 374 1029 Summa
394 960 552 1048 deperdat
574 971 721 1029 metuens
745 972 800 1029 aut
820 961 953 1050 ampliet
973 972 1008 1027 ut
1030 983 1108 1030 rem.

244 1086 366 1152 Omnes
388 1081 419 1148 hi
442 1092 589 1150 metuunt
609 1104 740 1160 versus,
764 1083 865 1150 odere
888 1090 1010 1171 politas.

243 1207 385 1272 Foenum
406 1203 505 1272 habet
526 1203 558 1270 in
581 1225 701 1286 oomu;
724 1204 819 1295 longe
840 1205 928 1293 luge:
953 1205 1130 1273 dummodo
1145 1207 1246 1274 risum

242 1327 387 1393 Excutiat
408 1326 484 1403 sibi,
508 1346 572 1392 uon
595 1326 647 1394 hic
669 1327 822 1415 cuiquam
845 1337 957 1415 parcet
979 1328 1084 1395 amico
1246 1329 1287 1394 35

242 1449 295 1525 Et,
319 1447 539 1536 quodcunque
561 1448 662 1529 semel
686 1447 804 1516 chartis
828 1448 977 1526 illeverit,
1005 1470 1118 1518 omnes

242 1569 365 1636 Gestiet
385 1590 406 1636 a
426 1569 519 1636 turno
542 1570 717 1638 redeuutes
739 1571 823 1640 scire
847 1571 987 1662 lacuque

266 1769 307 1820 32.
326 1769 434 1832 applicet
450 1782 477 1833 p.
487 1753 520 1807 ¹-
540 1769 581 1820 33.
596 1772 701 1832 peilam
710 1768 923 1822 Bentleiusconi.
939 1799 966 1809 -
980 1771 1020 1822 35¹.
1035 1772 1079 1821 libi
1090 1772 1252 1835 liutgersius.

198 1929 269 1992 virg.
289 1931 336 1978 Ge.
354 1928 383 1990 ι,
402 1928 464 1979 508ε
492 1928 538 1978 llio
557 1933 637 1991 stupet
658 1933 726 1978 otto-
763 1927 868 1980 illorum
886 1931 1009 1994 opinione
1027 1943 1134 1990 omnes,
1162 1931 1207 1992 qui
1225 1943 1288 1979 rer-

195 2005 265 2053 nitus
280 2003 384 2054 limeris.
419 2003 515 2066 Sati,
537 2003 567 2063 7,
585 2003 631 2053 95:
657 2005 725 2054 Pnu-
762 2015 809 2055 sus
826 2005 936 2066 iaciunt,
964 2006 1045 2055 ctiam
1065 2005 1159 2056 satiras
1177 2017 1288 2068 compo-

196 2079 269 2128 sioco
285 2083 382 2140 lorpes,
401 2079 502 2136 insonte,
521 2077 619 2128 tubello.
641 2103 668 2114 -
680 2078 725 2128 Al·
763 2092 827 2129 uere
845 2078 967 2142 adeoque
989 2077 1097 2130 laedere
1115 2077 1226 2130 aliorum
1248 2079 1288 2129 la-

195 2153 260 2216 bier]
278 2152 361 2203 homo
377 2153 495 2215 ignotus,
519 2153 593 2202 certe
611 2163 664 2202 nou
682 2152 726 2201 Ti·
762 2166 835 2204 mam
852 2157 972 2219 possunt.
988 2181 1016 2190 -
1029 2155 1147 2219 Focoum]
1161 2154 1288 2215 “Quando

196 2226 301 2286 bullus,
327 2229 358 2276 ut
382 2227 505 2291 opinatus
522 2228 564 2276 est
585 2227 724 2278 Baxterus.
762 2229 859 2280 larium
876 2227 973 2288 boves,
1001 2243 1095 2280 eorum
1118 2230 1144 2279 iu
1161 2229 1288 2280 cornibus

197 2301 250 2352 Cir.
274 2315 300 2350 v.
326 2301 382 2351 los.
407 2327 435 2336 —
457 2301 504 2350 Hic
528 2307 610 2352 molat
632 2315 726 2352 meroes
761 2304 857 2366 ligatur
883 2303 1018 2354 foenum.»
1058 2305 1137 2356 Aeno.
1165 2303 1231 2355 Plut.
1261 2305 1288 2354 iu

197 2375 260 2440 cet]
285 2376 413 2439 Loquitur
430 2375 463 2425 de
486 2379 651 2438 mercatore,
679 2379 725 2440 qui
762 2379 861 2430 Crasso
877 2393 901 2428 c.
920 2379 949 2427 l:
976 2378 1122 2442 Σικίννιος
1144 2377 1216 2450 πρὸς
1236 2374 1288 2428 τὸν

196 2450 263 2501 lucri
285 2449 398 2514 cupidus
415 2449 450 2499 ab
468 2450 573 2501 Oriente
591 2451 625 2501 ad
647 2451 724 2502 Occi·
762 2449 895 2514 εἰπόντα,
912 2448 994 2518 τιδὴ
1010 2451 1104 2518 μόνον
1116 2447 1151 2504 οὗ
1163 2449 1289 2524 σπαράτ-

197 2526 309 2576 dentem
334 2525 422 2575 onmia
448 2525 531 2575 maria
559 2527 723 2590 pemavigat.
761 2542 804 2577 rac
825 2523 876 2576 τὸν
902 2524 1053 2598 Κράσσον,
1081 2524 1188 2598 χόρτον
1210 2525 1288 2589 ’ἔχειν

198 2599 238 2652 Cf.
257 2599 324 2663 Epp.
344 2600 373 2659 ι,
393 2599 423 2659 ι,
442 2597 487 2648 ιῠι
514 2600 624 2663 lnapipor
639 2605 725 2650 scotre-
761 2602 854 2667 φησιν
879 2601 926 2653 ἐπι
951 2601 1003 2654 τοῦ
1029 2603 1159 2672 κέρατος.
1181 2629 1208 2639 -
1230 2605 1288 2653 Ec·

196 2687 251 2725 mos
274 2677 402 2724 mercator
426 2674 509 2722 curris
534 2675 568 2722 od
591 2675 673 2724 lodus.
695 2699 723 2710 -
761 2678 841 2727 ιιιιιαι
851 2677 905 2741 sibi]
918 2677 1023 2730 dativus
1032 2677 1181 2728 commodi:
1196 2678 1289 2728 «dum-

197 2763 247 2812 quc
274 2749 418 2810 Vesporlioa
444 2753 507 2810 tepet
531 2748 616 2813 rapio]
643 2749 724 2812 Epico
761 2751 843 2802 modo
869 2751 946 2802 dictis
971 2753 1027 2802 suia
1051 2751 1223 2803 mordacibus
1247 2750 1288 2802 le-

197 2835 323 2874 sermono
341 2821 515 2872 Occidentem
532 2819 722 2894 παραφράζει.
762 2829 851 2876 ctores
871 2827 1048 2877 vehementer
1068 2828 1156 2878 ridere
1180 2831 1287 2890 cogam»

198 2899 237 2948 De
265 2896 328 2948 solis
356 2898 501 2961 vespertini
530 2900 624 2961 tepore
652 2896 722 2948 conl.
761 2901 789 2950 id
817 2901 889 2964 quod
922 2901 1022 2950 homiui
1051 2900 1182 2952 malitioso
1210 2898 1288 2950 valde

198 2973 264 3038 Epp.
284 2975 312 3034 ι,
331 2972 377 3034 20,
397 2972 443 3021 ⁴9:
471 2972 532 3023 Cum
549 2973 592 3022 lidi
608 2973 646 3022 sol
661 2972 725 3035 lapi·
761 2973 909 3034 blauditur;
935 2975 984 3026 sed
1005 2978 1116 3041 propter
1131 2975 1183 3025 hoc
1200 2975 1288 3039 ipsum

197 3049 245 3096 dm
258 3047 345 3109 plores
366 3047 505 3097 admonuit
521 3059 604 3097 ouras.
626 3075 654 3084 -
672 3046 725 3096 coi-
762 3049 797 3100 ab
825 3048 951 3101 omuibus
978 3049 1119 3113 fugiendus
1147 3051 1196 3101 est.
1240 3048 1289 3100 Alii

198 3123 275 3172 lectus
290 3121 398 3185 ιννινινιν]
416 3121 646 3186 communicem
672 3123 725 3172 ccl·
762 3125 850 3174 minus
867 3125 941 3174 recte
959 3123 1102 3187 explicant:
1124 3123 1288 3174 «dummodo

199 3197 288 3256 loom,
314 3197 344 3246 ut
361 3195 408 3246 0d.
428 3195 457 3256 ι,
485 3197 513 3258 ι,
540 3195 571 3247 l:
596 3197 726 3260 pidverem
762 3201 850 3249 semet
867 3198 955 3261 ipsum
973 3197 1007 3247 ad
1025 3197 1167 3248 ridendum
1184 3201 1287 3260 cogat.»

197 3270 331 3334 callepius
353 3295 381 3306 —
401 3270 503 3332 ampliet
527 3275 556 3320 ut
579 3272 641 3336 rom]
667 3274 724 3322 Non
765 3299 792 3308 -
810 3271 923 3336 ὶιιουσιιι]
947 3273 1121 3336 contemptim
1146 3271 1180 3322 de
1204 3270 1288 3335 negli-

197 3347 240 3396 est
255 3349 283 3394 at
300 3343 393 3404 liuule,
412 3344 641 3409 quemadmodum
652 3349 725 3398 ratus
762 3347 850 3410 gentio
867 3347 894 3397 in
914 3346 1067 3398 scribendo.
1089 3373 1117 3383 -
1136 3360 1154 3396 o
1168 3347 1289 3410 [urnac--

197 3421 240 3470 est
262 3419 332 3468 voss
359 3417 434 3482 (cod
461 3421 535 3468 dass
562 3422 727 3471 cnwooltse
761 3421 875 3486 imaque]
895 3435 909 3470 a
926 3423 1037 3486 pistrino
1059 3423 1086 3472 ct
1107 3433 1193 3485 aquae
1210 3435 1290 3472 race-

197 3495 252 3544 dos
274 3493 428 3558 Giitlcinl;
454 3493 502 3544 sed
521 3495 599 3558 iunge
617 3509 681 3548 cum
697 3509 723 3545 v.
763 3497 887 3560 piaculis,
917 3510 987 3560 quae
1015 3497 1090 3548 DCC.
1112 3498 1139 3548 iu
1165 3496 1235 3550 Urbe
1252 3498 1290 3548 le·

196 3574 321 3618 mctueos:
369 3569 543 3632 forsitanti,
587 3572 659 3622 dass
694 3585 726 3620 er
762 3571 798 3621 cit
813 3573 847 3622 Μ.
862 3571 985 3636 Agrippa.
1016 3571 1080 3622 Plio.
1097 3573 1127 3622 ll.
1142 3573 1172 3622 N.
1185 3572 1286 3634 36,45.

196 3645 263 3694 scin
274 3644 332 3693 Gul
343 3643 424 3693 nicil
439 3645 603 3696 vermelre.
625 3673 653 3683 -
671 3659 726 3697 uerr-
763 3645 866 3696 Gaudet
882 3648 960 3710 igitur
977 3645 1071 3711 plausu
1091 3647 1230 3696 hominum
1247 3648 1289 3696 in-

196 3718 246 3780 sur]
265 3718 360 3768 «huius
378 3717 461 3768 nostri
478 3721 617 3781 generisa;
643 3733 725 3783 oqua-
763 3721 842 3770 limae
868 3722 956 3772 sortis.
991 3723 1071 3770 liecte
1093 3721 1210 3770 Diintzer
1233 3723 1289 3770 sia-

196 3792 267 3843 libus
278 3793 359 3843 sotira
378 3793 484 3842 utitur.»
500 3819 527 3830 -
541 3797 614 3844 odere
626 3796 724 3860 pocius]
763 3795 824 3855 luit,
843 3795 1059 3844 adversariorum
1072 3794 1169 3844 Horatii
1181 3794 1230 3843 irin
1242 3807 1290 3858 po-

197 3869 278 3918 liecte
295 3867 403 3917 Iahnius
425 3869 456 3917 N.
476 3871 542 3920 Anu.
558 3868 616 3919 Vol.
635 3871 676 3919 27.
695 3884 722 3934 p.
762 3868 894 3920 tissimum
917 3881 1015 3931 genera
1036 3869 1166 3918 hactenus
1183 3881 1290 3918 memo-

195 3941 254 3994 23⁰,
273 3935 433 3993 ἀσύνδετον
449 3943 484 3992 ita
503 3943 622 4008 supplet:
650 3957 725 3994 ume—
762 3944 825 4003 rari,
844 3957 914 4007 quae
929 3944 968 3994 sic
983 3941 1170 4005 distinguenda
1183 3944 1287 3994 essent:

197 4018 273 4066 luunt
284 4028 381 4067 versus
392 4017 473 4080 alque
485 4021 628 4082 propterea
640 4017 723 4067 odere
763 4016 785 4079 ll
804 4018 945 4080 antiquarii
963 4018 988 4066 ei
1005 4016 1133 4068 Lucilium
1150 4016 1227 4082 longe
1240 4031 1289 4068 an-

196 4093 319 4155 pcdtus.·
354 4091 458 4142 Festive
480 4105 579 4143 nomen
600 4091 723 4156 generale
763 4093 933 4155 lapouentcs3
961 4091 985 4154 ιι
1004 4092 1035 4154 ιι,
1058 4093 1118 4156 qul,
1142 4095 1172 4142 ut
1189 4093 1289 4157 Crispi-

195 4165 285 4230 posuit
310 4179 359 4230 pro
385 4165 432 4226 iis,
463 4167 509 4230 qui
534 4167 642 4232 proprie
667 4162 724 4216 τῶν
762 4179 824 4226 nus,
854 4167 912 4216 elus
941 4165 1093 4217 tarditatem
1121 4169 1147 4217 in
1176 4179 1289 4229 compo-

196 4237 354 4300 βαναύσων
371 4240 433 4290 odio
450 4242 561 4305 expositi
579 4243 654 4300 sunt.
678 4255 724 4293 sa-
762 4240 851 4290 nendo
875 4241 999 4305 poemata
1026 4244 1107 4306 atque
1131 4242 1209 4292 nimis
1232 4241 1289 4290 exl-

196 4313 308 4366 tirarum
334 4313 518 4380 scriptoribus.
560 4313 666 4368 scilicet
690 4329 723 4366 en
761 4328 843 4379 guum
872 4316 968 4367 horum
1000 4329 1143 4368 numerum
1172 4315 1289 4378 exagila-
