3174 4974
608 461 667 511 arn.
687 461 717 510 u.
747 459 845 510 nrrsr.
864 460 884 510 r.
1231 455 1292 520 603

249 615 380 682 Plautus
402 615 443 681 ad
466 615 632 703 exemplar
653 615 752 684 Siculi
775 635 952 703 properare
975 613 1170 702 Epicharmi,

206 897 323 950 Macrob.
336 898 362 960 6,
375 899 398 948 t.
415 913 443 963 p.
457 897 513 948 sar.
528 899 617 962 Grau.)
636 912 666 950 se
678 901 733 950 stu-
768 909 945 963 personarum
962 899 1075 964 patriam
1090 912 1150 951 esse
1167 897 1290 952 Siciliam.

206 973 281 1024 dioec
293 971 455 1024 aemulatum
468 985 529 1024 csse
541 973 731 1024 Menandrum:
770 975 921 1037 [Praeterea
937 973 1064 1037 Prologus
1085 973 1127 1024 illa
1145 987 1178 1025 ue
1196 975 1293 1027 Plauti-

205 1049 259 1111 Egc
275 1045 372 1110 (ciem,
396 1048 489 1110 sumpsi
505 1061 556 1097 non
573 1047 605 1096 ob
621 1047 673 1096 soto
689 1047 732 1096 itto
770 1061 820 1098 uus
837 1047 947 1111 quidem
965 1049 1015 1098 est.
1039 1049 1113 1099 coni.
1127 1050 1235 1099 omuino
1248 1052 1295 1099 La-

207 1120 368 1184 (Menandro)
393 1122 480 1183 ando,
507 1121 556 1172 Sed
576 1126 605 1171 ot
630 1121 733 1183 quispim
770 1122 854 1186 dentg
876 1123 903 1172 iu
926 1121 1017 1173 Philol.
1038 1123 1203 1176 schneider.
1223 1126 1243 1174 1.
1265 1137 1292 1188 p.

206 1195 304 1258 hahuit,
330 1196 471 1246 ccrweniret
487 1197 553 1258 meod
568 1195 643 1257 mur,
662 1197 733 1258 Quod
769 1197 818 1247 276
829 1197 899 1262 sqq.)
924 1198 955 1247 V.
964 1211 1106 1261 properare
1122 1199 1201 1262 igitur
1212 1198 1295 1248 abso-

206 1283 245 1319 me
264 1283 316 1318 non
335 1283 406 1332 posse
421 1270 509 1320 metire
523 1269 608 1333 secere
623 1270 730 1330 credidi,
770 1269 823 1320 lute
849 1271 967 1335 positum
992 1274 1046 1332 est;
1075 1285 1119 1322 vv.
1142 1274 1233 1323 autem
1261 1273 1296 1322 od

206 1345 292 1396 littam
308 1358 325 1393 a
342 1344 432 1393 totino
450 1344 482 1406 (a.
500 1347 529 1396 C.
543 1345 636 1394 Titinio
653 1347 681 1394 et
696 1342 730 1392 ah
769 1346 900 1407 namur
928 1357 962 1396 ex
986 1347 1077 1396 Latina
1103 1345 1295 1397 cousuetudine

207 1421 265 1484 ipso
282 1419 424 1481 Terentio).
444 1419 482 1468 Ci.
496 1419 575 1468 Munk
590 1420 624 1468 de
639 1417 733 1468 Atella·
770 1419 931 1482 significaut‚'
956 1421 1029 1483 quod
1050 1422 1138 1472 minus
1159 1423 1234 1471 recte
1250 1434 1296 1471 re-

207 1496 247 1545 nis
265 1507 290 1558 p.
305 1492 345 1543 it.
367 1521 394 1528 -
413 1493 562 1557 Menandro]
588 1493 741 1544 Menander.
770 1495 902 1544 cautiores
930 1493 1023 1545 dicunt
1048 1497 1195 1556 modam,
1221 1497 1297 1546 tonia

206 1571 285 1634 pocta
310 1568 422 1618 eximius
448 1568 603 1618 comoediae
630 1580 730 1628 novae,
770 1569 907 1630 πονηρίαν.
937 1569 1054 1630 Eodem,
1077 1584 1130 1634 quo
1148 1584 1214 1634 ego,
1231 1583 1296 1635 pro-

208 1647 283 1696 cuius
307 1645 464 1707 argumenta
490 1643 524 1692 ad
550 1655 594 1692 res
615 1645 731 1706 privatas
769 1643 870 1707 pendet
898 1643 1098 1708 Dilleuburg'er:
1135 1647 1297 1708 «Propercre

207 1719 391 1784 pertinebant,
405 1717 733 1777 natusesta.3t2.,mor
769 1721 843 1768 recte
870 1716 1056 1768 intellexerunt
1080 1721 1240 1784 interpretes
1261 1721 1295 1770 de

207 1799 268 1846 tuus
285 1807 310 1844 a.
323 1793 380 1843 aci.
394 1805 418 1841 a.
433 1793 495 1842 Chr.
771 1797 845 1842 motu
870 1797 897 1843 et
922 1791 1051 1856 agilitate,
1078 1808 1131 1858 qua
1157 1797 1184 1845 in
1200 1793 1296 1845 tabulis

239 1869 280 1919 58.
306 1868 419 1932 mutus]
437 1868 465 1916 Τ.
483 1867 599 1918 tlaccius
614 1865 730 1926 Plautus,
770 1869 908 1930 utriusque
925 1870 1021 1932 po'etaa
1038 1867 1073 1918 ad
1085 1872 1211 1920 eventum
1226 1869 1298 1920 lesti-

207 1943 336 2002 sarsinas,
350 1943 471 1991 mortuus
482 1955 506 1990 a.
520 1955 546 1990 u.
560 1954 584 1990 c.
598 1942 655 1990 570.
669 1941 733 1990 Ver-
771 1941 885 1992 uebatur
896 1943 1031 2006 animique
1043 1943 1208 1994 audientium
1219 1944 1296 1995 indc-

207 2015 306 2068 sicuius
322 2017 379 2080 ipse
397 2027 446 2078 per
463 2027 493 2065 se
511 2013 733 2065 diidcdlimusest
770 2016 840 2066 iessa
862 2017 889 2064 vi
913 2016 1145 2068 intendebantur:
1173 2017 1221 2068 Atii
1241 2019 1294 2069 sic:

208 2091 351 2156 explicatu,
379 2090 442 2154 quia
466 2103 515 2140 uos
532 2089 653 2141 Plautum
670 2101 732 2140 cum
771 2091 793 2152 l)
806 2088 927 2163 «Plautus
937 2091 1042 2154 egregie
1054 2092 1171 2143 imitatus
1183 2095 1225 2143 est
1239 2094 1298 2158 Epi-

207 2167 366 2232 Epicharmo
383 2164 546 2216 contendere
564 2164 634 2216 nullo
653 2164 733 2215 modo
771 2164 937 2214 chamum.»
955 2165 980 2228 2)
993 2166 1094 2216 ueitato
1106 2179 1186 2216 cursu
1202 2166 1295 2228 lemur,

208 2253 361 2306 possumm.
390 2241 452 2290 liihi
470 2241 496 2290 in
514 2253 543 2290 re
560 2241 615 2289 tam
633 2240 734 2290 incerta
771 2239 874 2298 nititur,
901 2242 932 2289 ut
955 2239 1093 2303 exemplar
1117 2253 1196 2291 suum
1221 2253 1297 2292 asse-

208 2317 316 2380 praeter
332 2316 437 2365 ceteras
460 2314 547 2378 placet
563 2314 690 2364 schmidii
708 2314 735 2363 et
771 2317 893 2376 quatum
920 2313 1087 2375 3l1Numeri
1104 2313 1215 2365 Plautini
1232 2329 1298 2366 eau-

208 2391 281 2455 prior
305 2389 385 2452 Lingii
410 2389 604 2452 interpretatio:
633 2388 734 2439 «Plauti
771 2387 835 2438 dem
851 2385 961 2438 laudem
981 2390 1120 2438 merentur
1136 2391 1217 2453 atque
1234 2391 1298 2454 Epi-

209 2465 364 2516 comoediae
388 2464 502 2513 maxime
526 2467 588 2514 suut
605 2465 734 2514 motorise
772 2461 944 2512 chormiani.»
957 2461 980 2523 l)
991 2463 1116 2513 «Numeri
1125 2462 1235 2514 Plautini
1244 2477 1297 2514 uon

208 2543 249 2601 et,
267 2542 298 2589 ut
314 2539 340 2589 in
358 2537 409 2588 alio
424 2550 523 2600 genere
536 2539 677 2600 Homerus,
695 2539 734 2590 sic
771 2537 860 2586 minus
882 2537 971 2600 asperi
991 2539 1053 2587 sunt
1074 2549 1155 2601 quam
1173 2539 1299 2602 Epichar

208 2614 250 2666 ille
266 2627 363 2676 seraper
379 2615 414 2662 ud
435 2619 549 2663 madan
567 2614 669 2676 fatiunt
694 2616 732 2675 (Α.
773 2610 879 2660 miani.»
897 2611 920 2673 u]
936 2611 1147 2675 «lequemtiosa
1160 2613 1297 2676 utriusque

208 2689 332 2750 P.·lt8.);
347 2693 471 2751 properat
488 2689 580 2751 igitur,
598 2689 628 2738 ut
641 2687 733 2752 rapido
773 2684 820 2734 tuit
837 2684 969 2734 festinatio
987 2687 1015 2734 et
1030 2684 1167 2746 celeritas,
1193 2687 1298 2736 inimica

208 2775 352 2828 progressu
369 2763 402 2812 ad
421 2761 525 2812 tabulae
540 2763 670 2824 cuiusque
682 2775 735 2810 κω·
772 2757 873 2808 consilil
891 2761 918 2808 et
935 2757 1111 2820 diligentiae.»
1139 2759 1192 2808 Sed
1203 2761 1231 2810 hi
1245 2759 1298 2811 duo

208 2835 378 2909 ταστροφὴν
400 2838 552 2902 perveniat,
577 2849 666 2900 nequa
683 2849 735 2886 un·
773 2833 916 2898 postremi,
943 2831 1016 2896 quod
1033 2833 1152 2893 mireris,
1171 2845 1224 2882 uon
1241 2835 1299 2884 ani-

209 2927 290 2978 qoam
307 2915 333 2963 in
351 2913 433 2964 rebus
446 2913 554 2962 minutis
566 2911 734 2961 immorando
773 2906 976 2957 madverterunt
995 2905 1077 2955 Plauti
1094 2905 1137 2956 vel
1160 2907 1299 2958 minimam

208 2988 327 3038 retardat
351 2991 564 3052 spectatorem.»
615 2986 735 3036 Eundem
773 2981 1010 3044 reprehensionem
1022 2980 1120 3030 Horatii
1132 2979 1242 3031 consilio
1255 2981 1299 3032 hic

209 3065 313 3123 ausam,
332 3065 361 3112 ut
377 3064 496 3123 videtur,
520 3057 692 3132 χαρακτῆρα
708 3061 736 3110 in
773 3067 884 3119 prorsus
901 3057 1109 3118 repugnatorem
1125 3054 1221 3116 luiss03
1245 3069 1299 3107 uon

210 3137 368 3202 Epicharmo
380 3137 500 3201 reperire
513 3136 565 3187 sihi
576 3135 736 3186 videbantur
774 3130 846 3179 enim
863 3140 956 3188 suum,
983 3129 1031 3178 ted
1054 3127 1137 3178 Plauti
1154 3129 1299 3180 tidmiffllo·

210 3213 298 3263 Critici
325 3211 359 3263 iili
384 3213 479 3276 ignoti,
507 3223 623 3276 quorum
640 3211 735 3261 iudicia
774 3217 835 3254 rum
860 3203 988 3254 iudicium
1011 3202 1120 3267 proiert.
1145 3229 1172 3240 —
1199 3205 1300 3254 Sicuti-

210 3289 332 3338 iioratius
344 3287 440 3337 refert:
453 3287 578 3350 quocirca
590 3285 653 3336 haic
662 3284 737 3335 Plau·
773 3277 928 3341 ΕΡῑθΜΜῑἹ
941 3277 1044 3328 Siculus
1055 3278 1164 3339 dicitur,
1184 3281 1245 3342 (1⁰¹³
1258 3280 1300 3332 Vl!

211 3365 267 3412 tum
285 3361 510 3426 aequiparabaut,
530 3373 582 3410 non
594 3359 666 3422 quod
680 3359 738 3408 imi·
775 3352 915 3404 trimestris
928 3353 1038 3416 epatris
1053 3353 1081 3402 iu
1092 3351 1207 3402 Siciliam
1217 3353 1298 3402 venit.

210 3439 280 3487 tetus
298 3437 372 3486 esset
383 3433 500 3486 Siculum
512 3437 635 3499 poetam;
653 3435 736 3498 ipsius
775 3428 821 3478 Est
843 3427 915 3476 enlm
932 3427 958 3476 ln
975 3426 1060 3478 insola
1078 3427 1116 3477 C0
1133 3428 1227 3488 uatus,
1253 3439 1301 3476 ⁸⁶·

210 3511 282 3562 enim
311 3509 472 3574 exemplaria
505 3509 611 3560 luerunt
639 3511 735 3573 poetae
775 3501 860 3566 qualis
877 3501 1082 3565 Pindtimldue
1095 3501 1236 3565 Aeschylo·
1258 3501 1301 3550 Vl·

210 3586 286 3645 Attici
310 3598 394 3636 novae
419 3586 590 3645 comoediae,
614 3588 642 3635 et
658 3585 736 3634 nimis
775 3582 830 3628 mm
841 3577 965 3642 produxit
976 3591 1063 3640 usque
1075 3578 1110 3627 ad
1121 3578 1300 3642 tempustiie-

210 3663 311 3711 incerta
322 3659 426 3723 Bergldi
441 3660 593 3710 coniectura
607 3662 656 3720 ast,
674 3671 738 3707 ver·
776 3655 848 3703 ronis
865 3653 971 3715 tyranni
988 3665 1013 3702 a.
1032 3655 1094 3702 aute
1107 3652 1169 3702 Chr.
1183 3652 1240 3703 tii.
1260 3651 1300 3703 Ci.

210 3733 245 3784 ha
262 3735 388 3786 Varronis
411 3749 444 3784 ex
467 3732 534 3784 libro
552 3735 571 3784 i.
594 3733 628 3783 de
651 3733 737 3797 poetis
776 3727 869 3780 titillor
889 3729 983 3778 Dorta
1004 3727 1060 3790 (ed.
1077 3725 1132 3790 alt.)
1152 3729 1183 3777 11.
1206 3740 1233 3791 p.
1252 3726 1300 3777 sia

210 3809 282 3873 apud
293 3811 376 3860 Prisc.
390 3809 419 3858 T.
433 3810 452 3858 1.
466 3822 493 3873 p.
506 3808 565 3859 aaa.
579 3809 634 3868 iia,
653 3807 740 3857 danda
776 3817 818 3869 sq.
838 3803 1004 3868 (Posterior-is
1027 3804 1107 3854 etiam
1125 3805 1219 3854 aetatis
1236 3803 1302 3853 iudi-

209 3897 234 3934 ω
250 3885 286 3933 cd
301 3873 427 3934 Siculos
443 3883 593 3946 applicavit,
613 3882 647 3931 ad
661 3879 739 3930 Plau·
777 3881 849 3930 ctum
878 3879 974 3929 afferre
1005 3879 1085 3928 iuvat.
1124 3878 1302 3940 Hieronymus

210 3960 267 4008 tum
294 3961 322 4008 et
344 3958 534 4022 Epicharmum
552 3956 661 4015 reterri;
690 3967 740 4005 neo
778 3955 826 4018 Ep.
839 3955 879 4003 su.
897 3966 923 4017 p.
937 3953 995 4002 309.
1014 3951 1095 4002 Vati:
1116 3953 1240 4002 ramme
1251 3955 1302 4004 Ms-

211 4035 295 4098 magia
312 4034 478 4086 Menaechm.
498 4031 566 4083 Prot.
584 4033 611 4081 7:
634 4033 678 4080 tiae
698 4043 741 4080 cr-
778 4029 917 4089 masma,
941 4029 1044 4078 Haedua
1068 4033 1092 4076 et
1116 4027 1237 4078 coeciliae
1258 4041 1302 4079 ue-

209 4115 356 4172 gumootcm
365 4110 504 4173 promissat
510 4122 520 4168 ,·
537 4112 621 4156 tarum
632 4107 689 4156 Non
701 4111 741 4155 ct·
778 4109 841 4152 terea
867 4102 907 4164 (i)
928 4103 1034 4152 nomime
1057 4103 1214 4164 interpretati
1234 4107 1299 4154 sum.

210 4185 322 4247 causat,
348 4197 437 4235 certon
458 4185 593 4234 acetum:
620 4183 654 4232 de
680 4182 742 4246 Epi·
780 4178 847 4227 Num
863 4177 923 4238 qotu
939 4177 1302 4230 coroniacensem

211 4261 314 4310 charmi
327 4261 473 4310 imitatione
487 4259 654 4322 interpretari
668 4255 743 4318 licet,
780 4254 892 4303 marein
902 4253 1015 4316 mephat
1024 4252 1173 4316 elegantiam
1183 4255 1209 4304 in
1221 4260 1302 4305 trane
1348 4305 1354 4310 ,

211 4347 273 4387 cum
299 4334 455 4399 simpliciter
480 4333 610 4398 significet
631 4331 741 4384 tabulae
780 4327 1067 4391 mememoratur)
