3082 4968
560 427 619 479 am,
640 430 657 478 i.
693 429 760 478 snr.
780 427 821 477 ιν.
1194 425 1229 490 gt

193 587 271 654 Cum
293 583 389 651 venia
411 582 517 650 dabis:
542 584 680 651 insuevit
701 593 794 672 pater
814 583 954 672 optimus
976 582 1038 650 hoc
1061 605 1127 662 me,
1173 585 1235 651 tot>

193 709 231 776 Ut
251 707 411 794 fugerem,
434 705 590 794 exemplis
611 707 761 773 vitiorum
783 725 935 794 quaeque
958 705 1107 773 notando.

193 830 273 897 Cum
295 849 347 895 me
370 827 567 905 hortaretur,
591 847 706 915 paroe,
730 827 894 915 frugaliter
915 837 1012 915 atque

193 951 342 1018 Viverem
363 951 409 1016 uti
432 957 601 1017 contentus
623 969 663 1016 eo
686 948 775 1036 quod
797 949 839 1015 mi
863 951 933 1037 ipse
954 959 1116 1037 parasset:

193 1075 305 1142 Nonne
326 1071 436 1148 video,
459 1070 531 1138 nihi
554 1081 589 1138 ut
610 1070 694 1137 male
717 1071 802 1138 vivat
822 1069 907 1137 filius
930 1081 1029 1160 utque

193 1195 313 1260 Barrus
327 1192 443 1281 inops?
465 1193 615 1280 Magnum
630 1192 867 1270 documentum,
884 1213 926 1260 ne
938 1193 1073 1282 patriam
1089 1215 1158 1262 rem
1177 1193 1239 1260 tto

194 1314 337 1383 Perdere
358 1314 433 1402 quis
453 1314 538 1381 velit.
583 1316 608 1381 Α
630 1315 715 1403 turpi
737 1315 916 1382 meretricis
938 1337 1048 1382 amore

195 1437 274 1505 Cum
298 1437 494 1505 deterreret:
518 1436 646 1504 Scetani
668 1435 832 1504 dissimilis
855 1439 909 1505 sis.

219 1619 275 1669 4445.
294 1617 470 1668 insevit--mt
487 1619 514 1668 L.
534 1617 632 1682 (insevit
648 1630 688 1682 pr.
701 1633 735 1678 κ,
753 1629 810 1668 var.
824 1615 885 1668 leet.
899 1620 941 1682 φ.)
957 1645 983 1655 -
1003 1619 1059 1671 408.
1074 1633 1207 1682 parassem

188 1710 216 1759 y.
231 1722 258 1729 -
274 1693 332 1742 toa.
351 1691 455 1754 atomis
469 1693 530 1757 (aon
547 1693 635 1757 Sodp).
657 1717 684 1727 -
705 1693 761 1742 440.
780 1693 878 1742 Barrus
894 1693 1008 1754 sectr:
1027 1694 1111 1744 Berua
1126 1693 1207 1758 bedu,

186 1770 251 1818 item
268 1767 354 1818 Benti.
372 1770 401 1818 et
416 1769 450 1818 aa.
486 1769 539 1832 (uin
557 1769 665 1819 nomine
681 1767 765 1818 auso
781 1768 848 1816 mira
869 1767 1088 1818 membranarum
1108 1768 1210 1822 discor·

185 1843 230 1894 dia
248 1843 303 1902 est,
322 1843 436 1904 Barrus,
454 1844 549 1904 sona,
565 1845 661 1904 Renes,
679 1843 788 1904 Bartes,
809 1842 901 1905 Varus,
920 1843 999 1892 Boius
1015 1843 1208 1906 exhibentium,

184 1920 221 1968 ita
239 1919 331 1968 tamen
347 1919 376 1968 ut
396 1918 423 1968 in
444 1916 566 1982 pluribus
587 1919 666 1968 Boius
687 1921 868 1981 compareat.»
892 1917 995 1980 Bsnrs.)
1023 1945 1051 1954 -
1074 1923 1103 1968 ut
1118 1920 1211 1982 quii--

184 1995 276 2044 Farris
292 1991 335 2043 vei
352 1995 428 2044 Panis
442 1994 514 2056 inope
530 1991 648 2044 malebat
663 1990 807 2044 Bentleius.
830 1990 869 2055 (ut
884 1992 928 2054 qui
949 2003 1014 2041 saue
1033 1991 1098 2042 Cod.
1118 1991 1212 2044 Galea-

184 2069 255 2132 nus.)
285 2093 313 2103 -
342 2069 399 2117 444.
425 2067 454 2132 Δ]
471 2068 552 2118 AtSo
570 2069 631 2131 (non
649 2067 722 2132 bdpi.
752 2091 779 2102 -
807 2065 863 2115 tta.
891 2065 978 2115 Seiani
995 2064 1049 2128 (sie)
1067 2067 1093 2128 S,
1112 2067 1212 2117 Sectooi

186 2143 250 2193 Ctd.
270 2142 395 2204 Cruquii,
415 2145 470 2192 tres
487 2142 617 2203 Pettien'i,
637 2142 712 2202 LCtJ,
730 2141 844 2194 Scantini
861 2140 983 2214 Gottiing.
994 2140 1085 2193 Phiioi.
1104 2143 1212 2194 Schnei-

188 2217 255 2268 der.
274 2218 295 2267 1.
314 2228 340 2280 p.
361 2216 417 2266 ⁴67.

153 2362 243 2421 ceptris
270 2355 386 2407 Altam
413 2369 515 2419 mmm,
543 2358 610 2418 qood
638 2358 682 2408 tibi
717 2356 1163 2421 sordee--Obiieieioerequisquom
1173 2361 1244 2422 miti,
1269 2373 1273 2379 ·

152 2432 586 2494 autonomon-utstatim]
610 2433 682 2482 Con·
717 2433 1134 2484 --sietvioooaruaomioim
1161 2436 1244 2486 Coissa

152 2507 299 2558 stnaotioae
318 2499 456 2556 eontracta
471 2519 504 2556 ex
516 2507 539 2570 4)
553 2509 599 2557 «ut
610 2505 681 2557 eliud
716 2507 766 2570 [444
782 2511 859 2568 pater
878 2507 932 2556 iiia.
957 2533 985 2543 -
1005 2510 1125 2572 menapiis
1140 2511 1180 2546 ·'-
1195 2524 1243 2560 oo-

153 2581 219 2646 quid
235 2595 300 2632 vere
323 2581 479 2645 promittere
497 2580 531 2632 de
548 2595 593 2633 me
616 2594 682 2646 pos·
718 2581 803 2643 teudo]
827 2581 954 2644 quoniam
977 2583 1078 2632 ratione
1096 2596 1151 2633 uon
1167 2587 1245 2648 pote-

153 2669 243 2708 sumn·
265 2657 290 2720 2)
310 2656 347 2706 «si
359 2655 423 2720 quid
435 2654 682 2722 aliud—-promit-
717 2657 767 2705 ret.
800 2654 968 2704 viantis
989 2668 1050 2720 sqq.
1080 2681 1107 2693 -
1134 2659 1170 2708 mi
1193 2661 1246 2722 ipse

154 2735 211 2782 tere
228 2743 368 2794 possum.»
715 2730 840 2792 parasset]
866 2731 933 2779 Nam
956 2743 1018 2780 cum
1042 2733 1246 2785 manumittere·

186 2805 310 2855 toti-4⁰8.
338 2804 445 2854 innuerit
462 2803 528 2868 cet]
546 2805 680 2870 Exemplis
718 2808 775 2866 tur,
793 2816 847 2854 non
863 2805 969 2868 poterat
986 2804 1087 2856 hahere
1101 2808 1150 2857 nisi
1161 2821 1246 2872 pecu-

153 2877 315 2930 Bentieianis
332 2877 401 2928 adde
418 2879 480 2929 Tae.
498 2880 566 2928 nnn.
585 2881 615 2940 4,
633 2881 680 2929 aa:
717 2878 795 2938 iium;
819 2877 933 2942 agelium
951 2881 978 2929 et
999 2880 1109 2932 domum
1127 2885 1154 2932 et
1176 2895 1245 2946 quae

152 2959 181 3003 et
196 2954 271 3004 tectos
290 2952 360 3002 uiros
374 2978 416 2989 -·
437 2953 610 3016 disciptinae
631 2955 681 3003 im-
718 2955 744 3006 in
756 2953 839 3004 fllium
850 2955 949 3004 iiomae
962 2953 1132 3007 educandum
1144 2958 1248 3009 insum-

149 3028 230 3092 pen'is
244 3031 372 3076 sueeoeret.
403 3027 530 3078 Ceterum
542 3039 607 3078 eave
620 3041 682 3078 oon·
717 3030 784 3094 psit,
815 3028 904 3078 omnia
935 3029 992 3092 ipse
1023 3031 1183 3093 acquisierat
1213 3046 1246 3082 ex

152 3105 242 3154 struas
268 3113 332 3152 enm
354 3099 490 3152 Bentieio:
517 3103 622 3152 insuevit
642 3117 682 3153 me
718 3103 849 3152 ooaetoris
866 3113 987 3151 munere.
1019 3102 1141 3154 Absurde
1154 3105 1246 3156 estie-

149 3183 240 3241 pater,
266 3183 295 3226 ut
319 3177 364 3225 hoo
387 3177 514 3241 ἴαμα-ουκ
544 3178 593 3229 sed
619 3190 681 3228 eum
718 3177 771 3228 otio
788 3176 854 3226 Coti.
873 3175 945 3225 Leid.
961 3189 1104 3238 parassent.

153 3251 279 3303 lierbstio
298 3250 547 3312 (mauriennae.
567 3253 586 3302 4.
606 3252 681 3316 ui.)
751 3249 880 3302 toa-tae.
910 3249 973 3314 4444]
999 3251 1030 3301 V,
1049 3264 1129 3316 supra
1155 3266 1181 3303 v.
1200 3254 1242 3305 48.

153 3325 237 3376 uerba
255 3326 295 3376 sio
312 3324 460 3375 ordinanda
471 3328 547 3376 sunt:
567 3325 682 3387 «stoacio
719 3326 798 3375 «ttira
810 3323 974 3386 urbanitate,
992 3325 1057 3376 dum
1069 3327 1144 3389 quusi
1157 3330 1247 3379 osten·

153 3425 169 3438 -
184 3427 200 3438 -
216 3401 321 3460 dinero,
346 3399 392 3449 too
411 3404 487 3462 poter
505 3413 545 3450 ow
561 3401 681 3461 mutarit,
718 3399 770 3460 dit,
789 3400 926 3463 quomodo
943 3411 973 3450 se
990 3403 1067 3464 pater
1083 3403 1139 3452 suis
1157 3404 1244 3455 moni-

153 3476 265 3526 notoudo
285 3473 539 3537 amentiamque
553 3475 681 3538 vitianum,
719 3474 752 3524 iis
778 3485 888 3523 monere
912 3472 1005 3525 solitus
1029 3478 1115 3536 esset,
1143 3477 1245 3526 interea

152 3555 182 3600 ut
195 3550 340 3613 Μπαηςι
359 3551 388 3598 ut
405 3550 536 3600 sententia
553 3549 679 3601 haeosit:
719 3544 817 3596 multos
835 3548 975 3610 percutit.»
1004 3551 1065 3598 Aca.
1091 3577 1117 3585 -
1136 3550 1244 3613 Burrio]

155 3625 196 3674 ·si
210 3622 278 3687 quid
294 3621 361 3673 sorte
373 3624 400 3672 in
411 3624 499 3675 satiris
516 3622 626 3674 liberius
637 3625 683 3674 aut
719 3622 801 3671 homo
824 3622 936 3684 ignotas.
967 3621 1020 3672 Cir.
1040 3624 1092 3672 Sat.
1112 3624 1140 3682 4,
1166 3625 1193 3683 7,
1218 3624 1243 3674 8.

153 3699 271 3749 iocosius
288 3696 324 3748 de
341 3697 392 3747 hoe
409 3699 489 3761 atque
512 3696 556 3749 iiio
574 3699 683 3748 homine
722 3723 749 3732 -
767 3697 847 3761 inops]
871 3698 912 3746 eit.
931 3696 1070 3748 Manifesto
1093 3695 1162 3746 duae
1183 3699 1246 3748 sunt

154 3772 281 3824 nutritio
297 3770 404 3832 dixero,
423 3772 450 3822 id
468 3772 532 3822 mihi
549 3773 681 3835 ignosces,
719 3784 866 3836 persouee,
885 3785 939 3822 non
956 3773 984 3820 ui
997 3773 1108 3822 ioannes
1119 3785 1172 3822 von
1185 3775 1246 3824 (tott

152 3850 300 3912 propterea
317 3846 389 3910 quod
411 3847 437 3897 in
458 3859 519 3897 eam
537 3849 683 3898 eonsuetu—
719 3845 840 3897 Frehlioh
853 3848 943 3909 Progr.
956 3857 982 3910 p.
994 3845 1034 3894 49.
1048 3843 1140 3908 legens
1156 3853 1243 3912 utque,

152 3921 246 3973 dinem
262 3921 396 3971 adductus
414 3935 474 3972 sum
491 3922 584 3986 optimi
601 3923 683 3986 patris
719 3919 792 3984 quod
813 3918 921 3970 exhibet
946 3919 1011 3970 cod.
1030 3917 1062 3981 b,
1090 3921 1157 3972 mira
1178 3935 1246 3972 eon-

152 3997 334 4057 iustitutioue,
362 3997 462 4060 quippo
484 3997 530 4060 qui
553 3995 682 4061 exemplis
718 3996 863 4046 structione
881 4007 961 4044 unam
979 3993 1053 4044 iecit:
1073 4000 1116 4044 «ut
1132 3997 1244 4059 Bomio,

152 4072 280 4122 vitiorum
306 4083 430 4135 quaeque
453 4073 547 4121 notare
568 4069 681 4132 soleret,
718 4068 773 4120 Aioi
787 4069 866 4133 fliius,
892 4069 958 4118 mou
978 4074 1054 4130 atqua
1076 4069 1147 4132 inops
1165 4072 1243 4121 vivat.

152 4150 183 4196 ut
199 4157 354 4196 aurarem.»
388 4147 538 4196 Pronomen
555 4146 684 4197 toerete-
722 4173 748 4182 -
768 4145 876 4206 Scotum]
895 4145 966 4194 Leot.
980 4145 1081 4194 Seotuni
1098 4146 1162 4196 cto.
1177 4147 1245 4196 Cru-

152 4221 271 4272 reudum
285 4219 321 4271 ad
337 4221 508 4284 antegressa,
531 4223 560 4270 ut
580 4221 633 4270 Sat.
653 4221 681 4282 t,
720 4220 774 4284 quii
799 4219 955 4284 praeierunt
979 4219 1048 4270 Voss
1073 4221 1100 4269 et
1124 4219 1243 4270 Schmid.

152 4295 185 4356 6,
209 4295 257 4345 68:
288 4295 317 4346 si
340 4307 420 4357 nequa
444 4295 583 4346 asmitiom
604 4307 684 4358 usqae
720 4295 776 4344 iioe
800 4296 889 4344 tamen
913 4306 1011 4345 nomen
1033 4295 1061 4344 in
1078 4295 1176 4345 mirum
1193 4293 1245 4343 hoo

243 4387 336 4434 uenia
354 4399 411 4434 vor..
428 4387 455 4434 11.
487 4399 526 4433 ru.
543 4397 595 4434 aar.
612 4385 648 4433 ili.
1031 4388 1044 4433 e
