3192 4974
281 403 343 469 364
663 407 790 459 44444444
808 407 990 482 4444444444

325 561 468 629 Membra
490 563 578 650 gruis
601 563 705 650 sparsi
729 562 797 630 sale
820 562 934 639 multo,
960 583 1025 628 non
1046 564 1117 630 sine
1140 562 1241 642 larre3

324 683 501 772 Pinguibus
523 695 556 751 et
577 683 647 751 ficis
669 693 797 772 pastum
820 685 911 752 iecur
932 685 1058 752 anseris
1084 683 1179 752 albae

323 807 362 872 Et
385 806 532 894 leporum
556 805 702 882 4444444,
726 815 762 872 ut
783 805 883 872 inulto
904 807 1051 883 suaviae,
1076 826 1198 883 armos,

324 930 429 1008 Quam
451 928 575 996 sicum
597 926 715 994 lumbis
737 928 812 1016 quis
834 927 918 1008 edlt3
941 939 1009 994 tum
1031 939 1164 1016 pectore
1187 927 1303 995 adusto
1328 931 1371 993 90

346 1126 387 1177 88.
407 1125 457 1176 cibi
474 1125 651 1190 bScEp,LCtF
669 1128 697 1175 et
712 1123 855 1176 Bentleins.
885 1128 922 1187 (Ut
940 1139 1002 1186 nos,
1022 1126 1218 1177 vetustissimus
1234 1125 1338 1177 Blandi-

314 1201 387 1260 nius,
414 1198 481 1250 alter
498 1199 589 1252 Codex
607 1213 650 1264 ap.
670 1201 830 1264 cruquium,
849 1213 918 1251 unus
941 1213 972 1249 ex
991 1199 1187 1252 Pulmanniauis
1205 1201 1336 1264 optimus,

313 1275 362 1334 NJ,
386 1273 517 1338 probante
542 1273 679 1337 Bentleio.l
708 1299 735 1310 -
762 1275 803 1325 89.
830 1275 921 1336 teporis
939 1273 1004 1324 Cod.
1024 1276 1135 1339 Franeq.
1157 1302 1184 1312 -
1206 1275 1291 1326 4444444
1307 1275 1336 1334 Ε,

315 1348 380 1400 Cod.
394 1350 505 1412 Franeq.
519 1362 551 1400 ae
570 1349 686 1399 Pottierii
704 1348 766 1399 duo.
783 1377 810 1386 —
824 1349 865 1399 90.
879 1349 941 1414 tum]
958 1349 1018 1399 dum
1029 1351 1058 1400 Ε.
1074 1349 1125 1410 (vv.
1139 1351 1227 1400 tto-95.
1241 1349 1339 1401 absunt

281 1516 461 1579 distribuitur,
483 1515 511 1566 b.
530 1515 546 1566 4.
567 1517 647 1568 etiam
665 1514 722 1567 aliis
740 1515 806 1567 cibis
843 1517 875 1565 tri
888 1514 978 1567 odoris
987 1519 1014 1567 et
1022 1517 1125 1580 saporis
1138 1517 1225 1568 minus
1236 1517 1370 1569 iucundi.»

281 1591 446 1657 apponendis
458 1591 601 1642 destinata·
621 1591 807 1654 Speisensehits-
844 1589 928 1640 Coun.
943 1591 1075 1649 Cano.-
1048 1591 1156 1655 -editi
1181 1591 1371 1644 Coniunctivus

280 1668 371 1718 444.-
390 1665 521 1729 discerpta]
546 1665 681 1729 Singula
674 1679 727 1716 ram
748 1665 807 1714 4444-
842 1665 968 1727 antiquus
979 1665 1058 1726 edim
1077 1666 1142 1725 44444,
1160 1667 1224 1726 edit,
1243 1669 1273 1717 ut
1284 1667 1368 1731 Epod

281 1740 390 1793 melium
408 1740 546 1802 membra,
564 1753 648 1804 quae,
667 1742 697 1789 ut
713 1741 807 1804 opina·
843 1737 872 1798 3,
891 1737 1082 1828 44.-44144444
1099 1740 1197 1804 44444444]
1221 1737 1261 1790 Τὸ
1278 1755 1371 1812 προσ-

280 1815 361 1867 batur
377 1815 549 1876 Nasidienus,
574 1814 725 1865 aconvivis
748 1826 807 1866 ma·
843 1813 935 1862 καίειν
966 1805 1083 1876 τοῦψον
1112 1815 1139 1864 44
1171 1816 1201 1864 444
1231 1821 1373 1868 enumerat

280 1892 351 1942 xime
369 1890 572 1955 appeterentur,
591 1889 641 1940 sub
660 1889 807 1939 coenasti·
843 1886 999 1938 Plutarchus
1017 1889 1051 1938 de
1069 1889 1157 1938 cohib
1171 1891 1209 1938 tra
1229 1891 1269 1940 44.
1275 1903 1370 1953 ,quae

281 1979 344 2016 nem
361 1965 516 2016 atteruntur.
539 1991 566 2002 -
584 1965 663 2029 prusis]
681 1965 755 2014 Tune
767 1965 807 2013 44-
844 1961 1039 2012 dominorum
1033 1977 1058 2012 tn
1076 1976 1169 2013 servos
1184 1963 1251 2012 iram
1263 1927 1305 2013 let
1316 1977 1373 2015 ma-

281 2041 374 2092 eoniae
392 2039 626 2104 praeferebantur,
650 2043 718 2090 teste
739 2040 806 2090 Cor·
843 2036 914 2086 xime
932 2037 1081 2096 concitent;
1104 2036 1263 2088 Nasidienus
1281 2041 1371 2088 autern

281 2115 351 2166 nelle
368 2117 469 2179 Nepote
486 2115 558 2178 apud
576 2113 641 2164 Plin.
660 2115 690 2164 Η.
708 2116 739 2164 N.
758 2113 804 2174 to,
843 2110 870 2159 in
883 2109 924 2160 his
933 2110 1058 2160 omnibus
1068 2110 1245 2161 caecutiebat.
1264 2111 1370 2162 Terent.

281 2190 333 2248 304
352 2201 416 2252 ergo
433 2200 483 2251 par
500 2201 529 2237 se
547 2200 655 2251 quoque
671 2200 725 2238 non
741 2189 806 2238 satis
843 2183 955 2248 Adelph.
975 2183 1006 2246 3,
1031 2184 1062 2246 3,
1086 2187 1132 2234 7⁴:
1158 2187 1211 2236 Hoc
1231 2187 1371 2249 summu,

282 2275 430 2326 congruum
465 2267 522 2312 erat
558 2260 703 2323 ferculum,
739 2263 806 2314 mire
842 2259 1370 2324 hoecdrutum'st,hoeluutum'atpcrum‚

281 2338 441 2403 praesertim
458 2338 540 2387 nimio
557 2335 612 2388 salo
630 2339 657 2387 et
674 2337 806 2387 444444444-
845 2333 920 2384 cont.
940 2347 1021 2398 supra
1045 2348 1069 2384 v.
1089 2335 1138 2386 68:
1163 2336 1239 2398 ponis
1258 2337 1370 2386 4444444444.

281 2412 363 2462 mixto
385 2423 570 2474 conspersum.
606 2412 731 2462 Ceterum
755 2409 808 2462 Pli-

282 2487 341 2536 nius
358 2483 405 2535 l.l.
423 2485 573 2548 subiungit:
601 2499 658 2535 44444
677 2485 738 2535 buce
757 2485 809 2536 oles
878 2483 963 2534 tit-as.
992 2484 1117 2548 44444444]
1142 2486 1216 2536 Nune
1240 2489 1313 2535 certe
1336 2485 1371 2536 ab

282 2559 361 2623 (grus)
373 2561 439 2608 inter
453 2560 551 2621 primas
563 2559 650 2622 (nuno)
664 2565 806 2622 cepetctur,
845 2555 915 2608 italis
933 2570 986 2608 non
1004 2557 1195 2617 comeduntur,
1214 2559 1264 2609 sed
1281 2561 1371 2610 44444444

281 2635 352 2684 ittam
364 2635 500 2683 4444444444
511 2635 629 2698 uttiptsse
649 2636 687 2684 De
697 2633 807 2697 gruibus
845 2629 908 2682 olim
927 2632 1008 2682 etiam
1020 2633 1140 2682 Athenis.
1153 2637 1201 2696 Ap.
1215 2634 1371 2698 Aristopha-

282 2709 441 2773 apparandis
459 2709 528 2759 eonl.
542 2710 704 2796 Apiciumti,
717 2710 741 2759 4.
760 2709 808 2758 Γε-
845 2719 908 2758 nem
925 2710 973 2757 Αν.
993 2709 1066 2756 44484.
1083 2706 1259 2768 Philocrates,
1281 2711 1371 2760 avium

281 2781 460 2856 parchoatrae
472 2784 536 2854 περὶ
547 2797 582 2832 τα
573 2779 750 2834 ’θετταλικά
762 2797 808 2833 πε-
844 2781 993 2867 saginatur:
1013 2782 1081 2844 Τοῖς
1098 2795 1129 2831 rr
1145 2785 1372 2846 κοψίχοισινείς

281 2857 329 2910 dict
338 2857 553 2909 memoratPlato
562 2857 661 2909 Politie.
672 2873 698 2923 p.
709 2859 805 2910 46444.
844 2850 896 2917 τὰς
912 2848 994 2924 ῥῖνας
1011 2862 1092 2922 εγχεῑ
1106 2852 1161 2905 ul
1154 2855 1251 2928 πτερά.
1282 2860 1371 2908 Neru-

314 2934 361 2985 88-
362 2935 403 2984 90.
434 2934 594 2996 4449444444-
603 2934 669 2998 44444]
694 2935 750 2984 Noe
770 2935 807 2984 si-
844 2929 883 2980 las
910 2932 1040 2982 inassatas
1065 2931 1242 2994 dysenternis
1267 2933 1371 2984 mederi

282 3009 389 3072 gnificat
406 3007 562 3058 Nasidienus
580 3009 711 3067 convivis,
730 3021 808 3058 anse-
844 3007 998 3056 auctorest
1016 3005 1112 3057 Plinius
1125 3008 1155 3058 il.
1169 3009 1200 3058 N.
1214 3009 1258 3068 344,
1277 3009 1301 3058 ’4.
1320 3010 1372 3072 hp·

282 3097 340 3134 rem
353 3097 406 3133 nou
423 3081 576 3146 vulgaribus
593 3083 664 3144 fleis,
682 3083 732 3134 sed
749 3084 807 3134 saei
844 3081 919 3144 ponit
935 3081 1013 3144 igitur
1025 3081 1168 3144 ferculum,
1187 3082 1259 3147 quod
1272 3085 1370 3133 44444444

282 3158 401 3209 melioris
427 3161 454 3208 44
478 3157 679 3210 abundantioris
701 3161 808 3222 sagina·
844 3153 908 3206 alias
926 3155 1075 3206 medicinae
1090 3158 1178 3220 potius
1195 3155 1254 3208 loco
1266 3157 1372 3207 videtur

283 3235 338 3284 44444
355 3231 446 3283 luisse.
468 3259 495 3269 -
515 3231 595 3296 444444]
618 3233 692 3283 Hauc
713 3231 807 3283 lectio-
844 3243 906 3280 esse
924 3229 1045 3281 habitum
1069 3243 1150 3293 quam
1172 3230 1236 3282 lauti
1258 3232 1319 3282 cibi.
1341 3257 1369 3268 —

283 3319 345 3356 uem
362 3305 490 3369 praetuli,
514 3309 544 3356 444
565 3309 671 3371 praeter
688 3307 807 3357 colorem
842 3304 910 3368 poni]
935 3304 994 3354 Vid.
1015 3307 1068 3355 Sat.
1090 3307 1119 3366 2,
1148 3306 1177 3367 2,
1205 3307 1246 3356 43.
1267 3333 1295 3342 -
1318 3306 1373 3356 titre

283 3381 414 3431 indicetur
431 3393 526 3442 sexus,
545 3381 733 3443 tenerioraque
746 3393 806 3431 esse
843 3379 923 3443 444444]
941 3381 1015 3439 Quae
1033 3382 1123 3430 tamen
1136 3393 1198 3444 pars
1210 3381 1310 3444 optima
1321 3379 1372 3430 ba-

282 3455 399 3504 ieeinora
411 3457 439 3503 et
456 3454 615 3504 feminarum
630 3457 657 3504 44
673 3455 805 3505 albarum.
844 3451 973 3512 bebatnr;
987 3465 1081 3504 verum
1093 3454 1144 3504 bae
1154 3454 1370 3504 ineoeuaomnia

282 3527 392 3580 Facilius
409 3531 500 3579 autem
518 3541 532 3577 a
550 3527 663 3580 librariis
674 3543 759 3594 genus
771 3530 809 3581 ie-
845 3527 887 3578 444
904 3528 972 3578 mira
989 3527 1031 3580 vei
1053 3541 1181 3592 perversa
1199 3541 1260 3579 esse
1276 3527 1370 3592 liquet.

282 3603 346 3652 min.
366 3602 458 3664 (Varro
470 3603 498 3652 R.
513 3604 541 3653 N.
555 3602 586 3662 3,
606 3603 651 3664 iti,
670 3604 697 3654 3:
716 3605 809 3668 sinpo-
845 3603 988 3653 Favorinus
1005 3607 1078 3653 certe
1099 3602 1170 3667 apud
1192 3601 1256 3654 Gell.
1271 3603 1318 3662 444,
1336 3602 1369 3653 8:

282 3678 323 3728 444
340 3677 467 3740 44444444)
491 3691 541 3726 oon
560 3677 617 3738 ptus
633 3692 710 3740 quom
727 3685 766 3728 ter
781 3680 808 3728 44
844 3677 965 3741 Praefecti
982 3679 1093 3741 popinae
1109 3683 1184 3740 atqrts
1200 3678 1346 3728 4444444444-
1356 3703 1371 3716 -

282 3766 350 3802 anno
364 3751 489 3814 pariunt.)
508 3752 662 3802 mutabatur
679 3754 705 3804 in
722 3765 806 3804 masc.
844 3757 937 3814 4444444
948 3753 1028 3802 44444444
1039 3766 1112 3803 oven
1124 3757 1230 3815 prcetsr
1239 3751 1371 3817 4444444444

282 3829 477 3888 quameontra.
507 3827 607 3876 Eadem
623 3840 733 3892 prorsus
746 3827 809 3878 sub-
845 3831 924 3876 totam
946 3839 1052 3877 44444444
1076 3833 1205 3890 oportere,⁸
1230 3833 1371 3878 4444444444

282 3899 374 3952 tilitate
393 3902 498 3952 Persius
515 3903 543 3962 6,
562 3901 603 3952 44.
623 3905 757 3952 4444444444
768 3916 808 3952 sa·
845 3902 932 3950 4444444
948 3906 1023 3963 atoue
1034 3901 1143 3952 4444444444
1152 3901 1201 3952 not
1213 3905 1313 3952 4444444444
1322 3915 1371 3963 np-

282 3976 346 4025 tiocs
371 3975 449 4037 dixit,
480 3988 532 4026 nou
561 3979 701 4026 terdonen.
729 4001 756 4014 -
780 3982 809 4027 444
842 3981 972 4038 44444444,
1001 3979 1030 4025 ut
1054 3989 1072 4025 o
1095 3975 1226 4026 cluniculis
1252 3977 1371 4038 4444444444

282 4051 361 4100 mutto
375 4051 485 4113 44444444]
510 4053 609 4102 Rursus
629 4052 808 4102 convivatoris
841 4055 917 4113 porte
933 4052 1015 4101 44444444
1029 4053 1106 4115 stant,
1124 4053 1266 4100 4444444444
1278 4055 1371 4112 pam

285 4127 326 4174 est
342 4127 480 4176 monitum.
502 4153 528 4160 —
548 4125 733 4190 omncs1Coui.
753 4127 806 4175 Sat.
845 4127 931 4188 inopie
952 4127 1069 4184 sordem
1094 4127 1248 4188 4444444444
1271 4131 1370 4188 partam

285 4201 315 4258 4,
333 4199 363 4259 4,
382 4199 422 4250 44.
444 4227 470 4236 -
491 4201 574 4262 Quam
595 4203 615 4250 si
637 4215 694 4250 44444
720 4201 809 4250 tanen
845 4201 931 4250 coium
948 4206 1023 4263 444444
1040 4201 1148 4252 altilium
1165 4201 1207 4264 qut
1225 4200 1312 4260 4444444,
1331 4211 1371 4250 cot

284 4273 345 4337 cet]
360 4275 436 4336 «quia
448 4273 531 4326 lumbi
543 4275 644 4326 habant
656 4275 755 4339 aliquid
767 4277 808 4326 44-
842 4276 959 4338 putatum
976 4291 1025 4327 non
1044 4276 1142 4328 4444444.
1165 4303 1191 4312 -
1210 4277 1306 4328 Suana
1320 4277 1368 4340 ru]
