3130 4966
617 417 677 466 ΗΒ.
697 415 716 466 l.
752 417 819 468 SAT.
838 418 857 468 l.

136 551 140 558 ¹
237 573 448 640 Praeteritum
471 583 617 640 temnens
640 582 801 640 extremos
825 574 1067 643 intereuntem.

238 695 315 762 lnde
337 695 387 772 fit,
410 705 557 771 atrato,
582 695 638 782 qui
661 715 698 762 se
720 696 839 762 vixisse
861 695 993 764 beatum

234 817 328 884 Dicat
348 826 382 884 et
403 825 516 884 exacto
539 825 709 882 contentus
731 826 877 904 tempore
899 818 964 885 vita

236 937 337 1006 Cedet
358 937 403 1003 uti
426 938 561 1004 conviva
583 947 684 1016 satur,
709 939 855 1026 reperire
877 960 1046 1028 queamus.
1069 979 1112 990 -

236 1061 302 1126 lem
325 1059 402 1125 setis
425 1069 484 1125 est.
527 1061 574 1125 Ne
596 1080 649 1128 mc
672 1059 809 1148 Crispini
832 1061 950 1128 scrinia
969 1061 1047 1150 lippi
1133 1085 1134 1088 ¹
1219 1063 1281 1133 l20

236 1179 434 1268 Compilasse
456 1189 568 1268 putes,
591 1180 729 1248 verbum
753 1203 818 1250 non
840 1181 977 1270 emplius
1000 1183 1127 1262 addam.

224 1360 400 1484 guil-vim
416 1341 462 1421 bd,
481 1360 598 1411 Pottierii
614 1359 750 1425 plerique,
770 1363 808 1412 Lt.
830 1390 856 1399 —
877 1363 933 1414 ⁴2⁰.
952 1364 1048 1426 lippum
1065 1377 1079 1414 e
1096 1365 1247 1415 coniectore

245 1447 280 1485 en
300 1447 366 1484 erus.

192 1593 255 1644 dem
271 1591 451 1656 loquacissimi
462 1605 575 1655 nomen,
593 1595 639 1658 qui
650 1587 717 1665 ἀρε-
756 1607 817 1645 oum
843 1595 899 1661 ipse
926 1594 1024 1647 eodem
1048 1595 1111 1646 vitio
1134 1594 1278 1648 laboraret.

192 1665 313 1735 τάλογος
330 1668 417 1720 dietus
434 1671 489 1728 est,
511 1669 619 1734 scripsit
635 1671 717 1722 etiarn
755 1670 1029 1735 Nunquamequidem
1038 1670 1201 1721 crediderim
1210 1672 1279 1724 odeo

192 1757 286 1796 versus
310 1743 344 1795 de
370 1746 444 1796 seete
470 1745 588 1796 Stoice.»
623 1747 714 1796 Sauos.
754 1745 795 1794 sui
820 1743 933 1795 oblitum
958 1747 986 1795 et
1008 1744 1100 1796 decori
1121 1747 1280 1796 inscientem

191 1821 304 1882 ineptus
319 1821 398 1870 vocet
414 1819 509 1880 Sati,
528 1819 557 1880 3,
577 1819 633 1870 tes.
660 1820 714 1870 Cir.
754 1817 848 1878 luisse,
875 1820 905 1868 ut
929 1817 981 1868 boc
1006 1819 1114 1870 laceret.
1139 1846 1154 1856 -
1175 1846 1190 1856 -
1211 1818 1280 1878 Quid

191 1896 244 1944 Sat.
264 1895 291 1954 t,
310 1893 339 1954 ι,
359 1893 400 1946 tt.
430 1895 461 1955 i,
483 1894 513 1956 ι,
535 1893 577 1946 ιιι.
598 1921 626 1932 -
644 1895 714 1959 lippo]
754 1895 836 1956 ergo‘t
853 1892 918 1944 mihi
934 1890 1005 1944 nulla
1022 1893 1133 1956 quidem
1150 1891 1279 1944 dubitatio

192 1969 338 2032 cumipse
361 1981 469 2032 quoquc
493 1969 615 2020 Horatius
633 1971 717 2020 inter·
754 1969 807 2028 est,
835 1967 899 2030 quin
916 1967 1054 2031 scripserit
1075 1968 1179 2030 lippiae.
1215 1969 1279 2020 Tam

192 2044 255 2094 dum
278 2043 367 2108 lippus
385 2044 450 2106 (Sat.
463 2044 494 2104 t,
518 2045 546 2104 b,
571 2044 603 2095 30
620 2045 648 2094 et
663 2043 714 2107 tt.)
754 2041 826 2092 enim
846 2041 899 2092 boe
919 2040 1022 2094 urbane
1044 2044 1071 2093 et
1092 2043 1178 2094 lucete
1196 2041 1230 2094 de
1248 2055 1278 2093 se

191 2120 274 2178 esset,
295 2118 388 2169 festiva
405 2118 431 2167 b.
445 2115 461 2168 l.
480 2117 507 2168 in
523 2121 611 2168 semet
627 2120 715 2184 ipsum
754 2115 861 2178 dixerit,
888 2130 971 2180 quarn
992 2117 1026 2168 de
1044 2117 1165 2182 Crispino
1183 2115 1278 2168 stolide

191 2193 273 2244 uenia
291 2191 422 2244 nonnullis
439 2193 628 2244 ususvidetur.
660 2193 713 2244 Clr.
754 2193 782 2241 et
798 2192 968 2242 inhumane.»
998 2191 1049 2242 Sed
1068 2205 1138 2254 quae
1158 2205 1218 2242 sors
1238 2193 1279 2242 est

191 2268 298 2318 omnino
325 2266 419 2318 lacobs
447 2267 531 2318 Lectt.
559 2268 659 2319 Venus.
686 2281 713 2333 p.
754 2265 888 2318 interdum
910 2267 1126 2316 coniecturarum
1147 2265 1220 2316 haud
1237 2266 1279 2316 ni-

190 2341 322 2402 actast..
346 2342 392 2404 qui
414 2341 514 2392 Horatii
535 2346 655 2394 mentem
676 2345 714 2395 sio
753 2342 803 2392 mis
819 2339 947 2403 felicium,
966 2344 997 2390 ut
1007 2340 1074 2392 elius
1085 2341 1278 2405 superveniens

190 2415 315 2480 explicat:
335 2416 384 2466 «lis
399 2417 432 2465 ist
446 2417 512 2479 leit,
531 2418 589 2468 dosa
604 2418 644 2468 iot
654 2419 715 2483 ouf—
753 2415 863 2466 eosdem
880 2416 916 2464 ita
933 2415 1078 2480 approbet,
1099 2417 1129 2464 ut
1145 2413 1222 2478 longe
1235 2413 1277 2464 di-

189 2492 260 2552 tdrc,
278 2503 322 2540 ιιιιι
337 2490 600 2554 demtorssiclttiqen,
619 2493 716 2543 ondit·
751 2501 859 2540 versem
877 2489 1098 2552 significationem
1120 2490 1151 2540 iis
1169 2488 1276 2548 tribuat,

188 2579 236 2630 pes
250 2567 305 2616 und
321 2565 387 2616 Geist
409 2565 497 2616 titides
518 2566 631 2629 crispio,
659 2569 714 2618 den
752 2578 833 2628 quarn
855 2566 974 2628 ipsarum
997 2567 1121 2616 auctores
1144 2563 1275 2624 lecerunt,

189 2641 227 2690 iob
250 2653 278 2690 sc
301 2640 377 2690 sebon
399 2654 449 2690 ooo
472 2653 562 2705 amesa
584 2641 612 2691 io
637 2647 715 2693 etwm
752 2640 795 2690 bic
812 2653 919 2703 quoque
936 2651 987 2690 usu
1010 2640 1094 2700 venit,
1121 2641 1151 2689 ut
1175 2637 1223 2688 Od.
1245 2638 1275 2698 3,

188 2715 292 2778 abbis,
317 2715 384 2764 escit
406 2713 472 2764 oscis
491 2716 554 2764 nocti
573 2716 600 2766 io
623 2715 714 2768 bretter
751 2713 796 2776 ιι,
815 2714 856 2764 ιθ.
876 2711 1277 2776 inillispeettisiomoiramcor-

189 2789 409 2852 Gcsclwdtsiqirstt
429 2789 509 2852 piciclo
530 2802 564 2839 ss
584 2791 712 2842 werden.»
746 2789 870 2852 pertibm3
890 2790 990 2839 etenim
1004 2789 1132 2852 Reisigius
1150 2791 1184 2838 ita
1200 2790 1277 2839 Bent-

189 2864 287 2915 verum
305 2863 362 2914 fieri
379 2865 477 2927 potest,
496 2865 526 2913 ut
537 2863 570 2914 dc
585 2865 653 2914 breui
664 2878 712 2916 sua
750 2862 793 2914 leil
803 2867 984 2914 coniecturam
999 2864 1180 2914 concinnavit:
1201 2863 1277 2913 «scri-

189 2937 343 3003 lippitudine
360 2938 448 2989 lucus
460 2940 580 3002 cogitarit
592 2939 711 3003 quidem,
750 2940 795 2988 nio
816 2938 913 3000 lqrpsm
933 2938 1080 3000 moues
1102 2939 1144 2988 est
1164 2938 1276 2988 «scrinia

188 3013 237 3063 sed
251 3015 355 3064 tantum
367 3013 401 3064 de
413 3013 528 3064 bominis
542 3013 633 3066 insulsi
645 3014 712 3065 laoie
751 3010 820 3062 male
843 3010 1015 3076 compilare»
1033 3014 1063 3062 ut
1083 3011 1109 3062 iu
1126 3012 1180 3062 Set.
1198 3012 1226 3071 ι,
1245 3010 1274 3072 3,

189 3089 215 3138 in
231 3087 343 3139 modum
364 3089 463 3140 misere
486 3087 628 3139 ridiculum
645 3089 713 3140 assi-
750 3087 790 3136 25.
810 3087 905 3148 ttppsen
917 3086 1102 3148 pecioorcost
1115 3083 1200 3135 «mele
1211 3098 1277 3149 per-

189 3162 240 3212 duc
266 3161 309 3212 illo
335 3162 406 3214 malo
431 3162 584 3228 deturpata,
613 3163 712 3214 «oculis
752 3160 866 3210 videre».
887 3161 1001 3223 «Lippus
1014 3160 1276 3222 enimputaturma·

188 3232 318 3297 humidis,
340 3236 459 3301 rabidis,
481 3237 595 3290 fortasse
613 3253 646 3290 cx
663 3251 712 3290 sua
749 3234 790 3287 lus
807 3235 948 3286 teresse.»
976 3235 1112 3297 Frequens
1124 3235 1214 3282 autem
1225 3232 1276 3298 lip-

187 3311 252 3362 sede
278 3310 425 3377 propulsis,
453 3314 605 3365 continuato
632 3313 711 3374 ssetu,
749 3310 875 3375 pitudiuis
887 3309 986 3360 mentio
999 3309 1080 3360 etiam
1091 3307 1163 3373 apud
1174 3308 1276 3358 Aristo-

187 3386 356 3438 carbunculis
369 3391 396 3438 et
412 3387 547 3440 ulceribus
558 3391 604 3439 eut
615 3402 713 3453 super·
748 3387 879 3450 pbenem,
897 3385 928 3434 ut
943 3386 1008 3436 Itan.
1028 3384 1075 3434 ⁴92
1093 3385 1145 3435 cet.
1165 3381 1275 3434 Ridiculi

187 3461 371 3514 crescentibus
392 3466 439 3514 aut
461 3465 535 3516 sevis
557 3465 604 3514 eut
624 3463 712 3515 sordi-
749 3461 840 3513 nescio
858 3459 922 3524 quid
939 3460 966 3510 in
977 3460 1030 3510 boo
1041 3459 1138 3510 morbo
1149 3457 1276 3508 videbant

187 3534 263 3596 ἀίω
290 3536 426 3600 quomodo
450 3539 524 3588 varia
550 3537 712 3603 lippitudinis
749 3535 859 3598 antiqui,
878 3535 952 3585 utin
969 3533 1071 3585 calvitie
1083 3548 1115 3584 ac
1132 3532 1274 3584 similibus.

187 3624 285 3674 genera
297 3611 426 3662 describit
437 3610 531 3664 Celsus
544 3614 571 3676 6,
588 3614 612 3663 6.
631 3615 712 3665 etiam
752 3638 778 3646 -
791 3610 894 3674 scrinio]
913 3609 1012 3673 Lepide
1030 3609 1161 3673 significet
1175 3607 1275 3673 Crispi·

186 3685 238 3736 boc
255 3685 370 3737 docens:
395 3689 425 3750 flt
447 3701 478 3737 eo
498 3689 526 3736 io
542 3687 600 3738 otiis
616 3687 711 3750 brevia,
749 3697 814 3734 num
825 3682 1275 3734 totescrinielibrorumasecou·

185 3761 213 3810 in
233 3761 292 3810 otii
311 3761 388 3826 tortas
409 3767 433 3812 et
456 3775 521 3824 quoe
535 3763 582 3812 vie
598 3776 712 3825 unquam
749 3759 909 3822 scriptorum
935 3755 1014 3821 plena
1040 3757 1111 3806 domi
1136 3753 1272 3806 babuisse.

184 3835 299 3897 linimur.
335 3834 451 3886 Calidius
469 3839 559 3887 autem
577 3835 711 3890 Bentleius
749 3835 876 3884 Ceterum
893 3835 1001 3897 potitam
1018 3831 1175 3881 totauostra
1190 3829 1274 3880 Satira

187 3911 289 3960 tantum
317 3922 370 3960 nou
398 3909 589 3962 declamatorio
612 3924 711 3975 genere
749 3906 811 3959 nihil
821 3905 891 3958 aliud
901 3907 988 3971 egisse
997 3905 1047 3956 nisi
1055 3905 1193 3958 utlatuum
1203 3903 1274 3956 buno

186 3996 262 4034 usus:
283 3983 489 4049 «impudentior,
508 3986 605 4048 inquit,
624 3986 711 4036 homi·
749 3983 901 4048 Crispinum
913 3980 1041 4032 imitando
1054 3979 1187 4042 irrideret,
1204 3991 1274 4044 quae

185 4057 227 4108 nis
243 4059 271 4108 et
287 4057 374 4110 stolidi
398 4071 461 4110 esse
482 4060 601 4122 videtur,
628 4061 711 4112 immo
748 4057 893 4109 llorstedtii
910 4055 999 4121 opinio
1017 4054 1168 4119 estteoqr.
1182 4055 1271 4116 epm.

186 4133 322 4184 communi
332 4131 412 4197 plane
424 4147 507 4184 sensu
519 4135 643 4196 carentis,
657 4135 712 4186 Cri-
747 4132 868 4195 Scopius.
886 4129 980 4194 wib),
997 4131 1039 4180 vir
1049 4130 1219 4182 doctissimus
1231 4130 1274 4182 vix

185 4207 291 4271 spinum
314 4207 349 4258 ob
373 4205 557 4274 lippitudinem
574 4209 708 4271 deridere,
748 4209 874 4271 cuiquam
892 4205 1073 4272 persuadebit.

634 4335 841 4346 ..ιι-ιιι...-

632 4349 841 4360 *¹*—
