3022 4984
354 401 416 468 770
694 415 697 421 .
836 397 966 452 aomru

395 557 522 626 Ludere
544 556 599 645 qui
622 555 738 632 nascit,
762 554 999 642 campestribus
1022 553 1160 622 abstinet
1182 555 1294 632 armis,

396 679 613 765 indoctusque
635 675 720 764 pilae
741 674 864 743 discive
885 676 1029 744 trochive
1045 675 1207 765 quiescit,
1295 721 1300 730 -
1363 675 1408 740 stt

394 803 440 868 Nc
462 799 588 886 spissae
610 798 710 864 risum
731 795 840 863 tollant
862 797 992 885 impune
1016 817 1171 866 coronae:

395 921 457 1002 Qui
480 919 583 987 nescit
602 939 717 985 versus
739 927 847 986 tamen
869 919 967 986 audet
987 918 1119 1007 lingere.
1162 919 1303 1001 Quidni?

394 1042 491 1109 Liber
513 1051 545 1108 et
567 1041 740 1128 ingenuus,
763 1041 955 1128 praesertim
977 1060 1096 1108 census
1118 1051 1304 1130 equestrem

394 1165 558 1230 Summam
580 1182 785 1228 nummorum
806 1162 949 1248 vitioque
971 1173 1115 1230 remotus
1135 1163 1178 1230 ab
1200 1165 1295 1231 omni.

394 1287 439 1350 Tu
461 1281 537 1348 nihil
561 1282 657 1349 invita
679 1279 769 1348 dicas
791 1281 931 1348 faciesve
953 1283 1109 1363 llinerva;
1364 1283 1409 1347 385

414 1455 472 1506 3844.
493 1453 618 1516 sucusque
633 1451 689 1502 ch
707 1453 773 1514 (non
789 1451 869 1514 BSd).
891 1479 917 1488 -
940 1450 997 1502 386.
1015 1453 1137 1504 iudicium
1152 1459 1189 1506 est
1206 1468 1238 1506 00
1255 1453 1386 1516 4084044440

382 1529 496 1578 4404404004
506 1540 538 1577 en
548 1525 586 1588 B),
599 1527 653 1578 LCt
663 1529 691 1578 et
705 1523 856 1576 Bentleius:
874 1525 995 1576 4044044440
1009 1531 1072 1588 esto,
1089 1541 1121 1577 00
1135 1527 1188 1578 Fea
1202 1531 1274 1582 coni.
1288 1532 1314 1582 et
1324 1532 1352 1580 ll.
1365 1555 1385 1564 -

350 1657 441 1708 «haud
467 1655 560 1722 procul
585 1657 637 1706 iam
661 1657 702 1706 est
724 1655 873 1720 apessimo
910 1660 986 1704 0440440
1003 1655 1065 1720 cet]
1090 1671 1168 1708 «cum
1185 1673 1284 1711 census
1301 1661 1346 1711 sim
1360 1671 1410 1722 qua·

348 1735 454 1797 poeta.»
911 1727 1073 1792 dringeutles
1100 1733 1285 1796 sestertium,-
1309 1731 1410 1785 senatui

381 1805 511 1857 379-384.
533 1806 628 1856 Ludere
645 1805 706 1870 cet]
732 1804 873 1865 tQuamvis
911 1815 1009 1854 census
1026 1804 1164 1856 dimidiam
1186 1810 1300 1872 partem.
1325 1808 1378 1858 ltain
1392 1806 1410 1855 in

347 1881 415 1931 haee
433 1881 482 1942 (vv.
500 1879 647 1942 ata-am.)
673 1891 753 1930 nemo
774 1891 872 1942 negare
910 1875 994 1940 Pauly
1009 1877 1118 1941 Eucycl.
1133 1880 1275 1942 4400440044.
1287 1895 1312 1946 p.
1324 1877 1409 1930 unct.

347 1955 459 2016 audeat,
485 1957 575 2006 tamen
593 1955 684 2006 neseio
702 1967 754 2018 qua
771 1955 873 2004 insania
909 1951 975 2016 Epp.
988 1952 1011 2013 4,
1022 1953 1046 2013 4,
1057 1953 1098 2003 58,
1117 1955 1156 2004 De
1170 1957 1411 2008 constructiouever

347 2030 412 2090 acti,
437 2029 551 2093 imperiti
572 2027 696 2093 permulti
714 2029 807 2092 poesin
825 2041 873 2078 ex·
909 2024 936 2075 bi
953 2027 1047 2076 0000044
1064 2026 1097 2077 cl.
1117 2028 1172 2079 Cic.
1186 2043 1214 2094 p,
1230 2029 1320 2081 Flacco
1331 2029 1365 2089 it,
1376 2027 1410 2078 st:

347 2103 464 2154 arcent.»
484 2105 551 2153 Dum
565 2101 741 2152 mediocrium
752 2103 793 2152 sui
802 2105 873 2154 tem-
912 2101 1013 2150 Voluisti
1034 2113 1156 2166 mapsam
1176 2105 1236 2168 0904·
1257 2106 1352 2155 modian
1367 2114 1410 2150 000-

345 2179 419 2243 poris
447 2179 587 2241 poetarum
617 2175 724 2226 turham
752 2175 871 2236 deridet,
908 2177 966 2225 0044.
985 2201 1000 2212 -
1019 2201 1034 2212 -
1051 2175 1142 2226 Censor
1158 2191 1184 2228 es
1197 2185 1329 2241 praetereo
1342 2187 1411 2227 4444440

346 2253 438 2301 monet
449 2252 585 2309 Pisonem,
601 2263 636 2299 ne
648 2247 682 2300 illl
694 2263 724 2300 se
736 2252 870 2314 aggreget.
908 2254 982 2299 rutae
1002 2252 1126 2312 pmnirw
1141 2258 1241 2304 0040440000
1263 2255 1360 2319 triptota
1373 2251 1409 2301 lis.

346 2325 473 2375 Ceterum
491 2319 583 2374 similis
600 2325 730 2373 sententia
748 2327 790 2374 est
804 2325 870 2388 Epp.
908 2325 988 2374 mitte.
1014 2325 1129 2376 Externa
1146 2325 1218 2378 bena
1232 2329 1296 2379 dum
1307 2331 1411 2379 4040000-

345 2399 373 2458 4,
388 2400 415 2458 4,
429 2395 477 2447 444
488 2409 548 2459 sqq.
570 2425 597 2432 -
616 2398 818 2458 campestribus·
829 2413 873 2448 ur-
909 2402 1010 2462 merat,
1029 2413 1063 2450 na
1081 2400 1165 2450 verbo
1177 2403 1290 2466 quidem
1306 2401 1412 2465 tangitis

344 2471 403 2536 mis]
432 2470 548 2534 aquibus
572 2471 682 2522 utuntur
704 2471 827 2524 ludentes
845 2475 871 2524 in
909 2475 1016 2537 gentum
1035 2477 1061 2524 et
1078 2473 1227 2527 litterarum
1246 2477 1341 2538 studia,
1363 2486 1412 2540 pro-

346 2547 448 2608 Campo
465 2547 557 2598 Martio
566 2565 589 2606 ,0
607 2541 778 2611 quolumque
790 2559 872 2598 versu
908 2551 968 2611 pter
985 2561 1054 2612 quae
1066 2549 1101 2599 ad
1112 2553 1239 2614 poemata
1251 2546 1411 2616 componenda

345 2631 403 2682 seq.
417 2617 542 2670 nonnulla
560 2623 699 2671 memorat.
717 2649 743 2657 -
754 2623 873 2684 piloedi·
908 2625 987 2687 aptus
1012 2623 1054 2674 slt.
1089 2624 1218 2684 Quocirca
1247 2627 1361 2677 Horatius
1375 2623 1411 2672 440-

344 2692 416 2757 00400]
435 2693 474 2743 Cl.
488 2695 539 2744 sat.
553 2696 582 2755 2,
600 2696 631 2757 4,
650 2696 677 2745 44
693 2709 753 2760 sqq.
770 2723 797 2732 -
816 2701 871 2747 tro-
909 2698 972 2747 mini
984 2709 1054 2747 vano
1071 2710 1125 2749 non
1136 2699 1298 2763 respondet,
1316 2698 1411 2750 sedrcr

344 2770 420 2832 04400]
440 2769 478 2820 Cl.
492 2769 541 2818 Od.
554 2771 583 2830 3,
596 2770 637 2832 sl,
652 2772 693 2822 st.
708 2800 735 2808 —
754 2773 870 2837 coronae]
909 2783 955 2822 sus
972 2772 1096 2822 Pisonem
1114 2770 1265 2836 alloquitur.

346 2846 543 2909 “spectatorum
556 2849 708 2908 catervam»
728 2850 757 2897 ut
768 2848 869 2912 Eppl,
941 2845 1062 2897 385-390.
1092 2847 1128 2896 Tu
1144 2848 1207 2912 cet]
1227 2849 1281 2900 «Tu
1297 2860 1356 2898 vero
1372 2839 1410 2894 noli

347 2919 446 2980 lana.
463 2947 490 2955 —
510 2917 558 2980 (tui
575 2917 650 2966 4000044
667 2921 730 2985 cet]
749 2921 812 2972 «Alii
830 2922 872 2972 di·
908 2921 1020 2971 istorum
1038 2920 1131 2972 slmills
1148 2935 1223 2983 esse;
1252 2923 1362 2988 primum
1376 2931 1411 2969 ar·

346 2994 482 3056 stinguunt
504 2992 552 3054 (lui
573 2992 664 3052 nescit,
686 3007 773 3044 0040440
788 3001 872 3046 tomen
907 2993 982 3058 plora
1007 2995 1034 3043 te
1060 2995 1163 3058 ipsum,
1189 2997 1281 3048 utrum
1302 2996 1410 3062 0044404444

347 3067 409 3128 cet,
433 3065 475 3116 alli
498 3067 591 3116 contra
610 3065 648 3128 (ut
663 3064 804 3128 Bentleius)
824 3071 872 3130 out
908 3067 1026 3118 indolem
1040 3067 1088 3118 tlbi
1105 3069 1196 3133 largita
1214 3073 1249 3123 sit
1264 3075 1352 3122 natura
1363 3079 1411 3118 uer·

346 3143 423 3194 nescit
446 3153 547 3201 0040400,
573 3143 657 3189 temen
681 3139 732 3189 cet.
766 3141 872 3191 llectius
910 3152 957 3199 ne,
981 3145 1038 3192 tum
1063 3143 1173 3196 consule
1199 3148 1325 3197 amicos.»
1343 3171 1366 3181 -
1381 3142 1411 3190 is·

348 3216 420 3267 omui
443 3213 593 3264 interductu
616 3211 776 3275 abstinebis,
804 3227 874 3278 quo-
908 3213 1142 3280 ottc--lltoeuoi
1155 3219 1210 3269 cic.
1221 3220 1255 3270 de
1268 3219 1337 3270 Ollio.
1350 3213 1409 3276 444.

347 3291 419 3342 niam
437 3289 568 3340 sententia
583 3290 637 3337 est:
658 3287 706 3346 Qui
718 3289 803 3338 nescit
814 3301 874 3339 ver-
911 3287 973 3336 tra:
999 3287 1094 3350 400440,
1114 3294 1144 3338 ot
1160 3292 1245 3353 0440404,
1263 3285 1411 3352 massueti

329 3377 394 3416 *sus
418 3362 534 3426 tingere,
561 3364 651 3412 tamen
676 3361 758 3412 audet
777 3375 873 3415 versus
909 3365 958 3421 004,
971 3361 1409 3429 edoersooteetrapupneatencars

348 3437 474 3503 tingere.»
492 3437 610 3486 Dimum.
632 3461 660 3471 -
679 3435 804 3499 0404444444]
828 3449 874 3487 re·
911 3435 984 3495 Quae
1010 3436 1032 3486 sl
1049 3447 1103 3487 nou
1120 3435 1191 3488 lauet
1206 3440 1340 3504 scriptoris
1355 3438 1411 3486 inee-

348 3512 462 3576 spondet
478 3523 548 3561 unus
560 3523 592 3560 ex
606 3509 656 3560 isto
668 3507 799 3561 malorum
811 3515 874 3575 poe-
909 3511 970 3574 pto,
988 3512 1143 3562 necessario
1159 3515 1232 3563 omni
1248 3521 1410 3565 successura·

347 3589 436 3638 tarum
453 3596 548 3650 grege:
568 3584 646 3644 aQuis
659 3583 723 3633 milri
734 3584 875 3636 interdicat
910 3586 960 3634 ret.
976 3613 1003 3620 -
1017 3585 1082 3635 44000
1096 3586 1212 3653 [0040000]
1229 3589 1259 3638 V.
1274 3585 1410 3639 (4400400404-

346 3673 443 3712 uarsus
466 3670 601 3724 pangere,
628 3669 690 3708 curn
716 3658 767 3709 sim
791 3656 872 3718 liber,
910 3661 954 3709 400
965 3659 1132 3724 potissimum
1144 3661 1179 3712 ad
1189 3662 1272 3714 verita
1285 3669 1410 3722 eorumque

348 3735 439 3786 liberis
462 3732 617 3799 parentibus
638 3735 715 3784 natus
733 3735 773 3794 04,
801 3733 874 3797 quod
911 3735 1149 3798 compositionem,
1183 3737 1262 3800 [00400
1287 3737 1319 3788 ad
1345 3737 1410 3787 sonu

349 3811 435 3862 matus
452 3809 533 3860 etiam
551 3810 712 3871 00400000
729 3809 872 3871 Romanus,
911 3821 993 3873 opus,
1012 3809 1084 3872 qued
1102 3807 1210 3861 molitur
1226 3813 1343 3877 scriptor.
1356 3804 1411 3856 -44

349 3885 406 3934 sine
428 3882 481 3934 ullo
499 3883 610 3934 crimine
633 3883 706 3947 (Epp.
721 3884 749 3944 4,
763 3883 792 3943 7,
810 3884 872 3946 5⁶·i·
910 3882 954 3932 4444
970 3883 1033 3949 cat]
1054 3884 1228 3947 Frequentius
1244 3899 1293 3951 per
1308 3883 1408 3936 relatiu:

350 3969 486 4022 nunquam
511 3957 639 4007 0040004400
657 3957 794 4007 0000440440
814 3961 875 4006 octo
912 3957 1005 4021 «quod
1027 3959 1102 4008 mum
1119 3959 1260 4020 ludlclum,
1294 3971 1357 4024 quas
1378 3957 1410 4004 444

322 4067 327 4078 .
347 4031 480 4082 iuratust·
499 4031 563 4094 (Cic.
577 4029 681 4082 cluent.
695 4031 747 4096 46.)
760 4057 789 4068 -
807 4032 876 4096 44400-
911 4043 989 4082 mens
1006 4033 1063 4092 est;
1088 4045 1138 4097 pro
1156 4035 1201 4084 tue
1217 4034 1327 4094 iudicio,
1343 4027 1409 4097 probe

349 4105 422 4169 4444400]
442 4105 593 4168 «generosis
606 4104 761 4170 parentibus
773 4107 873 4156 ortus.»
911 4105 975 4155 milri
991 4107 1079 4156 noto·
1096 4131 1123 4144 -
1136 4109 1181 4171 004]
1198 4110 1286 4160 Lectio
1296 4113 1343 4159 0040
1353 4109 1409 4155 444444

349 4177 478 4230 Vldelicet
495 4181 574 4230 edam
591 4177 729 4232 libertinus
746 4182 789 4231 est
802 4179 873 4242 44404,
910 4181 953 4230 est
968 4181 1122 4232 coniectura
1138 4183 1206 4233 leae
1231 4181 1340 4246 inulam
1355 4177 1408 4229 enim

350 4265 402 4303 non
419 4254 484 4304 item
501 4254 631 4317 lapsanas.
652 4281 679 4291 -
697 4265 785 4306 00440440
799 4265 874 4316 00440-
910 4253 988 4304 atlert
1004 4256 1213 4320 auctoritatam),
1232 4249 1409 4321 etquidemin·
