3174 4974
584 485 643 534 nur.
662 486 681 534 1.
716 486 896 536 urrsrmx.
1223 490 1286 552 579

241 637 330 704 Scire
353 637 448 714 velis,
473 659 544 705 mea
567 658 626 706 cnr
647 639 789 727 ingratus
812 641 968 728 opuscula
990 639 1091 710 lector
1245 647 1287 710 35

240 757 364 825 Laudet
386 769 536 847 ametque
558 759 660 836 domi,
685 774 811 848 premat
832 771 921 830 extra
943 762 1039 830 limen
1063 765 1216 852 iniquus?

241 881 310 945 Non
337 901 397 966 ego
420 889 574 947 ventosae
596 881 700 970 plebis
722 882 873 970 suffragia
896 906 997 951 venor

242 1000 399 1087 Impensis
422 1021 597 1068 coenarum
620 1013 652 1070 et
674 1004 766 1070 tritae
788 1026 923 1072 munere
946 1007 1060 1086 vestis;

241 1123 311 1186 Non
333 1141 409 1208 ego,
433 1121 588 1188 nobilium
609 1125 802 1211 scriptorum
825 1125 952 1192 auditor
974 1137 1006 1194 et
1027 1127 1128 1202 ultor,

244 1241 474 1308 Grammaticos
497 1241 620 1308 ambire
642 1243 744 1310 tribus
767 1254 799 1310 et
819 1245 941 1334 pulpita
963 1246 1093 1335 dignor:
1246 1253 1286 1315 ro

231 1421 340 1484 inperita
360 1419 398 1469 bd
424 1423 489 1483 (non
516 1421 587 1482 Slic).
610 1449 635 1458 -
656 1422 696 1472 39.
714 1423 795 1488 ator]
817 1425 859 1474 Sic
876 1427 957 1476 etiam
974 1428 1027 1477 mei
1046 1427 1129 1478 Codd.
1148 1427 1252 1480 bSEcd:

233 1499 305 1543 actor
322 1493 461 1544 canterus.
483 1521 509 1530 —
530 1493 571 1544 lt.
591 1495 694 1560 ambira]
713 1498 802 1546 audire
818 1511 859 1562 pr.
878 1497 904 1548 d.

201 1659 282 1722 velis,
302 1673 351 1710 cur
367 1673 428 1710 mea
445 1663 564 1712 carmina
584 1663 725 1726 (operantu,
764 1666 870 1718 Peisius
888 1670 911 1728 t,
934 1668 979 1718 53:
1005 1669 1116 1732 calidam
1134 1671 1183 1720 acts
1194 1683 1288 1732 ponere

201 1734 433 1799 utEpp.t‚l,3.)
452 1735 727 1798 ipsisemulimeiin-
762 1751 865 1800 mmet,
899 1741 954 1790 Scia
986 1745 1100 1793 cornum
1131 1743 1289 1794 maiacum

201 1813 241 1858 tra
265 1809 427 1858 domesticos
451 1810 567 1874 parietes
584 1825 667 1875 prope
685 1813 727 1862 in·
763 1814 842 1863 trito
859 1815 954 1865 donare
970 1815 1088 1877 merram,
1115 1819 1161 1878 Et,
1187 1818 1287 1880 reama,

201 1883 246 1932 viti
258 1882 437 1944 admirentur,
456 1884 520 1944 sed,
539 1897 602 1934 cum
615 1887 641 1934 in
652 1886 727 1937 simi·
763 1887 859 1948 inque,
869 1902 942 1939 orno:
956 1891 1286 1942 amnemamnem.

201 1957 266 2008 lium
291 1958 442 2020 iniquorum
467 1971 590 2010 meorum
614 1958 727 2012 circulos
796 1961 837 2012 39.
851 1961 891 2014 tt).
910 1963 1030 2014 nobdimn
1045 1967 1204 2032 scriptoram]
1222 1979 1290 2029 qna-

202 2031 371 2091 derenerint,
385 2033 505 2082 certatim
519 2033 550 2084 iis
562 2033 726 2089 obtrectantt
764 2033 803 2086 lee
821 2037 883 2086 tunc
895 2041 971 2088 erant
982 2037 1062 2088 Pollio
1072 2077 1078 2098 ,
1090 2039 1223 2102 Virgilius,
1236 2041 1290 2088 Va-

202 2108 253 2157 hoc
270 2106 330 2156 ideo
348 2105 405 2156 lieri
422 2107 503 2168 scito,
523 2108 614 2170 quod»
632 2111 684 2159 cet.
699 2135 721 2146 -
764 2111 832 2170 rius,
851 2110 983 2173 Tibullus,
1003 2113 1153 2164 Fundanius
1164 2117 1216 2165 cet.
1237 2117 1291 2164 illa·

202 2181 326 2245 inprobe]
349 2182 410 2245 equi
428 2193 491 2232 cum
508 2180 622 2232 deberet
637 2186 728 2246 gratus
765 2185 861 2236 niteato
878 2200 903 2236 v.
915 2187 1035 2238 notitiam
1052 2191 1127 2238 extra
1143 2189 1290 2259 εἰρωνείαν

201 2255 267 2307 mihi
284 2267 345 2305 esse
363 2267 413 2318 pro
425 2255 588 2306 carminibus
600 2258 676 2316 meis,
695 2269 728 2307 ea
764 2259 882 2322 positum
910 2255 1057 2313 ἀντίθεσιν
1086 2263 1167 2314 elficit
1197 2277 1289 2327 prorn-

202 2331 228 2380 iu
246 2327 478 2391 congressionibus
499 2329 666 2382 familiarium
683 2344 729 2382 re·
765 2335 918 2385 mmtccnorr
938 2337 1056 2386 tribuam.
1081 2365 1107 2376 -
1132 2338 1208 2402 utor]
1232 2336 1289 2398 Alii,

203 2403 372 2468 prehendere
384 2401 477 2452 soleta
493 2431 519 2440 -
536 2407 644 2466 prenot]
664 2405 731 2456 «de—
765 2411 795 2458 ut
812 2407 947 2470 Wieland‚
966 2412 1036 2461 aerio
1054 2411 1201 2476 accipiunt:
1222 2413 1291 2462 «lios

203 2479 302 2541 primat
312 2478 393 2539 atque
403 2474 516 2526 elevet.»
528 2479 598 2541 virg.
609 2482 675 2530 Aen.
686 2480 727 2540 tt,
766 2484 909 2548 scriptores
927 2483 961 2534 ab
978 2487 1075 2549 iniquis
1092 2487 1293 2551 vituperationi-

201 2553 262 2604 tor:
281 2554 446 2602 Necesse„
458 2553 575 2604 eatottere
589 2555 656 2605 υἰνεε
666 2557 730 2606 Gen·
766 2557 817 2608 bus
840 2558 986 2610 detondere
1010 2573 1158 2622 eorumque
1175 2561 1292 2624 patroci-

201 2629 234 2678 tta
249 2627 286 2677 bis
300 2629 395 2687 victua,
422 2632 511 2678 cmtro
523 2641 639 2690 proram
655 2643 730 2680 arom
766 2631 840 2680 nium
849 2633 988 2696 suscipere
999 2632 1100 2684 soleo.»
1114 2634 1189 2693 Quod
1202 2637 1292 2684 tamen

201 2703 295 2754 Latini.
333 2700 439 2761 Quintil.
456 2702 498 2762 tt,
520 2703 545 2762 t,
566 2703 613 2752 td:
641 2705 689 2765 Qui
705 2715 730 2752 se
767 2717 829 2754 cum
851 2707 1016 2768 arrogantius
1038 2705 1140 2756 dictum
1160 2706 1291 2765 videatur.

203 2790 282 2838 arrprc
305 2777 408 2826 matam
432 2776 542 2837 entottd,
564 2790 680 2838 prenere
699 2791 730 2826 oc
767 2782 871 2840 gratum
895 2792 965 2828 nunc
991 2793 1107 2842 agnosco
1124 2781 1213 2831 iocum
1230 2793 1293 2832 cum

202 2853 325 2914 despicere
341 2853 453 2902 creditur
469 2851 591 2915 (cemos).
626 2851 665 2902 ld.
687 2852 727 2911 tt,
766 2852 908 2911 Lambino,
935 2852 1067 2913 Bentleio,
1091 2853 1163 2914 aliis,
1182 2855 1211 2904 ut
1226 2855 1294 2904 attor

204 2927 250 2987 to,
273 2925 319 2976 tt:
354 2926 490 2987 Praecipue
512 2931 655 2987 prusam
674 2939 730 2976 eran
767 2937 830 2976 eum
856 2926 1002 2988 significet,
1032 2929 1077 2989 qui
1103 2927 1220 2978 vicissim
1244 2927 1293 2978 illis

205 3003 248 3064 tlt.
261 2998 397 3062 Tullium),
424 3001 468 3061 qut
492 3001 572 3051 cidara¹
592 2999 731 3050 Atriconnn
767 3001 886 3050 carmina
903 3013 951 3051 aua
968 3001 1063 3052 recitet
1080 3013 1181 3064 eosque
1199 3002 1234 3052 ita
1246 3014 1292 3052 ve·

203 3076 344 3126 trnimtorer
353 3077 492 3137 crrpieramt.
507 3102 535 3111 -
547 3074 729 3138 Noeepocetl
766 3073 813 3124 luti
830 3074 934 3138 puniat,
955 3075 1188 3139 maravarorum
1210 3089 1292 3140 qaum

203 3151 266 3200 ‘lota
293 3151 380 3212 imago
405 3163 421 3200 a
446 3149 594 3200 candidatis
613 3149 730 3200 bonores
767 3148 926 3199 senteutiam
937 3150 1070 3212 expressit
1085 3147 1250 3210 luvenalist,
1262 3153 1290 3200 l:

203 3223 358 3289 petentibus
383 3223 463 3274 ducta
486 3226 536 3275 est.
561 3251 587 3260 -
606 3224 729 3288 υννειοεαε]
767 3223 871 3284 Serrrprr
894 3237 939 3286 epo
960 3225 1062 3274 aaron
1085 3223 1206 3274 tantam?
1230 3239 1295 3274 nun-

204 3296 326 3348 «mobilie
352 3301 432 3361 atque
455 3299 628 3350 inconstantis
645 3297 731 3349 falsis·
768 3299 1127 3359 quamnerrpoaemVacatur
1140 3299 1293 3348 tottesronei

204 3385 256 3434 que
282 3383 392 3434 semper
416 3371 520 3422 iudiciis
545 3372 674 3430 utentis‚»
701 3373 731 3420 ut
770 3371 879 3420 lieentia
896 3370 994 3422 Codri?
1019 3371 1161 3434 (Bentleius
1184 3370 1294 3422 contulit

204 3445 270 3509 Epp.
285 3446 309 3504 t,
323 3445 348 3505 8,
362 3446 402 3494 ta.
418 3473 446 3482 -
461 3445 548 3509 plebia]
575 3447 731 3509 «poetarum
768 3445 834 3508 Epp.
853 3445 884 3505 t,
901 3445 932 3506 i,
951 3446 991 3495 97.
1019 3446 1139 3498 Conlerri
1155 3447 1244 3510 potest
1261 3459 1293 3496 er

204 3522 232 3570 et
247 3521 484 3582 grammaticorum
503 3521 586 3572 infimi
604 3521 730 3572 ordinis.»
767 3521 844 3583 parte
871 3520 950 3570 etiam
977 3521 1030 3570 Cic.
1052 3534 1101 3584 pro
1124 3519 1227 3572 cluent.
1249 3522 1291 3579 st,

207 3621 233 3630 -
252 3595 378 3658 eupropio
392 3597 478 3661 aanor]
499 3599 530 3646 ut
547 3593 730 3666 «oppam»
769 3591 834 3642 ttt:
863 3593 967 3644 Croesus
983 3599 1036 3644 tren
1051 3595 1089 3644 tta
1104 3595 1213 3646 Brrrtam
1228 3595 1295 3644 mus

205 3681 361 3732 «aucupor,
380 3672 485 3734 capto.»
502 3671 577 3736 (Epp.
590 3672 615 3732 i,
628 3672 653 3728 i.
667 3670 728 3721 toa:
768 3671 814 3726 eat,
832 3667 1295 3729 uttttamrecttotiontrruoepoentte·

200 3742 290 3804 papati
305 3745 431 3806 marcata
445 3743 539 3806 copto.)
557 3745 599 3794 Sic
617 3745 732 3794 Prover-
767 3739 827 3804 ret.)
847 3767 874 3778 -
893 3743 1081 3792 Grunmrattcor
1097 3741 1159 3808 cet]
1178 3741 1293 3803 imagine

204 3815 279 3866 bium
295 3816 395 3867 Zenob.
415 3818 439 3879 t,
459 3819 507 3868 aa:
522 3812 659 3868 Ἀδύνατα
675 3818 732 3882 θη·
768 3829 862 3868 rursus
886 3817 921 3868 ab
943 3817 1046 3868 ambitu
1067 3817 1149 3881 petita
1165 3829 1295 3880 pronunc-

204 3886 266 3960 ρᾷς.
293 3889 416 3954 Scriptor'
427 3891 461 3941 ad
480 3893 542 3942 tier.
555 3891 580 3952 t,
598 3892 622 3952 3,
641 3894 670 3942 tt:
691 3905 732 3943 ve
767 3892 832 3940 droa
855 3891 934 3941 tribea
957 3893 1020 3942 sunt
1036 3892 1113 3954 quasi
1130 3892 1220 3942 sectae
1237 3888 1294 3953 (cti—

203 3975 275 4022 reor,
299 3978 344 4026 m,
371 3977 423 4028 qm
442 3966 470 4015 α
488 3979 518 4015 ra
534 3966 633 4016 nmen
649 3966 732 4016 aare
767 3963 836 4026 ruo)
852 3965 1102 4027 marmannorum,
1121 3963 1149 4014 ra
1166 3965 1222 4024 εει,
1241 3965 1294 4014 οη·-

203 4037 268 4088 sum
290 4044 425 4100 amentur,
451 4040 479 4088 in
503 4051 534 4090 εα
558 4039 615 4100 ipso
635 4053 663 4090 re
682 4040 732 4088 sint
769 4037 1136 4102 ticorum(Aertteti1rer),
1162 4039 1293 4102 imprimis
1330 4087 1333 4093 .

205 4112 366 4174 intrudentes.
386 4141 413 4150 -
440 4114 516 4164 tritae
531 4125 634 4164 manare
649 4112 731 4176 emb]
768 4111 907 4174 antiquarii
924 4111 971 4172 iiii,
998 4113 1045 4174 qui
1061 4114 1167 4164 veteres
1189 4113 1291 4175 poetas,

205 4187 303 4248 anam,
329 4188 352 4238 si
379 4185 478 4239 vellem
503 4187 661 4240 muneribus
688 4185 730 4237 vel
768 4187 895 4246 Ennium,
917 4187 1074 4248 Pacuvium,
1098 4187 1221 4248 Accium,
1241 4187 1294 4238 Ln-

206 4257 339 4312 rilissimis
356 4273 451 4313 eorum
465 4262 577 4324 gratiam
589 4261 732 4312 mihicon-
768 4259 874 4320 cilium,
902 4259 1060 4324 aequalibus
1087 4261 1156 4322 suis.
1186 4257 1292 4323 Virgilio

206 4330 305 4395 ciliare,
318 4333 394 4386 tacite
406 4347 541 4399 possem.»
559 4336 678 4388 imitatus
690 4338 732 4386 est
768 4336 883 4388 maxime
901 4337 980 4398 atque
998 4335 1116 4396 iteratio,
1143 4337 1291 4398 antepone-
