3156 4972
602 434 663 484 mn.
681 435 712 484 u.
747 435 815 484 sar.
834 435 886 485 νιι.
1230 433 1292 498 343

248 591 304 658 Vel
328 612 402 658 cum
424 590 580 658 Pausiaca
602 599 727 678 torpes,
750 591 875 668 insane,
900 590 1029 666 tabella,
1251 595 1291 658 95

248 716 310 795 Oui
333 732 452 801 peccas
475 713 581 778 minus
604 724 701 801 atque
723 733 800 800 ego,
824 733 898 780 cum
921 713 1010 779 Fulvi
1026 712 1239 803 Rutubaeque

246 837 308 902 llut
329 835 513 903 Pacideiani
536 845 687 902 conmuto
709 834 831 923 poplite
853 835 953 902 miror

248 957 374 1024 Proelia
396 956 527 1024 rubrica
548 957 633 1045 picta
656 966 711 1024 aut
733 956 891 1034 carbone,
915 955 1002 1024 velut
1024 958 1051 1024 si

200 1083 206 1091 ’
248 1081 292 1147 lic
313 1099 392 1146 vera
413 1090 571 1168 pugnent,
595 1078 709 1146 feriant
730 1079 896 1168 vitentque
917 1091 1085 1146 moventes

247 1202 342 1267 Arma
363 1201 446 1267 viril
467 1203 613 1290 Nequam
635 1212 668 1267 et
689 1212 835 1268 cessator
856 1203 983 1280 Davus;
1007 1212 1038 1267 at
1060 1203 1131 1289 ipse
1231 1201 1292 1267 lilii

248 1323 380 1390 Subtilis
402 1335 550 1392 veterum
572 1321 669 1390 iudex
691 1333 723 1390 et
744 1322 879 1390 callidus
902 1324 1004 1390 audis.

245 1444 295 1511 Nil
318 1466 395 1533 ego,
420 1445 446 1512 si
469 1445 572 1512 ducor
593 1443 658 1512 libo
681 1443 838 1512 firmamo:
863 1445 919 1512 tibi
943 1445 1055 1532 ingens

269 1616 309 1666 et.
321 1616 466 1667 Pcdddcai
477 1615 602 1667 Orellius:
622 1616 775 1666 Placidcicni
786 1617 871 1678 bc,Lt,
885 1615 1026 1679 Bentleius‚
1042 1617 1075 1677 ll,
1088 1617 1256 1679 Pacidicnil'.

238 1691 381 1742 Pldcidiuni
396 1692 492 1756 sepa.
507 1719 534 1728 -
550 1693 606 1742 tot.
619 1693 685 1742 datar
702 1693 730 1742 E.
748 1718 774 1728 -
789 1693 845 1742 lod.
859 1693 947 1742 ductor
964 1691 1029 1742 Cod.
1043 1693 1155 1756 Fraueq.
1174 1693 1253 1744 Bosii.

202 1846 317 1903 rancun,
339 1841 460 1894 cloenorcs
476 1843 599 1894 omnam
615 1855 672 1892 arm
687 1841 728 1890 oi-
765 1839 887 1891 diversus
905 1839 985 1892 luisse
998 1841 1104 1890 videtur
1120 1843 1239 1892 tmnattr
1249 1840 1291 1892 ille

203 1915 261 1976 deo,
300 1929 401 1967 caman
436 1923 459 1968 ta
492 1931 542 1971 esra
574 1918 728 1980 ineptiam
763 1915 932 1978 pindmortus
951 1916 1025 1966 ludas
1045 1915 1116 1980 apud
1138 1918 1292 1967 Petronium

202 1992 421 2042 mmiumiudicc.
441 1993 565 2042 -minus
580 1995 728 2057 ntpucapc]
764 1990 805 2040 29.
820 1988 883 2040 Plio.
898 1991 929 2040 Η.
943 1991 973 2040 N.
986 1989 1092 2051 35,33;
1111 1991 1292 2043 Libertuacittt

202 2065 256 2116 Cir.
277 2065 354 2116 lland
374 2067 449 2118 lure.
474 2068 494 2118 l.
514 2080 540 2131 p.
561 2065 618 2118 tta.
638 2068 679 2118 lll.
698 2081 726 2132 p.
765 2065 893 2128 (Neronis)
906 2066 1048 2116 mmdcret
1058 2066 1126 2116 Antii
1136 2079 1228 2116 monus
1236 2068 1293 2131 plc-

202 2140 259 2192 cit.
278 2142 331 2191 Sat.
346 2144 374 2202 l,
393 2141 421 2202 6,
440 2142 497 2192 430.
515 2167 543 2178 -·
563 2143 635 2192 Fulvi
651 2143 728 2192 liutu-
764 2139 914 2200 dietarium,
926 2139 1293 2202 publicaapcrticuainocaticlt

201 2215 431 2279 bcepue1Nomiua
449 2215 639 2280 gladiatorum
657 2218 729 2268 Paci·
761 2215 878 2277 pictura,
896 2220 1045 2278 stromat,
1057 2217 1291 2280 plndictmummi·

201 2290 306 2340 maus
329 2290 380 2352 laic
403 2292 475 2342 enim
497 2291 582 2342 Codd.
601 2289 727 2343 meliores
763 2291 949 2351 νίνινονινηᾳνν
964 2292 1076 2342 comitare
1091 2294 1158 2342 ucria
1174 2294 1292 2358 iompini-

201 2365 273 2430 apud
303 2366 358 2416 Cic.
387 2367 446 2430 Opt.
474 2379 534 2429 gen.
559 2381 598 2416 or.
622 2367 653 2428 6,
684 2368 725 2418 ll.
763 2364 1292 2430 buaredditis.--Pinpiplcdictoricmu·

201 2440 278 2491 Tusc.
292 2439 321 2502 l,
339 2443 385 2502 Ἡ,
404 2441 445 2492 l8.
475 2443 522 2506 Ep.
539 2441 573 2492 ad
591 2443 623 2501 Q.
639 2443 680 2492 Fr.
695 2441 725 2503 3,
763 2453 828 2491 nera
843 2445 919 2502 atque
935 2441 962 2490 io
975 2441 1075 2503 publico
1092 2444 1184 2505 mcci
1203 2447 1291 2506 coeptu

200 2513 231 2574 l,
250 2515 285 2578 3.)
303 2517 355 2566 iam
373 2515 498 2567 abucilio
516 2516 725 2568 memorabatur.
763 2514 818 2564 cO.
835 2515 945 2565 Terentio
961 2517 1073 2566 ducam.
1107 2517 1291 2569 lanceato·-

200 2587 305 2640 Etenim
323 2589 476 2642 credibilius
494 2594 536 2642 est
552 2592 604 2642 hoc
618 2604 726 2656 quoque
763 2589 869 2653 triptota
888 2591 969 2651 paria
989 2592 1016 2640 in
1034 2591 1098 2640 Foro
1111 2605 1162 2654 per
1177 2594 1291 2644 triduam

199 2661 273 2725 loco,
299 2663 344 2716 ubi
367 2664 553 2729 qualecunque
574 2665 726 2729 gladiatoris
763 2665 829 2714 dedit
845 2663 1006 2727 mbnlcmquc
1027 2667 1125 2728 pictam
1147 2668 1174 2716 in
1189 2681 1291 2720 amaon

202 2751 302 2790 nomen
319 2739 432 2803 proferri
449 2739 613 2804 amiciebat,
640 2743 727 2792 liora-
762 2740 863 2790 Dianae
875 2741 968 2802 pontit.
1004 2741 1072 2791 Salis
1089 2741 1289 2794 ridiculesuam

199 2813 266 2864 tium
282 2825 397 2877 persona
415 2813 547 2866 Luciliano
562 2829 641 2866 usum
654 2829 725 2879 esse,
762 2807 930 2885 ἀβελτερίαν
941 2814 1029 2878 prodit
1039 2817 1128 2866 Davus
1139 2818 1213 2880 prius
1225 2816 1289 2869 illud

199 2887 347 2938 attereret
369 2889 464 2939 Cicero
480 2888 507 2940 ll.
525 2887 552 2940 tl.
569 2893 650 2954 atquc
667 2893 725 2955 ipse
763 2903 847 2953 genus
872 2889 1017 2940 admirans.
1039 2917 1066 2926 -
1084 2891 1202 2955 amator]
1227 2892 1288 2955 «qui

199 2961 226 3012 iu
249 2963 352 3014 Maenio
375 2961 528 3028 aliquoties,
556 2977 638 3027 quam
658 2965 726 3016 alle-
763 2965 1286 3028 noustatimapparetdomiuovocanli,

198 3049 260 3086 rum
271 3036 459 3088 Pacideianum
471 3039 614 3102 iuniorem,
633 3040 725 3091 itidem
763 3039 805 3089 vel
823 3039 910 3102 aliquo
929 3039 1027 3090 missus
1044 3053 1106 3090 sero
1123 3039 1234 3091 domum
1245 3054 1289 3092 rc-

198 3109 387 3174 gladiatorem,
411 3115 475 3164 tunc
490 3115 596 3166 vixisse.
618 3141 645 3150 -
664 3129 725 3165 coa-
762 3113 826 3162 dit.»
855 3113 908 3164 Cir.
922 3115 989 3177 Epp.
1002 3114 1032 3174 2,
1045 3115 1076 3174 i,
1090 3112 1138 3164 tl:
1157 3114 1288 3164 semellia

198 3191 264 3236 terito
271 3187 499 3250 poplite-Proelia]
512 3187 631 3253 Explica:
653 3203 726 3240 acer-
760 3188 865 3238 ceraccit
889 3192 927 3249 et,
952 3193 980 3238 ut
1000 3190 1045 3252 tit,
1071 3187 1101 3236 ln
1123 3187 1198 3238 scalis
1214 3189 1289 3240 latuit

198 3261 311 3322 lamina,
335 3274 405 3324 quae
422 3263 592 3314 committunt
608 3265 677 3314 inter
694 3277 724 3316 se
760 3267 870 3312 accim
900 3263 1032 3324 pendentia
1063 3261 1183 3314 mance.
1236 3265 1286 3314 Dio

197 3333 357 3398 gladiatores
384 3337 428 3386 isti
455 3339 580 3388 contento
609 3337 721 3404 poplite,
761 3337 898 3400 Chrysost.
918 3338 962 3387 Or.
979 3337 1020 3388 66.
1038 3351 1067 3400 p.
1085 3337 1143 3389 dcl.
1156 3340 1200 3390 R.:
1228 3336 1287 3389 Τὸν

196 3409 318 3473 proiecto
335 3410 434 3474 peden
454 3425 524 3462 nou:
550 3413 647 3462 «mim
661 3427 723 3464 coa-
760 3413 875 3478 οἰκέτην
888 3407 1075 3479 ἀνειμένον
1086 3413 1136 3464 καὶ
1147 3415 1286 3478 παίζοντα

197 3489 263 3536 unic
275 3485 397 3548 poplite.»
422 3513 451 3523 -
468 3487 559 3550 miror]
585 3487 722 3540 «muandc
760 3484 777 3538 ὁ
810 3484 955 3554 δεσπότης
988 3485 1149 3560 περιπεσών
1175 3488 1286 3542 κλαίειν

196 3560 304 3625 tempus
320 3560 420 3625 perdo,
439 3573 544 3612 cesso.»
758 3563 887 3628 ἐποίησε.
914 3589 942 3600 -
964 3565 1084 3628 caman]
1102 3565 1196 3616 aetatis
1221 3565 1284 3616 inde

758 3653 774 3689 a
791 3637 892 3690 Pericle
910 3639 1043 3703 usquead
1057 3639 1238 3690 Alexandrum
1248 3641 1282 3692 lt.

122 3777 129 3786 ι
228 3708 723 3776 Pii-llll.rubticcpiciccet.]lluius·
759 3714 1160 3778 -rnitidanKnnrttaaaar.
1189 3715 1282 3778 Sati,

196 3783 271 3836 modi
291 3785 411 3848 picturae
432 3786 514 3838 rudes
534 3789 615 3852 atque
639 3788 721 3838 iuior-
756 3787 789 3852 ,3,
807 3789 853 3839 23:
877 3789 988 3840 critiam
1003 3789 1060 3838 batto
1075 3789 1147 3851 ripae
1159 3787 1285 3849 portabam

195 3870 255 3910 mes
276 3853 409 3924 (εὐτελεῖς
430 3862 551 3947 ppapcd.
585 3863 719 3928 Aristoph.
757 3865 1001 3914 milinovultim·
1014 3863 1058 3913 Nil
1073 3861 1127 3926 epo]
1147 3855 1217 3928 «ἐγώ
1230 3853 1282 3913 οὐ·

194 3936 244 3984 Av.
257 3935 319 3984 805:
341 3933 393 3997 Nic
410 3934 553 3987 cardiacae
569 3937 720 4004 xpvlccy-
757 3936 804 3990 δέν
827 3939 899 4005 εἰμι,
926 3949 1043 4002 nequam
1066 3935 1171 3986 audior
1191 3963 1220 3973 -
1238 3937 1283 3988 tibi

194 4009 403 4080 γεγραμμένῳ.)
420 4011 455 4061 ad
477 4011 647 4064 alliciendum
670 4027 721 4078 po-
757 4013 917 4078 inpendet]
937 4013 1060 4062 omniane
1079 4013 1123 4061 tua
1135 4011 1281 4071 estvirtus.

164 4087 170 4098 ’
192 4083 295 4150 pallum
322 4089 383 4137 ante
412 4085 489 4138 ludos
517 4086 721 4152 exponebantur
756 4092 785 4139 ut
808 4087 923 4140 libenter
942 4099 1035 4137 careas
1057 4086 1149 4137 coenis
1166 4085 1282 4150 opiparis

193 4159 229 4210 ab
247 4161 294 4221 iis,
321 4161 367 4225 qui
390 4175 502 4214 munera
519 4162 649 4222 edebant.
676 4163 719 4215 vel
757 4177 857 4228 easque
875 4163 1017 4214 declusa»
1045 4159 1094 4212 alii
1111 4173 1164 4211 non
1179 4161 1283 4226 proin-

193 4237 330 4288 lanima
352 4235 467 4298 lanistis;
495 4242 522 4289 at
546 4238 612 4290 iales
638 4240 719 4290 etiam
758 4239 935 4302 terrogatione
953 4235 1066 4296 babent,
1085 4234 1134 4287 aad
1151 4249 1200 4301 pro
1212 4235 1282 4286 aldr-

193 4313 329 4377 Pompeiis
344 4317 467 4378 repertae
479 4318 553 4376 suut,
572 4327 623 4366 neo
640 4313 718 4366 valde
757 4315 873 4365 mationa
885 4312 992 4364 ironica'.
1027 4309 1094 4362 illud
1106 4313 1196 4364 umen
1208 4324 1283 4362 acer·
