3116 4968
631 447 691 499 nm.
709 437 740 496 ιι.
776 447 843 497 ιιι.
862 447 904 498 ιιι.
1251 439 1314 507 235

275 608 393 673 Hortos
415 605 629 693 egregiasque
651 603 766 674 domos
787 601 963 670 mercarier
983 621 1068 668 unns

274 729 354 795 Cum
375 726 467 794 lucro
490 747 618 805 noram;
645 724 734 792 unde
754 725 935 812 frequentia
955 721 1145 791 Mercuriale
1272 720 1313 788 25

274 853 462 938 Imposuere
484 845 562 915 mihi
585 865 765 935 cognomen
786 847 935 935 compita.
978 846 1073 924 Novi,

272 974 310 1040 lit
330 973 430 1039 miror
451 969 556 1037 morbi
578 977 750 1058 purgatum
772 977 804 1034 te
826 965 920 1034 illius.
964 967 1059 1054 Atqui

294 1117 336 1166 25.
363 1113 468 1166 liabent
492 1112 644 1164 liencurtots
668 1109 752 1162 codd.
779 1111 842 1160 mei.
864 1137 890 1148 —·
917 1111 959 1160 27.
977 1108 1058 1160 morti
1073 1109 1155 1160 τπιτοι·
1170 1107 1230 1160 LCt.
1250 1135 1279 1147 «-

263 1191 333 1254 repat
349 1202 485 1254 superscr.
504 1194 579 1252 atquc
595 1201 619 1239 c.

229 1331 314 1382 thium
330 1329 440 1388 dicitur,
466 1327 622 1391 significatio
645 1339 679 1378 ex
700 1326 755 1376 ilo-
790 1324 965 1376 structionem
982 1319 1167 1396 καθαρθῆναι
1189 1320 1242 1389 τῆς
1264 1319 1315 1374 νό-

229 1405 288 1455 ratii
304 1403 395 1455 verbis
412 1403 517 1454 nonnisi
538 1401 680 1452 artificiose
697 1398 756 1450 crui
791 1413 846 1451 ooo
864 1399 891 1452 lu
910 1397 927 1450 l.
946 1399 1077 1465 praetulit.
1097 1400 1172 1452 Conl.
1185 1399 1233 1449 0d.
1246 1399 1272 1458 2,
1288 1398 1313 1458 9,

228 1481 325 1544 potest.
354 1507 382 1516 -
408 1477 515 1542 τ’τιῑοὸτε]
542 1477 645 1528 anninus
670 1474 756 1526 artili-
791 1475 831 1524 11.
866 1477 1005 1526 :Attamen
1030 1476 1128 1526 mirum
1152 1476 1178 1525 in
1203 1472 1315 1524 modum

230 1555 328 1606 close.»
362 1553 503 1617 Reperitur
518 1553 599 1602 etiam
615 1549 687 1615 apud
700 1549 752 1600 Lis.
791 1561 877 1600 novus
894 1548 1005 1601 morbus
1015 1550 1137 1602 veterem
1154 1548 1226 1600 illum
1241 1561 1315 1598 mer·

229 1629 275 1690 36,
302 1627 343 1679 to.
384 1627 530 1692 Oppositur
553 1625 659 1689 affabre.
698 1624 753 1675 Cic.
791 1623 869 1674 candi
886 1625 951 1676 mihi
963 1624 1074 1689 expuit,
1094 1626 1119 1674 ei
1130 1624 1267 1682 successit,
1287 1623 1316 1672 ut

228 1704 377 1754 Verruci.
392 1705 419 1764 t,
438 1703 467 1764 t,
486 1701 534 1752 tt:
562 1703 635 1751 ἀοισι
651 1701 756 1762 denique
791 1697 909 1762 pleuritis
932 1698 1066 1749 interdum
1089 1701 1183 1750 transit
1207 1700 1233 1748 in
1254 1710 1315 1747 car-

228 1777 325 1827 nutium
342 1775 447 1838 Simalio,
474 1776 557 1839 qutei
577 1775 657 1838 portio
672 1774 756 1838 mepte
791 1773 941 1837 disignum.»
964 1773 1038 1824 coni.
1052 1771 1315 1824 loeumsimillimum

229 1853 328 1918 affabre
344 1857 419 1914 atque
435 1853 539 1913 σαώσαι
550 1849 658 1915 artificio
673 1849 756 1913 (crtus
791 1851 861 1899 Sext.
875 1849 951 1913 Emp.
966 1849 1025 1900 adv.
1039 1849 1167 1900 mathem.
1182 1848 1228 1909 tt,
1248 1846 1314 1898 tat:

227 1931 369 1990 eiceretur,
386 1927 497 1990 reliquit.
517 1951 545 1962 -
562 1923 754 1989 immaturius]
791 1917 831 1986 ώς
858 1917 913 1994 γὰρ
939 1919 973 1972 τὸ
999 1921 1111 1996 πρῶτον
1139 1919 1250 1974 διώκων
1272 1937 1316 1986 τις

230 2003 369 2068 «rigidius,
388 2002 423 2051 ita
440 1997 580 2064 uteapllli‚
598 2001 663 2056 tori.
681 2001 754 2048 artus
790 1993 924 2059 ώχλεττο,
953 1989 1029 2049 οὕτω
1055 1999 1105 2049 καὶ
1125 1993 1160 2048 τὸ
1183 1995 1316 2070 δεύτερον

228 2089 323 2128 uerum
348 2075 467 2138 corporis
495 2074 604 2124 humani
630 2075 754 2123 naturum
790 2071 901 2125 διώκων
926 2087 971 2136 τις
998 2067 1209 2140 ὀχληιλήσεται,
1240 2065 1317 2123 ώστε

229 2153 318 2202 minus
335 2151 408 2200 recte
426 2149 619 2198 imitarentur.»
638 2173 667 2184 -
681 2147 756 2198 Catti-
790 2147 899 2200 νόσον
924 2143 1002 2200 ἀντὶ
1024 2145 1133 2200 νόσου
1157 2151 1249 2200 ποιεῖν
1265 2143 1317 2198 τὸν

229 2223 559 2289 mucet.]Cic.Parad.6‚
573 2224 600 2272 3:
616 2221 755 2272 lsticottidt
790 2221 842 2275 τοῦ
871 2221 1041 2286 φιλοσόφον
1070 2221 1174 2290 λόγον,
1203 2221 1317 2294 ἔπειπερ

228 2313 315 2352 renen
337 2300 508 2350 ιτειιᾱιποιοτιι
528 2302 609 2361 prata
633 2301 656 2346 et
681 2309 756 2346 oreos
790 2295 842 2350 τὸν
852 2299 898 2351 ἐπι
911 2293 1070 2364 πλοῦτονῆ
1085 2294 1173 2363 δόξαν
1185 2291 1206 2364 ἢ
1219 2293 1318 2365 ὑγείαν

230 2377 356 2440 quasdam
378 2387 471 2437 mopere
499 2373 639 2423 αειιίπτσιιι.
670 2371 755 2422 «Artis
791 2369 830 2438 ώς
842 2368 955 2441 ἀγαθὸν
973 2369 1108 2445 ὁρμῶντα
1124 2367 1317 2443 ἀποστρέφων

229 2451 362 2515 peritus‚»
388 2448 488 2511 inquit,
515 2447 590 2496 «huic
608 2447 682 2508 signo
700 2445 755 2494 sta·
792 2451 832 2512 εἰς
848 2445 883 2499 τὸ
899 2445 942 2516 μὴ
960 2445 1052 2500 ταῦτα
1068 2445 1182 2499 διώκειν
1198 2443 1271 2498 ἀλλὰ
1283 2443 1317 2496 τὸ

230 2525 339 2576 tuebam
350 2523 466 2589 pretium
477 2525 584 2572 centum
596 2519 698 2572 milium
711 2531 756 2570 se-
792 2521 894 2585 καλόν,
914 2525 941 2574 ελ
955 2523 1056 2585 τύχοι,
1074 2525 1124 2574 καὶ
1135 2519 1189 2590 τὴν
1201 2517 1316 2595 ἀρετήν,

229 2601 365 2660 mortium,
389 2597 431 2647 alii
448 2595 532 2656 oliud3
556 2598 665 2661 praeter
682 2595 757 2646 cete·
793 2593 848 2650 οὐκ
870 2598 1020 2672 ἐλευθεροῖ
1038 2593 1090 2664 τῆς
1111 2593 1235 2662 διώξεως
1255 2592 1317 2648 ἀλλ’

229 2687 274 2725 ros
298 2675 365 2723 item
391 2669 556 2723 excellebam
583 2671 610 2720 iu
636 2669 756 2720 amoenis
792 2675 838 2737 ἐφ’
874 2675 974 2745 ἑτέραν
1005 2675 1179 2740 μετατίθησι
1211 2670 1316 2738 δίωξιν.

230 2749 313 2800 hortis
330 2745 503 2812 pulchrisque
520 2745 645 2796 domibus
662 2757 757 2795 emen·
793 2743 833 2813 ώς
850 2741 903 2800 οὖν
926 2743 943 2798 ὁ
962 2745 1061 2822 ἰατρὸς
1082 2744 1232 2818 ἀναιρῶν
1255 2747 1318 2813 μὲν

230 2824 270 2874 dis
287 2835 437 2886 rursusque
454 2835 517 2872 curn
539 2821 613 2872 lucro
636 2820 757 2871 venden-
793 2823 973 2896 πλευρῖτιν
1006 2821 1119 2874 ποιῶν
1152 2821 1188 2873 δὲ
1222 2836 1319 2894 περι-

230 2899 271 2950 dis
298 2899 382 2961 (quae
407 2897 517 2960 quidem
548 2895 653 2958 negotia
678 2894 756 2956 longe
793 2899 1022 2965 nvevpovtow,
1042 2891 1062 2964 ἢ
1079 2891 1319 2961 ἀνασκευάζων

230 2973 331 3024 maiora
355 2983 387 3020 nc
411 2968 556 3020 difficiliora
579 2971 655 3020 erant
674 2982 756 3035 quam
792 2968 858 3040 μὲν
874 2979 1035 3046 φρενῖτιν
1052 2965 1265 3038 ἀντεισάγων
1282 2969 1319 3025 δὲ

230 3047 352 3110 statuae),
374 3045 447 3096 unde
469 3045 592 3096 homines
609 3047 635 3095 in
653 3045 757 3109 compi·
793 3047 981 3119 λήθαργον,
1005 3041 1060 3098 οὐκ
1078 3041 1252 3098 ἀπαλλάττει
1267 3043 1320 3098 τὸν

231 3123 263 3173 lis
279 3135 301 3173 s·
322 3121 418 3179 11111111,
445 3119 492 3170 Ubi
509 3121 537 3169 θῑ
553 3121 689 3171 auctiones
706 3119 757 3170 fle·
793 3121 925 3175 κίνδννον
951 3115 1010 3172 ἀλλ’
1036 3119 1215 3183 ἐναλλάττιι,
1242 3113 1319 3173 οὕτω

230 3197 295 3248 hant
312 3197 376 3260 (Cic.
396 3196 430 3245 de
448 3193 498 3258 leg.
518 3207 573 3258 ugr.
585 3195 609 3256 1,
629 3195 657 3258 3,
676 3195 712 3256 1.)
730 3196 758 3244 et
793 3200 843 3250 καὶ
861 3193 1058 3260 ὁφιλόσοφος
1075 3197 1174 3267 ἑτέραν
1188 3193 1319 3285 ταραχὴν

231 3273 339 3323 omnino
371 3270 499 3334 frequens
528 3271 586 3319 erat
618 3269 757 3319 hominum
793 3269 969 3344 ἀνθ’ἑτέρας
982 3269 1190 3340 εἰσηγούμενος
1203 3287 1237 3322 ον
1249 3269 1320 3338 βοη-

231 3357 379 3398 concursus
398 3345 459 3408 (Sat.
474 3345 484 3394 1
498 3383 504 3405 ,
517 3343 548 3403 9,
567 3343 628 3406 bil),
646 3357 697 3409 per
708 3344 758 3393 clr-
793 3349 843 3400 θεϊ
856 3345 895 3415 τῷ
907 3348 1120 3420 ταραττομένῳ,
1133 3375 1160 3383 -
1173 3349 1259 3398 Novus
1269 3347 1320 3397 iste

231 3421 303 3472 culos
332 3418 485 3482 congregati
513 3417 627 3468 alterum
652 3419 758 3470 Mercu·
792 3423 1022 3489 morbuoffiucit,
1039 3421 1320 3487 Leidenschaft)qui

229 3497 298 3547 illim
320 3507 364 3546 me
387 3493 544 3558 praedicare
566 3492 633 3544 soliti
654 3495 756 3545 0111111.»
793 3501 828 3550 sit
844 3499 989 3562 quaeritur,
1025 3497 1206 3549 Heindorfius:
1229 3495 1320 3557 aQuod

230 3573 271 3622 Sic
288 3570 362 3620 enlm
377 3570 497 3633 praestat
514 3567 646 3633 explicare
658 3581 701 3618 vv.
714 3581 758 3618 το-
794 3572 913 3624 nondum
924 3571 1059 3636 perlectus
1068 3573 1102 3624 sit
1114 3572 1230 3635 sapiens
1241 3569 1321 3621 adeo-

229 3659 336 3710 ριιοιπτπ
368 3643 521 3694 tramutata
552 3656 633 3707 quam
666 3641 757 3707 legere
794 3661 847 3714 que
865 3647 998 3697 insanus.»
1029 3645 1081 3696 Sed
1093 3647 1145 3695 hoc
1157 3644 1199 3694 ille
1211 3645 1319 3695 minime

230 3735 292 3774 cum
320 3719 439 3784 Gryphio
468 3716 579 3782 aliisque
609 3719 759 3769 Mercuriali
795 3721 931 3783 concedit,
958 3721 1041 3771 immo
1065 3721 1194 3785 pernegat
1214 3732 1240 3768 v.
1260 3719 1319 3770 298.

230 3795 271 3846 vel
289 3795 372 3845 etiam
384 3806 531 3878 erponem,
551 3805 614 3845 eum
624 3792 702 3856 volgo
713 3807 758 3844 vo·
794 3799 887 3860 Neque
899 3770 978 3856 refu,
998 3796 1027 3844 ut
1043 3791 1100 3844 aliis
1111 3792 1223 3858 placuit,
1243 3794 1321 3856 signi·

231 3871 319 3922 catum
337 3879 399 3920 esse
416 3869 601 3931 nonmuppom
614 3868 758 3918 Meroetic-
795 3871 876 3921 licere
894 3871 983 3934 potest
999 3867 1111 3918 brevem
1134 3866 1204 3917 itiam
1221 3867 1322 3932 despe-

230 3945 289 4006 ltttt,
308 3942 336 3995 id
354 3945 405 4004 est,
423 3943 555 3994 Mercurio
567 3951 668 3993 carum.
688 3943 756 3993 Sane
795 3945 939 4005 rationem,
959 3955 1012 4007 quc
1023 3941 1150 4006 abreptus
1167 3942 1193 3991 in
1205 3939 1321 3992 Tiberim

230 4017 394 4069 Μιτοιιτΐολιι
413 4015 553 4081 collegium
576 4019 757 4074 mercatorum
795 4031 824 4070 se
837 4018 1059 4083 praecipitaturus
1071 4017 1167 4080 lueret,
1187 4017 1237 4068 nisi
1248 4019 1323 4067 Ster-

231 4096 306 4144 erant
322 4095 433 4144 Romae.
464 4093 517 4144 Cir.
535 4093 583 4144 0d.
602 4095 631 4155 2,
651 4093 695 4155 11,
713 4093 754 4143 29.
796 4093 874 4144 tinius
891 4093 1086 4142 intervenisset.
1121 4093 1178 4142 lam
1195 4105 1258 4142 cum
1272 4092 1323 4142 Dn-

261 4167 303 4218 27.
321 4166 404 4217 morbi
416 4166 566 4232 prtrpatttm]
584 4169 613 4217 ln
630 4168 696 4217 orat.
715 4179 758 4218 so-
795 4168 932 4232 masippus
949 4179 998 4230 per
1015 4165 1099 4216 totam
1116 4167 1226 4217 satiram
1247 4166 1322 4217 lace-

231 4240 284 4294 luta
301 4241 449 4294 dicendum
466 4241 535 4293 ioret
550 4243 637 4292 morbo
655 4255 757 4307 purpo-
794 4245 853 4293 tum
870 4239 1034 4303 aretalogum
1051 4241 1123 4304 agat,
1147 4241 1190 4292 hic
1212 4253 1321 4305 quoque

231 4317 481 4378 menecratum
494 4317 757 4370 seduraecamcon-
794 4317 883 4368 iocum
913 4327 1091 4381 agnoscamus
1120 4327 1232 4368 necesse
1263 4317 1319 4366 est:
