3156 4972
645 456 705 506 uro.
724 457 756 508 u.
789 458 856 508 sar.
875 455 918 506 ιν.
1263 453 1326 523 283

281 616 348 680 Nec
371 613 431 680 sibi
455 633 630 680 coenarum
651 613 759 700 quivis
781 623 904 680 temere
926 611 1061 700 adroget
1082 623 1196 690 artem,
1284 615 1325 680 35

280 738 350 802 Non
372 735 463 824 prius
485 744 598 802 exacta
620 736 707 802 tenui
730 735 854 802 ratione
876 755 1038 824 saporum.

281 857 347 924 Nec
369 857 447 923 satis
469 866 519 924 cst
541 877 617 924 cara
639 857 747 945 pisces
771 865 918 925 avertere
940 878 1072 935 mensa,

281 979 431 1066 lgnarum
452 977 572 1066 quibus
594 986 644 1044 est
666 977 716 1045 ius
739 979 845 1067 aptius
868 989 901 1046 et
922 978 1041 1067 quibus
1064 980 1147 1047 assis

280 1099 466 1188 Languidus
489 1100 521 1164 in
544 1099 689 1167 cubitum
710 1101 774 1167 iarn
792 1121 830 1169 se
852 1101 988 1169 conviva
1010 1109 1155 1190 reponet.

280 1220 402 1289 Umber
423 1229 456 1288 et
478 1221 573 1310 iligna
596 1220 733 1290 nutritus
755 1222 872 1310 glande
895 1222 1051 1290 rotundas
1281 1225 1323 1290 to

304 1437 345 1487 36.
370 1439 404 1487 Ni
423 1439 497 1501 prius
513 1438 598 1490 Codd.
617 1439 690 1489 hand
706 1441 785 1504 pauci
803 1440 864 1504 (non
881 1441 964 1491 nostri
981 1454 1032 1491 nec
1049 1441 1182 1504 Pottierii).
1203 1470 1231 1479 -
1250 1441 1290 1493 37.

266 1513 343 1576 piaco
368 1513 395 1564 b.
422 1538 450 1550 —
478 1519 591 1566 avemo
614 1513 765 1579 bseuctr:
791 1528 909 1567 onerem
925 1517 1031 1580 septem
1047 1517 1178 1578 Pettierii,
1200 1513 1290 1583 γδκω,

270 1588 413 1652 cruquiani
430 1580 541 1654 praeter‘
554 1590 633 1642 Touo.
652 1602 760 1650 omnes,
785 1588 843 1651 alii,
869 1593 888 1642 L
905 1593 933 1642 et
949 1589 1098 1652 Bentleius.
1117 1593 1182 1643 item
1199 1593 1233 1644 ll.
1262 1620 1290 1628 -

270 1663 311 1714 39.
328 1665 427 1727 reponit
444 1677 513 1716 corr.
532 1678 548 1715 c
565 1667 735 1730 etquattuor
751 1666 877 1716 Pottierii.

234 1857 293 1912 τῶν
303 1858 328 1910 d'
340 1853 434 1910 ἄλλων
446 1855 708 1932 (ὀστρακοδέρμων)
725 1857 762 1912 τὰ
800 1863 835 1913 ad
862 1875 985 1914 mensam
1012 1863 1182 1929 piscatoriam
1210 1861 1324 1916 relatum

234 1935 290 2002 μέν
306 1933 369 1986 ἐστι
384 1933 503 2006 didere,
526 1930 562 1985 ed
584 1933 615 1986 ci
631 1932 762 2001 μονόθυ-
800 1936 881 1988 modo
898 1937 977 1989 muris
994 1938 1137 1989 artificioso
1148 1939 1321 2003 signiticaret:

235 2025 286 2082 ρα·
305 2039 346 2050 --
362 2004 419 2060 τῶν
443 2008 474 2061 δὲ
498 2005 623 2082 derideor
646 2007 684 2062 ecl
707 2013 762 2077 niv
800 2013 846 2061 «ut
867 2013 955 2077 pisces
974 2011 1122 2064 everriculo
1139 2015 1280 2076 capiuntur
1297 2015 1324 2064 in

234 2085 314 2138 ἐστιν
336 2080 537 2146 ἀνάκτυχα,
562 2079 626 2136 olor
648 2085 679 2136 ot
697 2088 761 2138 κτέ-
799 2088 880 2148 mari,
910 2087 949 2138 sic
977 2099 1025 2138 eoa
1052 2099 1170 2140 oeerere
1198 2087 1324 2152 (wenst-

235 2177 283 2225 νες
298 2161 349 2212 real
365 2161 396 2210 ot
410 2157 498 2226 μύες·
523 2153 638 2211 ἅπαντα
654 2156 709 2234 γὰρ
726 2157 761 2212 τὰ
797 2160 899 2226 aclea)
925 2159 960 2211 ab
986 2159 1054 2212 illa.»
1096 2161 1206 2212 Bentleii
1231 2164 1322 2214 autem

233 2231 357 2289 τοιαῦτα
378 2233 414 2308 τῇ
436 2235 491 2302 μὲν
511 2239 699 2302 συμπέφυκε,
724 2234 760 2308 τῇ
799 2235 977 2302 explicationi:
1002 2249 1104 2300 «neque
1122 2236 1220 2288 sulflcit
1235 2238 1324 2302 piacee

233 2310 266 2364 δὲ
277 2309 453 2374 emeretur,
472 2305 547 2363 aiore
558 2310 761 2379 cupeleleodeu
798 2313 920 2376 impenso
937 2312 1023 2376 pretio
1040 2313 1180 2376 coemptos
1192 2312 1218 2362 iu
1230 2324 1324 2363 measa

236 2389 287 2438 καὶ
304 2381 485 2453 ἀνοίγεσθαι.
517 2388 571 2438 Cic.
591 2387 625 2437 de
643 2389 673 2438 N.
687 2389 758 2450 M,
798 2400 847 2438 sua
859 2385 996 2448 exhihere,
1010 2387 1055 2450 qui
1067 2399 1115 2450 pro
1126 2386 1244 2452 reliquiis
1253 2400 1326 2437 orrer-

234 2463 280 2524 l8,
311 2462 375 2513 ⁴23:
411 2462 474 2511 Pina
501 2462 598 2512 wne
624 2463 763 2527 grendona
797 2466 903 2522 roeteer,
930 2463 1022 2525 utpote
1045 2473 1114 2524 quos
1135 2471 1215 2511 nemo
1233 2461 1325 2512 convi-

232 2538 324 2601 potale
340 2537 446 2586 moe.
477 2535 515 2586 cl.
529 2535 564 2586 de
582 2538 655 2586 lino.
669 2537 699 2597 3,
718 2537 759 2598 te,
797 2548 893 2586 varum
927 2537 1037 2598 tangere
1069 2533 1147 2596 velit¹
1181 2537 1323 2599 propterea

234 2613 276 2663 63.
297 2639 325 2648 -
342 2611 415 2660 ende
428 2611 570 2675 Tarentum]
588 2611 641 2662 Cir.
654 2613 721 2676 Epp.
735 2612 759 2672 l,
798 2609 870 2675 quod
891 2611 983 2674 aptum
1004 2611 1101 2674 cuique
1124 2609 1324 2660 condimentum

234 2688 262 2748 7,
282 2685 327 2736 lo:
346 2685 442 2736 imbelle
459 2686 601 2736 Terentarn.
799 2685 897 2746 desito
916 2683 979 2734 illud
996 2685 1112 2734 maxime
1130 2684 1232 2745 obstat,
1251 2683 1325 2748 quod

798 2761 972 2824 purgamenta
980 2761 1068 2824 scopis
1076 2759 1224 2810 everrenda
1237 2761 1323 2820 erant,

266 2835 355 2886 35-39.
373 2835 433 2900 Nee]
445 2837 475 2886 ut
490 2835 623 2887 interdum
635 2836 716 2886 etiem
734 2838 760 2886 iu
798 2834 826 2884 id
843 2835 897 2898 est,
921 2845 997 2896 osea,
1020 2834 1156 2898 punmiua
1175 2846 1207 2882 ac
1223 2831 1325 2883 similes

233 2923 314 2976 prosa
328 2913 448 2961 oratione
460 2923 649 2976 procerem,
666 2925 711 2961 nec
723 2916 760 2960 to-
798 2921 842 2960 rea
866 2909 983 2960 mluutae
1007 2922 1022 2958 a
1046 2909 1164 2960 convivis
1189 2908 1323 2969 abiectae,

232 2999 302 3046 mem
316 2985 559 3051 itaquelleindorili
569 2987 683 3038 etunius
693 2987 758 3038 Cod.
798 2998 852 3036 uon
869 2985 958 3050 places
973 2982 1078 3048 aliaque
1090 2983 1201 3034 obsonia
1214 2984 1323 3046 integra.

234 3063 301 3112 Feae
328 3063 366 3112 Ne
390 3061 435 3112 eibi
460 3075 692 3126 supervacaneum
710 3065 759 3114 est.
798 3063 854 3112 Nec
870 3059 979 3110 tandem
997 3059 1096 3109 lloratii
1112 3058 1195 3108 verba
1213 3071 1246 3108 ex
1265 3058 1325 3107 ioco

235 3136 377 3200 -eceoctld
397 3135 574 3200 «explorata-
608 3137 679 3200 virg.
693 3140 759 3189 Aen.
799 3132 1105 3194 Plautinoltienaechm.
1120 3133 1191 3194 l‚l,
1210 3131 1239 3181 i:
1257 3143 1326 3180 mee·

234 3213 263 3272 l,
283 3211 349 3262 305:
369 3211 400 3261 At
413 3213 472 3274 pirre
488 3212 608 3262 Aeaeos-
620 3213 762 3263 -eeirelo-
798 3221 866 3269 amn,
886 3209 986 3270 quando
1002 3209 1059 3269 edo,
1077 3207 1212 3271 deterqeo)
1229 3207 1264 3256 ita
1281 3218 1326 3255 oc-

232 3299 324 3348 eoeque
344 3287 488 3348 deplorare
506 3289 763 3338 novocomum
799 3282 921 3348 cipienda
947 3282 1063 3344 suadeo,
1094 3284 1125 3331 ut
1148 3294 1267 3332 onerem
1290 3281 1326 3331 sit

231 3361 355 3422 melium
377 3366 471 3410 erecto
494 3361 599 3424 referre.
628 3389 656 3398 -
685 3363 761 3428 torol]
800 3357 892 3408 «avide
911 3356 1024 3418 adoran
1050 3359 1081 3407 ut
1105 3356 1147 3407 alii
1172 3355 1273 3406 volunt.
1294 3379 1322 3391 -

232 3438 308 3486 Pers.
323 3435 410 3498 orl:
429 3435 763 3500 encennsuhtilitertan·
798 3435 919 3498 lenam·
946 3431 1035 3496 quom
1061 3432 1109 3497 est]
1140 3441 1271 3496 «semper
1298 3431 1324 3482 in

232 3513 292 3560 turn
317 3523 349 3559 eo
372 3509 513 3562 difficulter
537 3511 760 3577 diiudicandum)
798 3507 923 3560 omnibus
941 3508 1098 3567 wllvivllsia
1123 3508 1185 3558 hlnc
1203 3506 1325 3558 ludlfflll·

231 3585 368 3634 turdorum
384 3597 456 3635 norae
466 3586 581 3636 salbum
598 3609 625 3622 ·-
640 3587 760 3652 avertere]
797 3595 857 3634 vos.
878 3611 906 3620 -
924 3583 964 3634 lete
979 3584 1071 3649 optiva]
1091 3585 1151 3646 «qni
1168 3581 1227 3633 elixi
1244 3593 1325 3645 appo·

231 3659 275 3708 sic
292 3657 352 3721 lego
370 3671 433 3710 cum
451 3661 518 3710 meis
536 3660 620 3711 codd.
634 3663 662 3711 ct
679 3662 761 3712 Hein—
798 3658 879 3708 nendi
897 3659 990 3720 sunt,»
1008 3670 1076 3722 quoe
1089 3657 1325 3721 pmtmrioevocat

232 3732 331 3793 dontio,
359 3734 388 3782 ut
413 3733 505 3784 dicuin
526 3737 661 3798 peronam
677 3735 761 3786 ‘over-
798 3732 880 3784 Plaut.
899 3734 1013 3794 Asini,
1032 3733 1062 3794 3,
1081 3731 1122 3782 28.
1143 3759 1171 3767 ω
1184 3731 1273 3792 eadee
1284 3743 1326 3780 aa·

231 3812 284 3858 tere
294 3819 344 3872 pro
356 3807 559 3869 «intervertere,
578 3809 762 3861 fraudulenter
797 3807 840 3872 eia]
858 3807 976 3868 dativus,
996 3806 1199 3858 nonablativue.
1215 3806 1325 3855 -Lon-

230 3884 428 3948 intercipere,=
454 3883 496 3935 vel
522 3887 602 3936 etiarn
630 3887 705 3948 «viu,
731 3889 761 3936 ut
797 3884 896 3948 ovidio]
923 3883 1061 3946 «fatigatus
1087 3881 1220 3932 edendo.»
1247 3907 1273 3927 -.-
1297 3882 1324 3930 ie

232 3959 334 4009 Caesar
344 3959 373 4007 B.
388 3958 417 4009 C.
428 3958 453 4020 3,
467 3960 511 4010 59:
526 3961 652 4023 praedem
663 3973 760 4012 comen
797 3957 1095 4020 cuidam-se-reponet]
1109 3957 1252 4008 «suavitate
1263 3969 1324 4007 con·

231 4034 334 4084 mean
354 4032 507 4084 αυονωὸωι.
542 4036 588 4086 Est
609 4037 699 4100 igitur:
728 4049 759 4086 aa
798 4035 908 4085 dimenti
926 4033 960 4084 ad
978 4032 1114 4084 edendum
1124 4031 1323 4084 revocabitur.»

231 4119 324 4157 mensa
342 4107 485 4171 piscatoria
502 4111 654 4162 carissimos
676 4123 760 4174 quos-
798 4110 882 4161 Corul.
896 4110 975 4166 Caco.
1007 4105 1102 4159 cubito
1120 4108 1225 4158 sinistro
1243 4109 1323 4158 innixi

231 4193 284 4244 qne
301 4182 391 4245 pisces
409 4183 505 4248 cupide
518 4185 545 4235 et
561 4186 655 4248 quovis
672 4185 758 4249 pretio
798 4185 825 4234 et
857 4181 967 4248 paulum
997 4193 1027 4233 aa
1061 4179 1226 4244 attollentes,
1261 4193 1323 4232 cum

231 4255 336 4306 aulone
361 4258 443 4321 atque
465 4257 589 4310 celeriter
605 4257 661 4310 aliie
677 4273 758 4324 prae-
798 4256 991 4319 comedebant,
1010 4257 1036 4308 in
1048 4259 1107 4308 uro
1123 4271 1153 4309 ee
1166 4255 1321 4316 lulciehant3

231 4331 320 4395 ripere
333 4331 526 4398 emptoribusu
560 4333 758 4387 dcere-eitam
797 4335 881 4385 saturi
907 4333 933 4385 in
958 4325 1072 4386 cervical
1095 4347 1125 4384 se
1147 4330 1320 4386 reclinabant.
