3116 4968
625 477 684 530 trs.
705 479 734 529 rr.
770 479 899 529 sautu.
1247 474 1304 540 251

264 636 336 700 lien
352 634 449 700 vivo?
472 635 510 702 Ut
531 635 621 700 vivas
645 635 755 722 igitur,
779 632 889 720 vigila:
914 633 975 700 hoo
991 653 1060 718 age.
1085 633 1260 712 Quidvis?

264 755 423 823 Deficient
444 757 574 843 inopem
596 776 699 822 venae
722 765 768 832 te,
793 755 825 820 ni
848 753 940 822 cibus
963 765 1061 842 atque

264 879 381 966 Ingens
404 877 530 946 aceedit
552 876 717 944 stomacho
739 875 855 943 lultura
878 876 993 948 ruenti.

264 999 457 1066 Tuoessas?
479 998 638 1087 Agedum,
663 1018 755 1066 suine
777 997 839 1064 hoc
861 998 1071 1086 ptisanarium
1093 1018 1222 1089 oryzae.
1247 1001 1309 1069 tte

263 1123 380 1202 Quanti
397 1120 551 1209 emptae?
573 1122 685 1188 Parvo.
716 1120 833 1201 Quanti
846 1121 948 1208 ergo?
970 1119 1172 1188 Oetussihus.
1202 1122 1308 1190 Eheu!

264 1243 351 1323 Quid
373 1243 485 1321 refert,
508 1243 623 1310 morbo
646 1263 687 1310 an
709 1241 800 1308 furtis
822 1261 1022 1330 pereamque
1045 1243 1189 1330 rapinis?

263 1365 419 1445 Quisnam
442 1365 538 1452 igitur
560 1364 683 1431 sanus?
710 1366 773 1444 Qui
788 1385 852 1430 nen
868 1362 993 1430 stultns.
1017 1364 1103 1444 Ouid
1125 1366 1267 1432 avarus?

286 1533 343 1586 ⁴53.
362 1539 385 1584 te
400 1549 479 1586 venne
496 1547 519 1585 c.
536 1564 562 1571 -
583 1534 639 1586 tet.
658 1536 755 1600 irpeas]
772 1535 892 1584 Praesens
908 1532 1018 1585 Bentleii
1037 1536 1105 1584 coni.
1127 1561 1153 1571 -
1173 1537 1275 1586 accedat

252 1611 284 1670 S,
312 1608 387 1659 multi
413 1610 544 1671 Pottierii,
569 1611 629 1660 tet.
667 1611 706 1672 (Ut
722 1622 784 1670 nes,
812 1608 874 1673 bcp,
893 1607 1003 1659 Bentleii
1021 1622 1132 1672 novem,
1160 1611 1275 1662 Pottierr'i

253 1685 379 1748 septem.)
399 1713 427 1722 —
447 1685 503 1736 tte.
522 1687 590 1735 Nam
606 1698 687 1735 cesses
703 1697 838 1748 superscr.
859 1684 934 1744 Tus,
954 1684 1109 1746 Quidem
1124 1685 1153 1734 L.
1169 1709 1196 1720 -
1217 1685 1273 1735 tte.

253 1763 308 1809 octe
324 1759 420 1809 meteret
437 1759 503 1821 LCt,
522 1765 570 1809 eet.
591 1759 686 1809 aesibrts
703 1757 768 1808 Cod.
788 1756 905 1808 Blendln.
925 1757 1079 1821 antiquiss,
1101 1759 1161 1808 VIII.
1181 1759 1278 1810 aestus

253 1833 318 1884 Cod.
338 1835 414 1884 Mart.
433 1833 505 1899 apud
518 1835 673 1898 cruquium.
694 1833 733 1896 (Ut
750 1845 812 1893 nos,
831 1833 913 1883 nestri
926 1834 953 1882 et
963 1831 1074 1882 Bentleii
1085 1844 1192 1895 omnes,
1211 1833 1276 1884 item

253 1909 318 1959 cod.
338 1909 461 1972 Tonsan.)
482 1935 509 1945 -
527 1909 604 1959 tetre
619 1908 653 1970 h,
672 1909 726 1959 ileu
741 1909 789 1958 teu
805 1907 832 1957 F.
852 1906 926 1957 Conl.
946 1907 1022 1957 liand
1039 1907 1113 1958 Turs.
1133 1909 1163 1958 ll.
1177 1922 1202 1972 p.
1216 1909 1273 1960 359.

254 2009 281 2018 -
303 1983 359 2033 tet.
376 1996 508 2045 peremnee
524 1997 571 2047 cp,
591 1983 644 2034 due
661 1983 792 2044 Pettierli,
819 1995 852 2033 er
870 1981 955 2032 trihus
973 1983 1027 2032 suis
1046 1978 1111 2046 (νξν)
1130 1981 1273 2044 Bentleius,

252 2059 280 2119 F,
294 2071 429 2120 pereamus
445 2071 514 2110 unus
531 2059 647 2110 Pottierii
666 2057 798 2123 (soloece).

217 2183 285 2232 llaec
296 2185 354 2231 ruet
362 2181 445 2230 vestrl
455 2179 635 2242 emolumenta,
649 2193 744 2243 paoem
777 2179 961 2241 personarium,
980 2177 1053 2242 quod
1071 2179 1144 2230 demi
1160 2193 1307 2245 praepara-

217 2261 241 2307 et
252 2269 312 2306 usse
322 2255 423 2306 bubwe.
442 2255 663 2317 Lueret.l‚868:
680 2256 744 2305 Pre-
779 2254 867 2304 batur.
887 2280 915 2291 -
930 2253 1078 2319 mensum]
1096 2256 1126 2304 ln
1143 2256 1196 2306 hec
1211 2254 1307 2320 plurali
1372 2295 1376 2300 .

214 2336 303 2393 pterea
327 2331 429 2392 capitur
452 2329 533 2393 ciem,
562 2335 590 2380 ut
617 2329 745 2392 maleleel
780 2330 873 2380 iniuria
899 2327 1018 2380 haesisse
1041 2329 1200 2382 Lambinum
1226 2333 1308 2383 Bent-

217 2411 298 2456 nrters.
328 2405 429 2456 Seneca
446 2405 528 2468 Epist.
543 2405 588 2455 95:
617 2405 676 2454 uine
692 2404 744 2468 sul-
781 2402 848 2455 laius
864 2403 955 2455 docuit
977 2401 1072 2454 collatu
1095 2405 1172 2455 Festo
1194 2399 1220 2455 in
1241 2419 1307 2456 voce

217 2482 269 2532 cire
284 2493 362 2531 uetus
383 2481 505 2530 emetur.
536 2478 618 2542 (idem
636 2480 671 2530 de
691 2480 744 2530 Be·
779 2477 924 2529 Petulantes:
941 2479 1076 2540 Postquam
1092 2480 1309 2544 westptuteutt

217 2555 272 2608 nel.
286 2555 315 2616 3,
334 2555 366 2604 9:
384 2555 500 2606 audentes
514 2567 592 2605 uenae
606 2555 666 2604 vieo
681 2554 745 2617 rese-
780 2553 897 2616 eoepttP.
909 2554 951 2614 rt,
968 2553 1076 2615 Tarpeio
1086 2553 1252 2618 tepeeouteen
1262 2559 1306 2616 est,

215 2629 323 2692 senine.)
348 2653 375 2665 -
399 2629 578 2692 plantarium]
604 2623 742 2692 πτισάνη,
779 2633 808 2678 ut
832 2628 875 2679 ltus
898 2628 1062 2691 emtusabru,
1089 2629 1142 2680 ouis
1167 2629 1309 2680 messibus

216 2702 478 2765 everberatum»,
502 2705 593 2769 pinso,
618 2702 744 2755 «sorbitio
780 2705 966 2754 wtmretur.

216 2793 250 2830 ex
275 2793 345 2842 aqua
370 2779 489 2830 terrente
507 2781 534 2829 et
558 2779 661 2829 hordeo
685 2776 744 2842 ple·
813 2779 870 2830 457.
890 2778 1050 2842 Qutdresert]
1067 2781 1097 2829 ln
1113 2779 1232 2844 pedestri
1250 2793 1308 2829 ora-

216 2865 350 2916 rumque,
384 2855 427 2904 hie
461 2865 558 2916 oryza,
593 2853 743 2904 conlecta.»
780 2854 865 2904 tione:
885 2853 969 2913 «Quid
985 2852 1080 2914 relert,
1099 2853 1230 2904 merbena
1247 2866 1308 2918 per-

215 2927 304 2978 Schol.
319 2927 452 2992 aristoph.
471 2927 505 2978 ad
522 2928 602 2992 Vesp.
621 2927 687 2980 att:
715 2927 745 2978 ot
781 2941 855 2990 eam,
882 2941 915 2978 an
939 2927 1014 2978 lurtis
1031 2929 1221 2992 rapinisque‘t»
1251 2929 1307 2978 lam

216 2999 372 3066 νοσοῦντες
399 2998 490 3062 χυλὸν
518 2999 658 3068 πτισάνης
691 2997 744 3072 (io-
781 3016 843 3054 eum
861 3002 983 3054 eiusdem
999 3004 1106 3066 generis
1122 3003 1176 3055 sint
1192 3002 1259 3053 turta
1281 3005 1309 3054 et

215 3073 336 3139 φοῦσιν.
370 3077 411 3128 Ad
424 3077 537 3130 termam
550 3077 743 3130 deminutivum
780 3078 902 3142 rapinae,
921 3079 1007 3141 aptior
1024 3077 1086 3127 huic
1102 3076 1120 3127 l.
1137 3078 1245 3128 videtur
1259 3091 1308 3128 eo-

213 3153 385 3215 ptireneriren
415 3153 463 3204 cir.
482 3153 694 3204 Mnesimachum
716 3155 743 3204 in
779 3151 896 3218 pulative
913 3149 1042 3216 particula
1059 3165 1121 3214 que,
1149 3165 1230 3216 quam
1251 3153 1308 3203 dis-

216 3227 339 3277 tleinelrii
351 3225 391 3276 Fr.
405 3226 481 3277 Com.
492 3228 535 3277 lll.
548 3241 576 3292 p.
590 3229 655 3278 568:
673 3224 743 3290 τοὺς
780 3228 895 3277 iunctiva
912 3239 949 3277 ee.
987 3227 1056 3276 Furti
1079 3229 1170 3277 entem
1188 3229 1215 3276 et
1235 3226 1308 3290 rapi-

214 3300 270 3368 μὲν
296 3299 380 3363 ἰχθῦς
403 3317 456 3366 μοι
480 3299 563 3354 κάλει
582 3296 741 3364 ’ἰχθύδιον
780 3316 830 3353 nae
848 3313 944 3352 avarus
961 3302 1044 3351 iratus
1057 3302 1130 3365 (sane
1142 3301 1207 3352 καθ’
1220 3295 1308 3372 ὑπερ-

215 3369 298 3440 ὅψον
314 3373 338 3425 δ’
356 3370 394 3426 ἂν
417 3375 501 3450 λέγῃς
524 3369 635 3449 ἕτερον,
661 3375 743 3430 κάλει
780 3373 883 3442 βολήν)
896 3374 1030 3427 insimulet
1042 3389 1095 3426 non
1110 3376 1237 3438 heredes,
1258 3377 1307 3428 sed

213 3445 363 3521 Ὀψάριον.
399 3452 475 3503 idem
491 3455 566 3504 loeus
580 3454 743 3520 hiequoque
780 3453 975 3510 mercatorem,
1010 3452 1055 3515 qui
1088 3463 1198 3514 oryzam
1227 3451 1309 3502 nimio

215 3523 327 3576 obtinet.
363 3524 489 3576 Consulto
506 3528 578 3579 enim
595 3529 678 3579 utitur
694 3529 743 3580 de·
779 3526 893 3587 vendat,
911 3529 939 3576 et
950 3525 1100 3588 medicum,
1114 3527 1159 3591 qui
1177 3529 1233 3577 tam
1245 3539 1307 3576 cara

215 3601 345 3650 minutivo
352 3600 535 3664 ptisanariurn,
548 3616 582 3654 ne
594 3603 672 3654 nimis
683 3617 744 3668 per-
780 3601 976 3652 medieamente
994 3600 1168 3665 praescribat.

215 3674 367 3726 terrelaoiat
402 3688 513 3726 avarum
548 3679 741 3740 aegrotantem.
812 3675 934 3726 tes-tet.
968 3677 1090 3738 Quietem
1114 3674 1177 3738 eet]
1202 3673 1308 3726 tlinutts

215 3751 301 3812 Oryzn
319 3751 411 3800 autem
428 3753 491 3800 tunc
508 3751 628 3802 nendum
646 3753 672 3803 in
690 3754 742 3803 lte-
780 3749 829 3802 illis
863 3750 1013 3800 Stoicorum
1050 3747 1308 3812 interrogatiunculis

214 3822 248 3874 lin
266 3821 417 3885 colebatur,
436 3824 486 3875 sed
503 3828 668 3890 exlegypto
685 3825 743 3890 ple·
780 3839 873 3878 rursus
901 3825 983 3876 utitur
1007 3824 1154 3875 Stertinius.
1193 3824 1307 3873 llatioci-

213 3911 330 3962 rumqne
348 3898 382 3948 nd
399 3911 463 3950 usus
484 3900 605 3952 medices
622 3901 743 3952 advehe-
780 3902 851 3952 natio
869 3901 937 3950 hese
954 3901 1008 3951 est:
1039 3899 1159 3960 «Omnis,
1186 3899 1231 3963 qui
1255 3911 1308 3950 nen

214 3973 302 4024 batur.
338 3972 744 4026 lntereeelimentaenumera-
781 3979 822 4028 est
838 3975 948 4036 stultus,
970 3987 1061 4026 sanus.
1096 3977 1199 4026 Avarus
1216 3977 1307 4026 autern

214 4047 414 4111 euinceret,
432 4051 485 4110 tlt,
504 4064 574 4115 quae
592 4051 741 4103 bonienoei
781 4065 832 4102 nen
856 4049 951 4102 stultus
979 4048 1078 4111 solum,
1106 4062 1200 4100 verum
1226 4051 1306 4101 etiam

214 4128 284 4176 eunt.
307 4153 334 4162 -
355 4126 449 4188 ονοοιί
465 4131 562 4188 ereptae
579 4127 641 4192 eet]
662 4129 742 4178 Recte
780 4127 897 4178 insanus.
932 4126 988 4175 Nee
1005 4126 1095 4175 tamen
1113 4139 1144 4175 ex
1163 4137 1211 4186 ee,
1234 4125 1307 4189 quod

214 4205 312 4262 ereptae
328 4199 364 4251 ad
382 4213 492 4264 oryzam
517 4200 645 4262 retertur,
673 4215 743 4267 quae
780 4202 840 4265 quis
858 4215 911 4251 nen
928 4201 962 4251 sit
978 4212 1089 4261 avarus,
1108 4200 1234 4251 continuo
1249 4199 1307 4250 ool-

214 4275 329 4326 emende
352 4278 442 4328 erata
462 4273 584 4341 propola,
613 4289 665 4328 non
689 4291 744 4329 σοι·
780 4276 824 4340 ligi
841 4277 930 4340 potest
947 4288 1009 4326 enrn
1027 4288 1124 4326 sanum
1141 4277 1222 4339 atque
1238 4275 1308 4325 inte-

211 4355 298 4412 ntum,
316 4353 346 4402 ut
356 4349 463 4404 volebat
475 4351 693 4416 cuninghemius
707 4353 742 4404 ad
779 4365 842 4416 gree
860 4351 958 4403 mentis
975 4363 1045 4404 esse.
1080 4350 1143 4404 Aliis
1155 4351 1227 4402 enim
1238 4350 1308 4400 vttlls
