3090 4974
598 420 659 470 Aes
679 418 824 470 Pontici.

213 577 253 644 Ut
274 573 350 641 nihil
373 575 514 651 intersit,
537 573 689 642 Davusne
710 573 863 662 loquatur
884 583 916 641 et
938 573 1044 640 nuder

213 695 345 787 Pythias
367 705 518 764 emuncto
539 695 662 764 lucrata
685 695 816 763 Simone
839 694 1007 772 talentum,

213 820 261 885 An
283 827 393 886 custos
415 815 620 906 famulusque
642 817 694 884 dci
719 815 846 884 Silenus
869 816 999 884 eiumni.

213 941 259 1006 Ex
282 948 358 1007 noto
380 937 491 1007 fictum
513 959 645 1006 carmen
667 957 800 1026 sequar,
824 949 860 1009 ut
881 938 944 1006 sibi
966 939 1072 1026 quivis
1198 941 1260 1006 sto

205 1131 244 1192 (itt
260 1141 323 1188 nos,
342 1129 381 1191 Β.)
402 1156 429 1164 -
447 1127 508 1210 240..
526 1141 629 1178 cannen
644 1130 731 1192 pictum
747 1141 774 1192 p.
796 1156 822 1166 -
843 1129 886 1191 put
902 1130 940 1178 ote
956 1130 989 1192 ii,
1008 1131 1141 1192 pauperum
1157 1130 1185 1179 T.

171 1299 273 1349 starum
291 1296 452 1348 teminorum
470 1307 570 1346 nomeu
587 1297 646 1347 erat
663 1295 695 1358 (v.
735 1309 812 1360 pnrn.
832 1293 886 1347 Eci.
903 1295 948 1358 to,
968 1296 1014 1346 st:
1043 1296 1109 1360 Quin
1124 1301 1150 1347 et
1164 1296 1262 1348 Siuuer

170 1374 245 1438 Diog.
263 1373 291 1422 L.
310 1373 340 1432 o,
356 1371 397 1422 5³.
417 1372 445 1420 et
461 1369 593 1421 Stobaens
610 1367 695 1420 Florii.
733 1383 843 1434 portuen
858 1375 991 1422 σοισνσιιιι
1002 1371 1133 1421 domnum
1143 1371 1192 1422 Aut
1200 1385 1261 1436 pre-

171 1446 199 1498 st
210 1485 216 1510 ‚
228 1445 278 1510 8.),
300 1445 370 1511 apud
388 1445 578 1496 Phoenicidem
595 1447 641 1494 aut
658 1443 697 1494 ie·
733 1449 784 1497 mio
794 1447 861 1510 fouet
872 1448 918 1496 otti
928 1447 1061 1510 rccipiunt
1071 1448 1174 1498 escinei
1184 1447 1258 1499 utun

171 1535 222 1573 nae
239 1523 287 1571 aut
296 1520 446 1572 meretricis
457 1532 556 1570 nomeu
567 1518 648 1570 tuisse
660 1520 699 1569 vt·
766 1519 889 1572 erosit.
907 1521 951 1572 Ee
960 1525 1019 1571 noto
1028 1521 1091 1585 cet]
1102 1520 1176 1572 idem
1185 1533 1261 1586 pron

171 1597 274 1648 daur.»
293 1595 439 1648 Meretricis
458 1595 523 1645 item
540 1606 639 1644 nomen
656 1594 698 1643 est
734 1609 780 1648 sus
797 1599 839 1648 est
856 1609 888 1648 ac
900 1609 925 1646 v.
939 1595 997 1648 sto.
1014 1597 1043 1648 de
1056 1597 1259 1661 mediomuptte.

171 1669 242 1736 apud
267 1668 431 1722 Simonidem
451 1666 557 1720 Antinoi.
576 1667 656 1719 Pelet.
675 1669 695 1717 i.
733 1672 799 1722 'rote
815 1672 906 1722 numm
917 1671 1112 1722 sententiarum
1123 1671 1208 1722 series
1218 1673 1261 1724 in·

170 1759 197 1810 p.
217 1745 273 1796 ⁴28.
296 1746 323 1796 et
344 1743 416 1808 apud
438 1743 610 1808 Posidippum
630 1741 695 1793 ibid.
733 1748 775 1797 ter
803 1745 993 1810 praecedentia
1015 1747 1043 1796 et
1067 1745 1205 1808 sequeutia
1224 1748 1259 1808 (v.

169 1832 197 1884 p.
211 1818 268 1872 irc.
284 1846 311 1856 -
330 1819 453 1880 annuncio]
466 1816 596 1868 Caecilius
607 1830 635 1881 p.
648 1817 694 1866 ii:
733 1818 801 1883 444.)
828 1833 876 1870 uos
898 1821 964 1871 haec
986 1832 1094 1884 quoque
1116 1819 1151 1872 de
1169 1818 1261 1872 ciocu-

170 1894 249 1946 Hodte
264 1907 304 1944 me
319 1898 378 1944 cote
394 1905 478 1944 οιιιιιιε
493 1893 600 1944 comicos
610 1891 697 1942 stultos
733 1897 805 1946 tione
822 1895 879 1945 sive
897 1893 971 1954 sitio,
990 1907 1043 1944 uon
1055 1894 1089 1945 de
1101 1897 1260 1958 argumento

170 1967 237 2020 ιιιῐιι
257 1969 372 2020 Vorrort'r
388 1972 463 2030 atquc
479 1967 623 2018 muriceis
638 1967 697 2016 toc-
734 1970 862 2022 dramatis
878 1969 987 2032 satyrici
1001 1969 1167 2033 interpretari
1180 1971 1259 2033 cogit,

170 2044 280 2096 uum
303 2042 350 2094 uhi
367 2040 523 2106 Spengeiius
546 2039 623 2090 atteri
639 2041 697 2091 iiie·
733 2046 763 2095 ut
787 2043 937 2102 rectissime
959 2043 1084 2093 viderunt
1100 2043 1179 2094 Vicus
1197 2045 1260 2106 (etsi

171 2117 264 2170 nandri
286 2119 321 2169 ti.
342 2129 369 2180 p.
390 2117 451 2166 tos:
477 2117 568 2186 γέρων
587 2108 697 2180 &ega-
734 2121 797 2170 uoto
820 2118 999 2181 antiquiorum
1022 2117 1199 2182 interpretum
1216 2132 1262 2169 er-

169 2195 253 2260 uoee'
270 2184 373 2253 ἅθλιος
390 2188 512 2256 λέμφος.
530 2191 584 2241 Nos
601 2189 697 2241 cirso-
719 2193 789 2248 *rori
799 2191 930 2243 obnoxius
941 2191 1010 2244 haec
1021 2192 1168 2242 annotavit:
1187 2194 1260 2244 «Non

166 2269 248 2332 pseu.
260 2265 345 2318 Piuut.
358 2265 455 2316 Bacch.
466 2264 491 2326 4,
501 2263 528 2326 4,
538 2265 584 2315 tc:
596 2265 696 2315 Εσιιιιι·
733 2267 777 2318 hic
794 2267 848 2330 agit
864 2265 987 2317 Horatius
1000 2264 1033 2316 de
1045 2269 1203 2330 argumento
1215 2279 1260 2318 sa-

169 2355 230 2407 σιισι
257 2340 337 2392 tercie
364 2340 487 2391 maiorm
511 2339 590 2402 prote
614 2340 694 2390 tude.
735 2346 810 2406 tyrae
827 2338 1047 2406 (ric)deiigendo‚
1066 2341 1115 2392 sed
1133 2341 1167 2392 de
1184 2343 1260 2405 saty-

170 2417 275 2468 Terent.
296 2415 403 2466 Phorm.
425 2413 454 2476 4,
475 2412 504 2474 4,
524 2416 552 2464 t:
580 2415 694 2466 sotumi
733 2417 781 2468 rici
803 2415 854 2468 sitii
875 2413 1029 2468 difficultate
1047 2417 1138 2480 ceto),
1165 2418 1259 2481 posteo

169 2495 275 2554 σνσιιιω
295 2503 371 2540 teus.
393 2517 420 2526 -
441 2490 697 2554 comissantesque
733 2491 858 2544 Wieiand
879 2493 918 2543 sic
938 2493 965 2543 iu
983 2492 1171 2542 Germanicum
1193 2504 1260 2542 con·

169 2565 320 2616 detSitenm
335 2565 441 2626 σιινιιιιι]
459 2564 591 2616 Diodorus
607 2567 658 2618 Sic.
669 2564 694 2628 4,
734 2570 858 2618 uertens:
891 2565 942 2616 Αιιι
966 2565 1049 2616 tuoto
1072 2566 1260 2626 jedarmnuu

170 2639 197 2692 t:
219 2640 296 2702 φασι
316 2637 348 2690 δὲ
368 2639 419 2690 καὶ
441 2636 624 2706 παιδαγωγὸν
646 2640 695 2690 καὶ
734 2642 908 2693 brinnaico
927 2640 1045 2690 Wo'rtem
1060 2639 1137 2690 woltt'
1153 2641 1193 2690 icit
1208 2640 1260 2690 mir

169 2716 281 2786 τροφέα
288 2713 466 2767 συνέπεσθαι
473 2710 697 2786 κατὰτὰςσιρσ-
733 2717 787 2766 otte
802 2728 883 2764 neue
893 2714 1029 2776 Sprocte
1040 2713 1120 2764 biideo
1131 2715 1184 2764 cet.
1199 2714 1257 2778 (nisi

169 2791 247 2854 setar
269 2783 348 2857 αὐτῷ
371 2785 524 2855 (Διονύσῳ)
548 2785 694 2854 Σειληνόν,
733 2789 806 2853 quod
826 2787 916 2839 verbis
936 2800 1028 2838 ιιονιιιιι
1049 2787 1163 2850 dupuum
1181 2788 1259 2839 nimis

170 2859 327 2932 εἰσηγητὴν
350 2863 400 2916 καὶ
423 2859 598 2914 διδάσκαλον
615 2859 696 2929 yenit·
733 2862 809 2913 verbi
825 2865 911 2926 fiction
928 2863 1089 2926 potestatem
1100 2861 1190 2924 auxit),
1209 2860 1259 2912 de·

168 2954 258 3005 μενον
283 2936 340 2991 τῶν
364 2937 525 2992 καλλίστων
548 2935 696 3003 ἐπιτηδεν-
734 2937 813 3001 nique
836 2938 961 2988 Ditntzer.
989 2936 1035 2987 Est
1057 2937 1150 2999 igitur:
1178 2937 1259 2988 «Stu-

168 3010 278 3080 μάτων,
290 3015 341 3066 καὶ
351 3009 464 3081 μεγάλα
474 3009 697 3079 συμβάλλεσθαι
733 3010 822 3072 doto,
837 3013 867 3062 ut
876 3016 935 3062 octo
946 3012 1026 3074 atque
1039 3009 1193 3074 quotidiano
1204 3021 1260 3061 ser-

169 3087 209 3156 ιῷ
231 3085 364 3156 Διονύσῳ
386 3083 459 3160 πρὸς
476 3083 581 3159 ἀρετήν
598 3102 629 3139 τε
645 3088 696 3140 καὶ
733 3099 829 3148 mone,
856 3087 928 3138 omui
955 3083 1112 3137 elocutionis
1137 3083 1258 3137 insolitae

169 3160 267 3229 δόξαν.
285 3164 383 3216 Bacchi
393 3162 564 3229 paedagogum
581 3165 609 3214 et
624 3165 697 3228 poet·
733 3165 813 3225 etque
825 3161 941 3224 tragicae
953 3159 1120 3211 attentatione
1132 3159 1257 3221 devitata,

170 3253 202 3292 eu
226 3241 373 3305 perpetuus
398 3251 505 3300 comes,
533 3239 601 3289 mire
627 3239 696 3290 min·
732 3239 793 3287 utar
810 3237 835 3286 in
853 3235 970 3298 satyrice
987 3233 1075 3286 tabule
1092 3247 1258 3300 componen-

170 3317 212 3365 tus
229 3326 263 3365 en
279 3313 409 3365 ebrietate
427 3315 455 3365 et
472 3313 602 3378 sapientie
619 3314 695 3365 ioco-
733 3310 794 3362 da.»
821 3311 877 3362 iioc
894 3310 977 3372 euim,
997 3308 1060 3361 nihii
1072 3307 1159 3369 edud,
1178 3311 1258 3374 estit-

169 3401 213 3449 ea,
232 3383 316 3458 εἴρων
327 3387 445 3450 divinus,
458 3399 540 3451 quern
552 3390 695 3452 propterea
731 3391 812 3447 ctum,
832 3397 914 3436 «oum
931 3387 988 3435 erte
1001 3385 1210 3450 compostum,-
1228 3384 1258 3435 ut

170 3475 223 3514 non
248 3462 326 3514 decet
347 3461 420 3526 ioqui
440 3461 539 3514 eodem
555 3461 637 3513 modo
654 3465 696 3513 at-
732 3473 814 3526 seepe
831 3459 903 3524 apud
917 3457 1113 3521 Quintilianum.
1134 3457 1257 3522 (consule

169 3549 222 3600 quc
234 3536 371 3590 servulum
382 3538 531 3597 comicum3
546 3537 695 3590 cuiusmodi
732 3535 814 3588 modo
823 3534 923 3588 Bouelli
932 3535 1066 3597 Lenicon.)
1081 3533 1157 3595 Quod
1169 3535 1257 3598 ipsum

169 3614 259 3662 tomen
285 3624 410 3664 sermone
431 3611 524 3664 humili
549 3613 575 3662 et
597 3613 694 3676 agresti
731 3611 846 3664 verbum
863 3623 925 3662 cum
942 3611 1031 3661 miuus
1043 3612 1116 3660 recte
1128 3605 1257 3672 intellige-

170 3686 251 3736 utitur
264 3685 368 3737 Silenus
379 3687 451 3751 apud
462 3688 591 3738 Naevium
603 3687 694 3750 (Bothe
732 3688 805 3748 rent,
837 3684 958 3750 plerique
987 3685 1151 3748 interpretati
1179 3686 1255 3734 sunt:

170 3760 693 3824 Fragmcompea.Kiussm.p.489.)‚
733 3763 832 3813 ulitiam
857 3761 885 3811 iu
910 3757 999 3810 tabula
1024 3759 1152 3822 satyrica,
1179 3761 1208 3808 nt
1231 3759 1258 3808 iu

169 3847 232 3886 cum
249 3837 401 3899 Lycurgum
413 3835 543 3886 Thracem
561 3836 597 3886 ite
610 3837 695 3888 inere-
731 3835 866 3901 tragoedia
881 3835 914 3899 (v.
928 3834 976 3885 ine
988 3835 1054 3899 eqd,
1072 3831 1195 3884 tractabo
1210 3845 1257 3896 po·

169 3911 231 3975 pat:
257 3910 421 3960 remmon
446 3910 565 3972 ρσιιιιιιι,
591 3911 692 3972 mccc,
732 3914 784 3963 tius
800 3911 989 3975 argumentum
1010 3907 1135 3960 omnibus
1152 3907 1254 3966 uotum,

168 3997 261 4048 ponec,
279 3984 364 4046 hirco,
388 3983 457 4036 cieo!
483 3982 694 4036 emcneutmum
730 3985 774 4036 vel
790 3988 879 4050 ipsum
891 3983 1051 4049 cyclopem.
1070 3984 1106 4032 itu
1118 3983 1217 4040 muron,
1228 3981 1258 4030 ut

169 4057 248 4109 Sileni
265 4059 394 4110 iniantem
409 4058 548 4111 alumnum
565 4058 633 4112 uiuis
651 4072 695 4124 ge-
731 4060 824 4111 drama
836 4061 901 4112 seito
913 4059 1068 4121 mutatione,
1081 4057 1156 4108 novis
1169 4048 1257 4122 ἤθεσι

169 4133 263 4185 euntis
286 4132 460 4186 simulacrum
479 4134 541 4186 vide
562 4135 589 4186 in
609 4136 696 4186 iiteao
731 4135 781 4186 καὶ
797 4131 925 4200 γνώμαις
934 4136 1021 4197 fictum
1033 4133 1078 4194 sit,
1097 4131 1185 4194 idest,
1199 4143 1256 4182 nie·

170 4207 383 4262 citioromoetiii.
397 4209 528 4262 Teb.xii.
542 4209 614 4261 etei.
628 4212 695 4262 Ger·
732 4223 791 4271 nm,
819 4221 872 4261 non
893 4221 969 4258 mera
991 4206 1187 4272 interpretatio,
1215 4205 1257 4269 (ut

169 4282 236 4335 hard
254 4283 348 4348 Cmtper
364 4299 405 4349 gr.
422 4289 447 4337 ei
463 4290 510 4338 etr.
529 4299 555 4351 p.
568 4285 608 4338 27.
633 4285 694 4338 Cei·
732 4287 762 4347 Q.
776 4285 912 4337 ciceronis
922 4282 1000 4346 iliae)
1019 4296 1072 4335 non
1083 4280 1186 4334 seruilis
1198 4281 1256 4332 imi·
