3090 4974
357 434 418 499 7418
743 465 746 470 -
842 433 969 484 nostru

398 591 530 659 Publica
553 591 703 656 materies
726 590 840 676 privati
863 589 941 652 iuris
963 588 1037 682 erit,
1062 588 1089 654 si

398 717 467 778 Non
489 713 575 780 circa
597 712 692 778 vilem
714 709 925 798 patulumque
950 709 1129 777 moraberis
1151 707 1275 782 orbem,

399 837 465 901 Nec
486 833 587 902 verbo
610 834 745 902 verbum
768 832 898 899 curabis
921 831 1060 900 reddere
1082 830 1167 898 fidus

422 1014 478 1064 434.
492 1013 556 1077 Nori]
574 1013 625 1063 Nec
642 1025 703 1062 cum
720 1010 788 1063 Aldu
805 1011 879 1062 45044.
899 1014 925 1062 44
942 1011 1016 1061 teis.
1034 1011 1096 1060 LCt.
1112 1035 1140 1046 -
1156 1009 1212 1060 433.
1225 1009 1400 1060 verbovel-bimi

389 1090 498 1148 ubere,
516 1087 599 1154 βγζι,
613 1087 696 1138 codd.
711 1086 874 1136 ticcbederi:
892 1085 995 1135 uerbum
1005 1085 1079 1134 cerdo
1090 1084 1219 1134 suctum
1230 1086 1257 1134 44
1268 1082 1399 1134 4444444444

357 1229 1077 1319 ipnoluiadtctuqueluatemetrpsom33:1dd
1102 1229 1249 1298 ἐγκώμιον
1272 1228 1329 1280 τῶι
1353 1224 1427 1300 ἔργων

357 1315 436 1362 venta
449 1315 476 1362 et
486 1325 502 1360 4
514 1309 584 1360 nullo
596 1313 657 1360 4444
670 1313 696 1360 te
706 1311 842 1359 tractata.»
919 1306 1012 1358 44444·
1031 1301 1068 1358 τοὶ
1083 1306 1115 1358 δὲ
1131 1304 1227 1373 κύκλῳ
1246 1306 1305 1368 (loci
1323 1317 1428 1356 44444444-

390 1387 446 1436 434.
470 1386 526 1436 434.
558 1385 660 1434 Publica
680 1385 796 1434 44444444
819 1384 881 1447 444,]
920 1385 976 1446 444)
995 1385 1036 1446 οἱς
1053 1387 1162 1444 πίστιν,
1181 1355 1427 1450 444νεῦ444444ιώ

357 1464 394 1510 lta
412 1461 480 1510 haec
497 1461 640 1509 nectuntur
655 1471 716 1508 cum
734 1457 881 1522 prioribus:
920 1456 1043 1510 παιδεία.
1062 1460 1100 1510 Cl.
1115 1459 1179 1510 ibid.
1190 1460 1216 1519 3,
1217 1457 1267 1520 ·44,
1279 1459 1324 1508 tu:
1343 1455 1430 1507 44444

358 1535 440 1596 «Sed,
469 1534 555 1592 dices,
583 1532 629 1582 ubi
649 1533 780 1582 eiusmodi
802 1545 883 1596 argu·
919 1531 966 1584 λοι
990 1529 1026 1584 οὐ
1050 1529 1086 1584 τὰ
1108 1530 1278 1604 ἐρωτώμενα
1303 1532 1428 1598 λέγουσιν,

357 1611 446 1660 menta
467 1607 620 1666 Homerica,
646 1607 724 1656 nimis
741 1607 793 1657 iam
811 1609 881 1666 trita,
919 1604 993 1659 ἀλλὰ
1010 1603 1047 1659 τὰ
1063 1606 1173 1674 κύκλῳ,
1193 1609 1219 1657 id
1237 1612 1323 1668 444,·
1312 1619 1372 1670 «per
1386 1619 1430 1654 am

356 1682 543 1744 tractabimus,
557 1680 705 1746 periculum
718 1685 771 1740 est,
792 1694 824 1730 ne
837 1681 884 1730 de-
918 1683 1002 1747 bages
1026 1682 1196 1747 loquuntur.»
1184 1683 1342 1731 »Primum
1366 1681 1429 1742 igitur

357 1759 502 1822 spiciamur
522 1769 554 1806 44
577 1755 815 1819 reprehendamur.
845 1757 881 1806 Tu
919 1759 1012 1808 vitium
1035 1761 1089 1818 444,
1113 1771 1175 1807 curn
1198 1758 1256 1806 sine
1274 1757 1430 1806 successuri

357 1837 449 1884 444444
468 1832 506 1882 444
523 1831 636 1881 habeto»
654 1833 705 1880 cet.
729 1827 795 1880 44444
813 1830 883 1880 hanc
920 1833 991 1882 exitu
1009 1845 1092 1896 saepe
1110 1833 1288 1882 immorantur
1300 1833 1326 1880 in
1337 1833 1430 1880 senten·

354 1907 482 1970 publicam
501 1907 633 1956 materiem
655 1903 771 1955 nunnulli
789 1905 883 1954 conlu-
921 1909 962 1958 tiis
983 1909 1011 1957 44
1030 1908 1218 1976 περιπετείαις
1238 1905 1330 1955 edibus
1354 1903 1430 1966 (nimis

357 1983 454 2032 derunt
465 1993 526 2031 cum
539 1981 708 2030 444444444444
718 1979 768 2030 44444
776 1981 881 2040 ulid„
921 1982 1091 2046 vulgaribus).
1126 1983 1242 2030 Putulum
1263 1983 1353 2030 autem
1374 1980 1430 2028 bunc

357 2069 419 2107 cum
441 2058 475 2106 444
494 2057 615 2106 44444444
634 2055 710 2118 copia
727 2051 830 2119 μύθων
847 2055 882 2104 ab
920 2057 1015 2108 orbern
1028 2059 1106 2108 vocat
1117 2059 1269 2121 propterea,
1285 2055 1357 2119 quod
1368 2053 1432 2102 4444444

357 2132 440 2196 epicis
465 2133 493 2181 et
516 2130 620 2192 tragicis
643 2132 817 2178 tractatorum
840 2127 882 2178 444
920 2133 977 2192 444,
1002 2133 1083 2182 etiam
1101 2143 1232 2196 perquam
1255 2127 1430 2180 mediocribus.

357 2208 510 2256 etiamnunc
530 2203 602 2268 apud
625 2201 827 2274 λογογράφους
844 2203 883 2252 la·
921 2208 1006 2270 potitis
1023 2206 1144 2256 introitus
1161 2206 1187 2254 in
1205 2218 1269 2254 eum
1283 2209 1369 2267 putem
1385 2203 1431 2252 sine

358 2281 484 2336 lentium,
503 2278 600 2340 quibus
618 2278 714 2341 cuique
726 2281 821 2340 po'e'lae
834 2277 883 2328 de·
920 2283 1047 2344 imagine,
1067 2280 1139 2342 quod
1151 2279 1214 2329 444444
1228 2280 1289 2328 4444
1303 2291 1386 2342 neque
1397 2289 1432 2325 44-

358 2367 410 2402 nuo
428 2353 466 2401 uli
483 2350 551 2401 licet.
578 2353 679 2401 Verum
700 2351 806 2402 laudam
825 2365 883 2402 mc·
920 2357 1008 2420 quisili
1028 2355 1093 2406 tales
1106 2357 1269 2404 Graecorum
1288 2355 1432 2404 imitationes

358 2427 460 2477 rebitur
477 2428 539 2475 tunc
558 2425 756 2485 tantummodo,
782 2427 805 2476 si
822 2439 882 2476 eam
921 2443 985 2494 pree
1003 2443 1033 2479 se
1051 2429 1147 2479 lerunt.
1171 2429 1285 2492 (Patulus
1303 2429 1373 2478 idem
1388 2425 1431 2476 4444

357 2501 453 2566 privati
474 2503 553 2563 atque
576 2501 618 2550 sui
641 2501 704 2550 iuris
722 2500 828 2560 4444444,
856 2501 882 2550 id
921 2507 974 2564 444,
995 2503 1068 2567 quud
1081 2501 1247 2560 4444444447,
1260 2500 1301 2552 44.
1316 2503 1433 2552 vocatae

358 2580 413 2638 est,
432 2577 454 2626 44
472 2587 556 2625 44444
574 2575 624 2624 4444
635 2575 660 2624 44
673 2575 828 2624 oeconomia
841 2577 883 2624 to-
916 2580 1027 2641 poritum
1043 2577 1199 2641 4444444444.)
1216 2577 1336 2637 «cerepi
1353 2575 1431 2638 4444444.

358 2653 410 2702 4444
438 2647 557 2708 tabulae,
586 2650 611 2698 in
637 2641 739 2713 ἤθεσι,
766 2646 881 2706 πάθεσι,
920 2667 971 2704 444
986 2655 1071 2717 prima
1083 2665 1222 2717 quaeque,
1241 2653 1357 2703 maxime
1369 2649 1432 2700 obiit

356 2720 475 2794 ῥήοεοι,
491 2719 627 2789 γνώμαις.
650 2725 715 2774 Rem
730 2723 881 2788 exemplum
920 2733 948 2779 el
964 2742 1034 2792 quae
1052 2729 1104 2777 44444
1122 2725 1269 2778 4444444444
1291 2725 1431 2790 coeperunt.

357 2800 513 2852 declarabit.
548 2798 669 2850 Electrae
695 2803 882 2868 argumentum
920 2803 1019 2866 uolgari
1037 2801 1117 2852 modo
1135 2803 1248 2860 tractes,
1272 2801 1321 2852 sed
1339 2813 1369 2851 ea
1385 2797 1432 2848 dili·

357 2879 415 2927 erat
427 2873 533 2940 publica
544 2875 683 2932 materies;
697 2875 737 2924 sui
750 2875 882 2924 iurieeam
920 2881 1014 2941 genter
1031 2877 1157 2940 investiga
1176 2881 1204 2926 et
1219 2877 1355 2940 exprime,
1376 2883 1432 2937 44444

358 2953 412 3000 tres
437 2949 560 2999 44444444
581 2952 691 3013 poetae,
718 2947 882 3010 Aeschylus,
920 2956 946 3005 in
964 2964 1154 3018 personarum,
1174 2965 1242 3014 quas
1259 2952 1433 3015 nobisprupo·

357 3022 516 3089 Sophocles,
541 3023 693 3087 Euripides,
718 3035 882 3086 quamquam
920 3030 974 3088 nis,
994 3027 1114 3078 moribus
1131 3029 1212 3090 atque
1230 3025 1369 3076 affectibus
1383 3022 1433 3072 4444

358 3101 402 3150 bic
413 3111 475 3149 cum
487 3099 589 3148 minure
602 3110 743 3158 successu,
763 3110 844 3148 scena
856 3099 883 3148 44
922 3103 1005 3166 magis
1022 3101 1159 3152 recondita
1178 3104 1206 3152 et
1227 3113 1309 3160 nova,
1337 3103 1365 3149 ut
1381 3109 1432 3162 pro·

350 3186 404 3224 -rus
422 3171 547 3222 translata
565 3176 645 3235 atque
657 3171 765 3221 inducto
778 3170 882 3232 444444,
921 3178 1005 3242 priam
1022 3188 1055 3226 ac
1071 3189 1136 3226 4444
1154 3187 1251 3226 novam
1269 3176 1295 3224 in
1313 3177 1339 3224 44
1357 3175 1432 3223 44444

356 3248 444 3313 probo
456 3245 500 3298 illu
511 3247 621 3310 quidem
633 3249 659 3296 el
671 3249 759 3306 44444,
778 3246 829 3297 sed
840 3259 884 3296 ar·
920 3253 1021 3302 tionem
1033 3263 1093 3301 esse
1105 3249 1175 3300 ultro
1183 3261 1384 3313 agnoseamusn
1395 3243 1432 3296 444

361 3323 480 3386 gumenli
495 3321 612 3384 dignitati
625 3333 690 3370 sanc
704 3321 794 3372 minus
811 3324 882 3386 apto.
921 3327 1008 3376 minus
1017 3327 1091 3375 recte
1103 3323 1397 3388 interpretantururbem
1406 3319 1432 3368 de

364 3423 392 3434 -
410 3398 505 3446 sibim
520 3397 590 3446 circa
606 3396 668 3457 444,]
690 3397 746 3444 lam
768 3397 816 3446 trie
835 3409 884 3460 po·
922 3397 998 3463 cyclo
1016 3399 1092 3462 epico
1109 3396 1152 3448 444
1170 3399 1204 3448 de
1222 3399 1295 3448 circo
1314 3399 1365 3448 cet.

361 3471 493 3522 tissimum
510 3470 571 3519 vitia
592 3474 744 3531 enumerat,
769 3472 796 3520 in
814 3483 883 3534 quae
955 3473 1075 3524 raa-tat.
1102 3473 1154 3522 Nec
1176 3472 1237 3536 444,]
1260 3473 1316 3522 Cic.
1337 3471 1371 3522 de
1387 3469 1431 3530 opt.

361 3545 520 3610 plerumque
532 3543 649 3594 incidant
660 3545 749 3608 tragici
764 3545 882 3595 Romani.
921 3561 981 3612 gen.
993 3561 1032 3598 or.
1042 3549 1067 3606 5,
1078 3546 1121 3598 44;
1140 3547 1197 3597 Noa
1209 3547 1321 3597 44444444
1332 3541 1433 3608 44444444

359 3647 388 3658 -
414 3621 489 3669 uilem
510 3619 804 3684 patulumque-orbem]
827 3621 884 3670 4444
921 3625 962 3674 nis
974 3624 1001 3673 44
1011 3621 1201 3673 Demosthenis
1213 3619 1432 3682 orationeslutir-

358 3708 466 3758 quoque
484 3693 581 3744 Graeco
597 3693 665 3756 44444
681 3695 780 3754 cecidit,
800 3697 884 3742 utor-
921 3705 1027 3761 impres,
1045 3699 1087 3748 444
1102 3703 1131 3747 ui
1147 3703 1251 3758 orator,
1269 3693 1433 3746 4444444444

358 3771 411 3820 bern
436 3771 475 3819 sic
499 3766 655 3832 simpliciter
677 3769 788 3817 4444444
809 3765 884 3819 44444
920 3775 976 3824 dem
992 3779 1015 3823 et
1031 3785 1120 3822 eurum
1135 3773 1225 3834 44444444
1241 3769 1430 3832 temperatio*

359 3855 516 3894 communes
529 3845 556 3892 et
567 3841 601 3892 ab
613 3840 738 3892 omnibus
753 3842 808 3892 tere
821 3855 884 3905 pcr-
920 3849 969 3908 rie,
986 3847 1068 3897 444444
1078 3847 1113 3896 ud
1123 3853 1237 3896 nmirum
1247 3843 1432 3896 coametudim

361 3920 444 3969 tritus.
463 3916 570 3981 Eupolis
588 3916 659 3982 apud
671 3917 744 3967 Stub
758 3919 786 3967 Τ.
799 3917 882 3978 aba:
921 3921 1002 3984 caplim
1019 3921 1046 3969 44
1061 3919 1324 3982 enumeraverim
1333 3925 1432 3978 precer

359 3991 488 4044 Kclrod
509 3989 885 4059 μὲνὲικύκλῳγεπαύ-
921 3993 1285 4054 boaeceuebebuimddem,
1311 3993 1433 4054 4444444444

359 4084 452 4134 οομαι
474 4064 578 4134 λόγου,
604 4063 709 4138 φράσω
730 4064 762 4118 δέ
784 4082 833 4118 σοι
849 4061 883 4117 τὸ
921 4067 1353 4128 mnnecerbcrmnuimqueeemuei.
1362 4061 1430 4115 acad

360 4137 768 4214 αρᾰγμαδιὰτῶνχωρὶων·
788 4141 885 4192 ubila·
922 4145 946 4204 4,
959 4142 1042 4203 ³,:t0
1059 4141 1169 4204 4444444444,
1181 4143 1312 4204 Pacuuium
1325 4141 1432 4191 44444444·-

360 4231 422 4268 men
439 4217 472 4267 44.
490 4219 650 4270 44444444444
668 4219 708 4268 Fr.
728 4219 803 4268 Com.
819 4219 849 4266 ll.
863 4218 882 4266 4.
920 4215 1074 4276 mnemia,
1095 4217 1138 4265 aed
1159 4216 1211 4265 cim
1227 4216 1431 4266 Grammat-

359 4290 457 4356 44448,
476 4289 807 4344 8444444444444444444444.
822 4291 882 4354 4,9,
919 4296 1062 4354 perarmat
1085 4294 1229 4352 poemiam
1267 4290 1431 4350 Hieronymus
