3130 4966
612 439 672 490 clu.
692 439 710 488 l.
746 439 815 488 ΕΔΤ.
835 438 878 488 lll-
919 487 923 494 .

196 597 352 673 Verbera,
376 617 439 662 non
461 615 593 673 vereor,
617 615 691 662 cum
713 593 803 660 dicas
839 613 913 660 esse
935 612 1032 679 pares
1054 611 1107 658 res

198 723 295 786 Furta
316 719 493 785 latrociniis
515 727 547 785 et
569 718 695 804 magnis
717 736 819 803 parva
841 715 974 780 mineris

197 840 293 908 Falce
316 840 499 908 recisurum
521 838 616 905 simili
639 847 686 916 te,
710 838 738 904 si
761 835 816 904 tibi
839 857 976 923 regnum

196 963 385 1030 Permittant
406 961 565 1028 homines.
611 961 645 1026 Si
668 959 777 1037 dives,
802 959 858 1046 qni
882 959 1012 1045 sapiens
1035 967 1099 1035 est,

197 1084 235 1150 lli
257 1093 349 1150 sutor
370 1083 476 1152 bonus
499 1092 532 1150 et
554 1081 643 1148 solus
667 1082 826 1148 lormosns
850 1089 883 1146 et
905 1089 955 1146 est
977 1099 1057 1162 rex,
1228 1079 1289 1146 l25

198 1205 263 1272 Cur
284 1213 378 1291 optas
400 1201 490 1292 quod
512 1201 638 1269 habes?
659 1204 729 1268 Non
752 1201 850 1278 nosti,
874 1201 953 1289 quid
976 1211 1082 1290 pater,
1109 1202 1223 1290 inquit,

198 1325 400 1415 Chrysippus
421 1324 523 1391 dicat:
546 1324 686 1411 Sapiens
709 1322 860 1411 crepidas
883 1323 944 1390 sibi
967 1344 1133 1412 nunquam

194 1451 262 1516 Neo
284 1445 392 1513 soleas
414 1446 502 1524 lecit,
528 1455 619 1513 sutor
644 1455 751 1511 tamen
773 1456 822 1512 est
844 1445 984 1532 sapiens.
1029 1445 1119 1525 Qui?

196 1569 249 1646 Ut,
272 1567 420 1656 quamvis
443 1577 528 1634 tacet
550 1569 790 1654 Hermogenes
814 1577 927 1633 cantor
947 1557 1175 1656 tamen‘atque

261 1720 319 1770 tas.
340 1721 394 1781 (luo
410 1717 482 1782 hScp
500 1721 527 1768 ei
543 1719 660 1768 Pottierii
678 1715 812 1783 plerique,
832 1719 896 1769 item
913 1717 1010 1780 Aldus,
1029 1719 1091 1770 LCt.
1111 1719 1170 1783 (Qui
1186 1733 1255 1771 unus

231 1793 298 1844 Cod.
316 1791 409 1845 Bland.
429 1797 456 1844 et
472 1793 514 1857 φ.)

195 1925 262 1975 dant
284 1938 328 1973 vv.
352 1929 380 1974 ut
403 1924 509 1984 coedes,
535 1922 613 1987 longe
636 1925 723 1974 minus
760 1922 866 1972 immissi
891 1935 948 1972 alm
968 1921 1074 1985 folcilm
1097 1923 1170 1973 mclii
1188 1937 1288 1989 porpo-

195 2001 221 2048 in
238 1999 270 2048 iis
287 1996 373 2048 lector
387 1997 515 2058 oilendii,
540 2010 622 2061 quam
645 1999 668 2048 si
688 1998 723 2047 ila
760 2003 821 2047 nint
847 2001 871 2047 ol
898 2001 1052 2059 aperuerunt
1079 1997 1161 2047 locum
1189 1999 1286 2061 (dumis

194 2072 440 2136 subsequerentur:
461 2085 561 2134 vereor,
573 2077 603 2122 ui
615 2072 672 2136 (pro
683 2072 721 2134 ne)
761 2071 896 2135 obsitum).
921 2099 948 2108 -
970 2073 1085 2136 regnum]
1111 2073 1210 2137 Arripit
1234 2073 1287 2124 hoc

194 2149 295 2198 caedua
330 2145 451 2197 Infelices
472 2149 536 2198 sunl
552 2148 722 2197 coniecturae
759 2160 835 2208 voc,
860 2148 889 2195 ul
908 2144 1030 2196 derideat
1050 2148 1167 2208 Stoicos,
1191 2161 1288 2210 quem·

196 2223 248 2272 Tun
270 2221 355 2285 saulo
379 2223 515 2271 comesu
528 2221 655 2272 Verbera?
679 2224 720 2271 et:
760 2221 907 2272 admodum
924 2221 987 2271 lecit
1002 2234 1028 2270 v.
1049 2221 1105 2271 433.
1126 2224 1152 2271 et
1169 2222 1236 2286 Epp.
1257 2224 1285 2283 l,

194 2309 298 2358 mouet.
334 2296 723 2360 Ne--llogoilo,Neusmlo
760 2296 856 2356 ι,ιι)6
873 2308 915 2358 sq.
946 2293 1284 2357 eleemosinis&

194 2371 294 2420 caedas.
329 2370 412 2421 ialmii
423 2373 514 2420 aulem
526 2371 718 2434 interpretatio:
758 2369 798 2418 lili
819 2370 990 2432 (Xenocrates
1008 2373 1035 2418 et
1057 2369 1219 2432 Aristoteles)
1237 2383 1287 2419 ou-

196 2446 281 2495 «Cum
298 2445 371 2494 enim
388 2445 477 2494 omnia
494 2447 605 2508 peccota
621 2457 723 2508 aequa-
760 2457 837 2506 mlum
853 2444 962 2493 dicerem
980 2445 1017 2507 (ut
1032 2446 1089 2507 vos)
1108 2445 1230 2506 sopientes
1244 2458 1287 2494 so-

196 2519 229 2570 lia
247 2532 308 2570 esse
332 2519 406 2569 dicas
429 2521 456 2568 ei
477 2521 503 2568 le
524 2532 606 2584 parva
628 2518 722 2570 simili·
759 2519 796 2568 los
816 2517 907 2582 repes?
931 2518 996 2567 solos
1016 2517 1121 2568 divites?
1145 2519 1209 2568 solos
1229 2520 1286 2582 sor-

195 2597 237 2645 ter
253 2606 285 2643 ac
302 2606 399 2656 magua
415 2593 571 2657 puniturum
588 2605 649 2644 esse
670 2594 723 2643 mi·
758 2591 858 2644 mosor?
880 2594 977 2654 onmia,
1001 2605 1066 2654 quoe
1087 2591 1179 2655 ubique
1194 2599 1285 2655 essent,

183 2655 281 2729 neris,
300 2681 353 2717 non
370 2666 482 2717 dubium
500 2669 552 2728 est,
572 2668 720 2731 quiueum,
759 2668 878 2729 sapientis
905 2665 977 2716 osse?
1006 2694 1034 2703 -
1064 2659 1093 2716 Si
1120 2668 1188 2717 dives
1217 2668 1285 2731 cet]

195 2744 241 2806 qui
258 2740 341 2792 mullo
358 2741 460 2792 maiore
471 2754 558 2805 poena
571 2743 665 2804 dignus
677 2742 720 2802 sit,
761 2743 845 2802 «Quid
862 2755 930 2806 opus
948 2744 989 2791 esi
1008 2740 1051 2792 illa
1070 2741 1240 2804 condicione,
1266 2743 1287 2791 si

195 2815 278 2866 ierula
299 2815 554 2874 tantummodum»
581 2817 722 2867 manifesto
759 2817 804 2866 tibi
822 2829 928 2879 regumn
946 2818 1012 2876 oet,
1031 2829 1093 2867 oum
1116 2829 1149 2866 er
1169 2818 1218 2866 ista
1243 2817 1287 2866 lua

195 2891 419 2955 repugnatmenti
433 2892 543 2954 posue,
563 2891 585 2941 si
596 2892 667 2942 serio
680 2903 723 2940 ao·
760 2891 895 2951 doctrina,
913 2887 1007 2955 μόνον
1024 2885 1097 2940 εἶναι
1118 2885 1169 2940 τὸν
1190 2886 1288 2951 σοφὸν

196 2965 320 3029 cipiatur,
343 2965 407 3024 sed,
432 2967 462 3014 ut
478 2963 572 3029 colligo
590 2979 623 3016 ex
640 2966 722 3017 luhuii
759 2963 883 3027 βασιλέα
907 2965 957 3015 sul
981 2961 1150 3026 βασιλικόν,
1176 2960 1234 3014 τῶν
1256 2961 1288 3014 δὲ

196 3038 284 3089 iliario
302 3039 375 3089 ⁴828.
394 3051 420 3103 p.
434 3038 501 3100 352,
521 3040 645 3102 opinatur
663 3052 723 3090 ver·
760 3036 880 3102 φαύλων
900 3037 1012 3105 μηδένα
1034 3041 1116 3102 (Stob.
1134 3036 1188 3088 Ecl.
1206 3039 1285 3101 Phys.

195 3112 230 3162 ba
247 3113 316 3161 haec
333 3112 497 3176 significare:
521 3125 612 3176 «uam,
631 3127 665 3163 ne
682 3113 723 3164 le·
759 3117 791 3176 2,
810 3115 833 3164 7.
853 3127 879 3179 p.
899 3114 980 3174 ιιι),
1000 3115 1051 3163 hoc
1069 3115 1157 3177 ipsum
1174 3125 1286 3176 regnum

195 3184 253 3236 rula
270 3185 384 3247 caedas,
401 3199 535 3248 vereor,n
554 3189 582 3237 ei
598 3189 661 3237 κατ’
682 3189 722 3237 εἰ·
761 3189 868 3240 iamiam
897 3187 1039 3237 habessit>
1074 3187 1187 3237 Lucilius
1215 3187 1286 3250 opud

196 3261 316 3330 ρωνείαν
344 3260 415 3310 dicta
443 3273 514 3311 esse.
559 3261 614 3312 liae
639 3264 722 3312 ironia
760 3263 971 3327 Porphyrionem
997 3261 1031 3312 od
1057 3261 1084 3311 h.
1111 3260 1127 3311 l.
1154 3259 1231 3324 (Gerl.
1257 3274 1284 3324 p.

197 3335 247 3384 «ab
270 3335 322 3385 hoo
343 3333 402 3385 loco
425 3334 510 3385 aliena
534 3339 561 3385 et
577 3335 654 3388 valde
672 3337 723 3387 ob-
760 3337 826 3400 85l:
851 3338 880 3387 ln
896 3337 989 3386 mondo
1006 3337 1107 3398 rapiens
1122 3336 1183 3386 loeo
1200 3337 1286 3385 munio

196 3421 295 3460 scuran
318 3410 418 3460 reiecta
442 3410 518 3460 Hand
538 3411 612 3460 Turs.
632 3412 675 3462 iv.
694 3425 721 3476 p.
759 3411 1033 3473 rememoremus,
1053 3411 1133 3473 dices,
1151 3409 1226 3472 liber,
1238 3423 1287 3460 rue

195 3487 241 3537 to:
270 3484 422 3548 «Equidem
444 3498 495 3535 oon
515 3499 604 3535 vereor
620 3488 722 3550 accipio
759 3487 820 3536 solu'
845 3491 955 3536 vocetur.
990 3483 1135 3536 Nonnullos
1161 3485 1226 3536 alios
1251 3485 1285 3534 de

195 3573 245 3623 pro
266 3557 330 3608 mihi
351 3571 510 3622 persuasum
536 3562 590 3622 est,
618 3563 722 3610 certum
760 3561 910 3611 Stoicorum
933 3560 1052 3624 sapiente
1078 3558 1151 3610 locos
1175 3559 1287 3609 exhibe-

196 3637 251 3695 est,
273 3635 302 3682 et
318 3634 479 3683 senientiam
497 3633 531 3684 ab
549 3635 656 3684 Horatio
675 3647 723 3684 ex·
759 3635 848 3686 bimus
866 3635 892 3684 in
910 3635 1028 3684 Excursu
1046 3635 1076 3685 ii.

195 3719 318 3771 pressam
329 3708 408 3758 video
426 3708 507 3758 hene:
527 3709 591 3758 mihi
609 3711 651 3760 est
662 3722 723 3760 cor·
793 3709 914 3760 ild-ill.
930 3709 1014 3771 paler]
1033 3709 1086 3758 Etsi
1103 3710 1164 3758 stoa
1179 3708 1287 3770 proprie

195 3785 268 3842 tum,
287 3783 313 3831 le
325 3794 378 3832 nou
390 3795 532 3832 euasurum
543 3795 603 3834 esse
612 3783 721 3834 serula.»
760 3795 775 3831 u
788 3783 892 3833 Zenone
905 3783 1011 3832 condita
1023 3785 1092 3841 erat,
1112 3783 1202 3830 tamen
1216 3780 1288 3830 dice-

199 3883 227 3894 -
253 3857 361 3920 mugitis]
388 3857 467 3920 iunge
493 3871 555 3908 cum
580 3871 606 3908 v.
632 3859 720 3908 simili:
760 3857 839 3907 bant:
862 3857 889 3906 el
908 3852 950 3922 μὴ
968 3847 1005 3920 ἦν
1022 3851 1209 3925 Χρύσιππος,
1232 3849 1287 3905 οὐκ

198 3933 242 3981 «et
262 3945 345 3995 parva
367 3931 477 3982 mineris
500 3931 577 3982 simili
603 3935 629 3982 te
656 3930 721 3983 iaioe
759 3924 797 3980 dv
815 3920 851 3996 ἦν
868 3928 956 3981 Στοά.
983 3931 1208 3994 meginarii,
1228 3929 1284 3980 iss.

197 4005 347 4056 recisurum
366 4007 621 4070 (exterminaturum)
642 4010 722 4070 utque
763 4033 790 4042 -
809 4006 931 4070 amiam]
951 4008 1122 4056 Graecomm.
1136 4005 1242 4054 Persius
1260 4005 1284 4064 l,

197 4091 324 4143 magum»
343 4080 377 4131 de
394 4093 447 4144 quo
465 4079 637 4145 brachylogia
652 4080 721 4132 conl.
761 4080 818 4129 iil.
839 4107 867 4116 -
885 4077 1057 4143 Hermogenes]
1079 4077 1201 4143 Tigellius
1218 4079 1286 4128 Her-

198 4154 285 4216 ileisig
301 4155 356 4204 Lat.
376 4155 510 4218 Sprachw.
526 4169 553 4219 p.
567 4155 614 4206 678
632 4168 672 4219 sq.
694 4183 720 4192 -
761 4167 889 4217 magenes
905 4157 967 4204 lunc
979 4155 1085 4215 vivens,
1103 4154 1226 4203 diversus
1238 4153 1287 4202 uti·

197 4228 272 4278 Falco
286 4228 434 4293 recl-samen]
451 4233 482 4280 ul
498 4229 652 4292 dumetum,
671 4243 723 4279 non
762 4241 814 4292 que
824 4242 839 4276 a
851 4227 957 4291 Tigellio
969 4227 1060 4278 sardo.
1080 4255 1106 4264 -
1119 4226 1217 4291 cantor]
1237 4229 1288 4276 Per

199 4303 228 4350 ut
244 4305 373 4366 segetem.
407 4303 461 4353 Cic.
475 4305 552 4354 Tuso.
566 4305 593 4364 t,
613 4304 657 4365 23,
677 4305 721 4353 65:
761 4303 947 4353 attractionem
969 4315 1001 4351 ex
1026 4315 1075 4352 usu
1097 4302 1238 4352 Horatiano
1259 4301 1286 4350 in
