3178 4972
636 443 765 494 richarii
784 443 1004 518 EPlSTOLlRUll

624 825 890 888 mmu
912 825 1010 888 xn-

318 969 487 1036 Fructibus
509 968 668 1056 Agrippae
692 967 824 1043 Siculis,
848 987 931 1057 quos
956 965 1093 1053 colligis,
1118 965 1196 1040 lcci,

319 1092 353 1158 Si
377 1100 464 1159 recte
487 1090 615 1168 frueris,
640 1109 704 1156 non
727 1098 792 1166 est,
816 1099 852 1155 ut
873 1089 968 1176 copia
989 1087 1093 1154 maior

338 1301 387 1351 ΕΡ.
408 1300 461 1350 xli.
481 1300 504 1349 l.
523 1299 568 1350 icti
585 1311 609 1350 c.
629 1297 667 1348 ei.
687 1295 722 1348 ad
740 1295 787 1346 0d.
807 1297 831 1356 l,
849 1295 891 1356 29,
910 1295 934 1344 l.

307 1487 360 1538 iili.
390 1488 428 1537 De
453 1485 523 1536 iccio
548 1483 610 1534 vide
636 1483 684 1534 od.
704 1484 734 1545 i,
757 1482 800 1532 29.
839 1443 991 1545 scripsisse,
1027 1483 1137 1546 propter
1164 1485 1255 1536 nescio
1283 1500 1365 1550 quam

276 1563 341 1614 Huic
370 1556 489 1612 sodalem
518 1571 614 1618 suum,
644 1560 802 1623 Pompeium
839 1555 951 1619 Grosphi
972 1557 1149 1620 arrogantiam
1170 1558 1215 1622 (zu
1237 1561 1298 1610 holte
1312 1561 1367 1611 An·

276 1636 426 1700 Grosphum
444 1633 500 1698 (Od.
518 1635 548 1693 Ξ,
574 1632 635 1696 46.),
662 1646 802 1684 commen·
838 1629 952 1694 rpriiche}
974 1643 1034 1681 sese
1057 1645 1120 1682 eum
1146 1631 1265 1684 nondum
1289 1647 1366 1686 suam

276 1711 333 1770 dat,
351 1711 461 1774 propter
478 1720 559 1772 quam
574 1709 659 1771 ipsam
671 1709 801 1759 rationem
839 1706 865 1755 in
894 1705 1036 1755 amicitiem
1064 1704 1205 1758 admittere
1236 1709 1364 1773 potuisse.

275 1797 360 1849 prope
383 1781 538 1834 incredibile
561 1785 614 1844 est,
642 1783 801 1847 interpretes
840 1783 955 1844 Apparet
971 1792 1049 1841 vero,
1069 1783 1175 1845 poetam
1194 1783 1221 1832 id
1239 1782 1364 1846 voluisse,

276 1861 337 1910 ante
371 1858 522 1910 iacobsium
557 1858 679 1921 (excepto
712 1859 802 1908 tamen
839 1857 868 1904 ut
884 1855 981 1918 partim
998 1855 1148 1919 Grospbum
1166 1858 1192 1908 in
1210 1859 1270 1909 iccii
1287 1858 1366 1909 iami-

276 1933 403 1996 Gesnero)
421 1946 474 1983 uno
496 1933 552 1983 iere
572 1945 619 1983 ora
641 1933 666 1983 in
685 1946 718 1983 eo
736 1945 803 1983 con·
840 1928 978 1980 liaritalem
989 1929 1138 1991 induceret,
1153 1933 1250 1995 partim
1261 1933 1367 1984 utami-

276 2009 407 2066 sensisse,
426 2009 456 2057 ut
467 2005 669 2066 contenderent,
687 2007 714 2057 in
730 2020 803 2058 com·
840 2015 903 2054 cum
920 2004 1027 2068 propria
1039 2003 1196 2055 condicione
1208 2006 1281 2057 hand
1292 2019 1368 2071 pror-

276 2078 614 2147 mendaiiciahacepistola
626 2082 724 2132 iccium
737 2083 804 2132 tam·
840 2091 885 2130 sus
903 2079 1058 2130 contentum
1079 2079 1262 2143 tranquillaret
1287 2084 1367 2145 atque

276 2170 358 2220 quam
368 2155 505 2206 homiuem
516 2154 665 2216 sordidum,
681 2168 801 2217 avarum,
840 2154 874 2205 ad
893 2154 998 2205 inutiles
1015 2154 1140 2219 querelas
1151 2156 1312 2208 omittendas
1324 2170 1369 2207 ex·

276 2230 387 2288 ictuum,
406 2229 471 2279 dicis
489 2241 568 2279 causa
587 2231 614 2279 et
629 2233 739 2294 propter
754 2244 803 2278 ne·
841 2230 1002 2280 hortaretur.

277 2305 333 2356 scio
351 2317 432 2367 quam
449 2304 528 2353 animi
549 2304 694 2353 vanitatem
717 2302 803 2367 pbilo—
858 2306 928 2354 ·i-ll.
957 2303 1089 2354 Fructibus
1113 2305 1178 2368 cet]
1208 2307 1368 2356 l>rocurator

277 2379 387 2443 sophiae
406 2377 538 2439 deditum,
558 2377 673 2427 describi
692 2379 719 2428 et
741 2391 803 2428 cum
840 2381 925 2430 iccius
943 2381 1005 2429 tunc
1018 2381 1075 2428 erat
1088 2379 1257 2442 praediorum
1269 2380 1368 2431 Siculo-

277 2454 371 2518 insigni
388 2453 562 2502 mordacitate
581 2451 709 2513 derideri,
734 2453 803 2502 nihi·
820 2420 823 2497 i
840 2466 900 2504 rurn
918 2455 952 2504 hi.
971 2454 1116 2516 Agrippae,
1138 2465 1253 2518 quorum
1270 2454 1304 2505 de
1321 2469 1366 2506 re-

276 2529 391 2580 lomiuns
411 2526 536 2577 videlicet
559 2529 653 2591 poetae
676 2528 801 2576 amicum.
840 2526 939 2579 ditibus
959 2529 1017 2576 rata
1037 2541 1099 2592 pars
1122 2528 1259 2592 tamquam
1280 2529 1368 2580 admi-

278 2605 309 2655 ili
326 2616 404 2667 ergo,
423 2615 491 2666 quae
509 2603 535 2652 in
553 2599 731 2665 qualicunque
750 2602 805 2664 epi·
841 2604 1001 2656 nistretiouis
1019 2617 1124 2655 merces
1141 2603 1175 2654 ad
1199 2605 1286 2670 ipsum
1304 2619 1368 2670 per-

278 2679 344 2730 etola
356 2676 462 2743 publice
475 2676 580 2727 edenda
593 2688 673 2727 nemo
684 2687 803 2739 unquam
840 2678 974 2730 veniebat.
984 2680 1126 2749 Praeterea
1135 2692 1369 2744 prosuosuorum-

277 2756 366 2805 amico
382 2755 437 2804 tam
455 2751 598 2808 malitiose,
616 2750 804 2801 inverelami-
841 2768 894 2819 qne
919 2755 990 2804 victu
1015 2752 1099 2805 libere
1125 2755 1157 2806 iis
1183 2756 1220 2805 uti
1248 2757 1366 2819 poterat,

277 2828 348 2890 lieri,
367 2829 389 2880 si
406 2840 474 2892 opus
492 2827 574 2887 esset,
594 2828 686 2890 aperte
698 2839 730 2876 ac
742 2826 804 2877 sim·
821 2864 824 2899 Ι
841 2841 1018 2893 quaecuuque
1035 2830 1062 2878 in
1078 2828 1187 2880 leuioris
1204 2829 1291 2880 lundis
1304 2843 1368 2894 pro·

277 2903 395 2970 pliciter,
408 2904 482 2952 certe
495 2902 551 2952 sine
562 2899 708 2962 virulentia,
722 2914 804 2964 quam
841 2903 998 2964 veniebant,
1016 2905 1106 2953 certus
1118 2915 1180 2954 cum
1194 2905 1267 2954 esset
1277 2903 1369 2968 Agrip-

278 2978 329 3030 sibi
345 2978 388 3028 hic
405 2976 556 3040 repperisse
573 2977 622 3026 visi
639 2978 714 3037 sunt,
738 2977 805 3028 scri-
841 2993 888 3043 pa,
912 2989 1049 3040 nunquam
1068 2977 1139 3038 lore,
1165 2979 1195 3026 ut
1210 2981 1369 3042 procurator

278 3052 371 3112 heret,
403 3052 482 3101 etiam
510 3051 536 3100 in
564 3050 803 3112 commendaticia,
842 3057 896 3103 tam
916 3047 1018 3116 probus
1035 3053 1116 3116 atque
1138 3051 1267 3102 honestus
1288 3052 1368 3115 quid·

279 3129 340 3177 ante
358 3126 445 3176 omnia
465 3139 527 3175 cum
545 3126 665 3189 Grospho
685 3138 806 3176 commu·
842 3139 922 3191 quem
949 3123 1035 3176 illicito
1061 3124 1142 3175 modo
1168 3127 1311 3178 everteret.
1339 3155 1366 3164 —

279 3203 404 3263 nicandr,
417 3201 497 3252 scribi
510 3201 627 3265 potuisse
640 3199 733 3252 stolide
746 3203 805 3266 opi·
841 3200 945 3264 coutpts]
963 3197 1140 3263 «colligendos
1157 3211 1235 3250 curas
1253 3213 1303 3264 per
1313 3198 1369 3250 vili-

278 3279 410 3329 natisunt.
429 3277 529 3340 Scripta
540 3277 613 3326 esta.
625 3289 651 3326 u.
662 3287 686 3324 c.
696 3274 806 3325 raher·
823 3256 825 3351 l
842 3289 902 3336 coe,
921 3273 1019 3338 qulbus
1029 3275 1198 3338 praepositus
1210 3287 1265 3325 eso
1280 3289 1368 3325 -non

279 3354 368 3402 eunte
410 3351 501 3402 lltrum
535 3351 625 3398 autem
662 3350 805 3413 Pompeius
823 3359 825 3369 ·
842 3349 939 3414 est,ul]
952 3343 1007 3399 οὐκ
1019 3343 1098 3399 ἔστιν
1109 3341 1197 3413 ὅπως,
1211 3349 1284 3400 «lieri
1297 3349 1368 3402 nullo

279 3426 428 3489 Grosphus,
446 3423 546 3485 origine
558 3421 673 3482 Siculus,
692 3422 744 3472 boc
756 3422 806 3472 de·
843 3423 924 3474 modo
946 3425 1060 3488 potest.»
1089 3423 1142 3475 Cir.
1161 3423 1208 3474 0d.
1227 3423 1256 3484 3,
1283 3425 1310 3484 i,
1336 3425 1366 3474 9:

279 3511 353 3552 mum
376 3510 446 3548 anno
471 3497 498 3547 in
520 3495 648 3556 Siciliam,
674 3496 720 3546 ubi
745 3496 805 3546 lati·
843 3498 899 3559 list,
921 3501 949 3546 ut
970 3499 1026 3547 uiro
1047 3499 1088 3548 uir
1107 3497 1183 3548 mdiu
1204 3499 1302 3548 ordinet
1317 3498 1369 3548 Ar·

279 3573 369 3626 lundis
386 3572 469 3636 patria
491 3568 660 3634 possidebat,
684 3572 806 3620 reverte-
842 3571 914 3622 burto
929 3571 1011 3622 setteis⁸
1041 3573 1084 3621 Sic
1101 3573 1238 3623 Lucretius
1255 3572 1284 3634 3,
1303 3573 1366 3624 ita:

279 3651 324 3710 rit,
344 3648 467 3710 hancque
478 3643 638 3709 Epistulam,
657 3658 709 3708 qua
722 3645 805 3695 inicii
842 3646 916 3696 Haud
932 3646 993 3708 erit,
1011 3646 1158 3708 ut-posrtr.
1176 3649 1204 3708 5,
1224 3646 1282 3698 lli:
1305 3647 1369 3698 illud

280 3724 398 3774 notitiam
415 3720 579 3786 perveniret,
599 3731 692 3770 seeum
714 3720 806 3783 porta·
842 3721 901 3770 item
919 3733 970 3770 non
993 3724 1029 3770 est
1053 3726 1080 3770 ut
1101 3722 1183 3784 possis
1205 3723 1313 3772 creden
1341 3725 1369 3774 et

279 3799 324 3858 rit,
347 3809 380 3846 an
402 3795 500 3845 diutius
523 3795 575 3844 iam
600 3794 625 3845 in
649 3795 733 3858 patria
757 3794 806 3844 de-
822 3836 826 3894 ,
842 3794 902 3844 uri:
928 3795 985 3845 Non
1002 3800 1069 3857 erat,
1095 3800 1124 3846 ut
1143 3797 1201 3860 fleri
1222 3801 1312 3858 posset.
1339 3823 1367 3833 -

279 3885 344 3936 gens
366 3871 503 3921 lioratinm
525 3871 636 3933 rogarit,
663 3871 692 3919 ut
717 3869 805 3935 ipsum
845 3869 909 3920 Tolle
932 3868 1058 3934 qwrelus]
1087 3870 1180 3920 «hiiite
1206 3883 1369 3935 supervaca-

279 3947 410 4010 Agrippae
419 3945 585 4010 procuratori
593 3944 804 4007 commendaret,
843 3957 908 3996 neas
935 3943 992 3995 illae
1013 3941 1152 4007 quereias,
1183 3943 1230 3994 tibi
1258 3945 1284 3996 ia
1311 3941 1369 3994 illos

281 4035 330 4071 nos
341 4034 406 4071 sane
419 4021 583 4083 ignoramus,
597 4019 805 4084 necquidquam
843 4020 938 4072 landos
946 4016 1169 4070 administrandos
1178 4017 1291 4070 multum
1303 4021 1370 4070 tem

280 4095 315 4146 ed
340 4093 467 4158 epistolae
496 4095 742 4159 interpretationem
764 4094 806 4146 di·
842 4096 914 4160 poris
937 4093 1219 4154 insumendumesse,
1246 4094 1320 4158 quod
1341 4097 1369 4145 et

280 4180 359 4220 verso
377 4169 456 4220 modo
469 4167 686 4221 coniormandam
703 4170 803 4219 athael.
842 4168 983 4220 iucundius
994 4169 1022 4218 et
1037 4165 1125 4218 atibus
1141 4168 1168 4217 in
1185 4165 1367 4232 philosophiae

281 4245 449 4306 Quamquam
466 4256 577 4308 prorsus
594 4245 716 4309 precario
732 4243 806 4294 Diiu-
823 4277 827 4356 Ι
842 4243 936 4294 studiis
954 4239 1141 4303 collocaretur,
1163 4253 1214 4292 nec
1231 4243 1321 4292 tamen
1341 4245 1367 4293 te

282 4322 338 4370 tzar
358 4317 459 4378 statuit,
488 4318 585 4369 iccium
611 4319 644 4368 ad
668 4319 806 4370 iioratium
843 4329 922 4382 posse
940 4317 1036 4368 divitiis
1053 4328 1171 4380 aequare
1189 4313 1286 4368 multos
1303 4313 1368 4368 elios
