3156 4972
281 360 343 428 349
660 362 790 414 nonsit]
807 363 987 418 stultatttti

320 519 442 606 Pingue
464 537 565 604 pecus
587 516 717 584 domino
738 517 836 585 iacias
858 527 891 585 et
912 527 1021 586 cetera
1042 527 1173 607 praeter

322 639 505 727 Ingenium,
527 649 627 727 utque
650 639 753 716 soles,
776 649 885 707 custos
908 639 984 706 mihi
997 641 1167 708 ‘maximus
1190 641 1288 710 adsis.
1323 643 1364 710 ib

321 762 406 848 Ergo
426 759 483 826 ubi
505 781 557 826 me
579 761 610 825 in
632 770 757 827 montes
779 770 811 827 et
833 761 865 828 in
887 781 997 828 arcem
1018 783 1059 828 ex
1080 762 1163 830 urbe
1178 766 1316 842 removi,

321 881 406 961 Quid
427 881 518 969 prius
540 879 695 948 illustrem
718 882 824 948 satiris
845 903 1004 970 musaque
1026 884 1196 971 pedestri?

320 1005 388 1070 Nec
409 1001 493 1070 maie
515 1023 567 1070 me
590 1001 721 1070 ambitio
744 1002 850 1090 perdit
871 1023 932 1071 nec
952 1003 1125 1092 plumbeus
1146 1008 1261 1074 Auster

344 1249 383 1298 46.
401 1249 492 1298 moniis
508 1262 532 1298 c.

277 1465 362 1526 iuvat,
382 1465 412 1514 ut
433 1467 537 1528 gratum
555 1465 590 1517 sit
605 1463 695 1516 animo
713 1458 801 1516 meon
839 1465 917 1516 tionis
934 1467 1044 1531 insignia
1055 1467 1156 1530 bonam
1175 1481 1261 1534 eaque
1273 1471 1363 1523 statim

276 1538 363 1600 Nolim
382 1539 504 1603 accipere
523 1538 557 1590 de
575 1542 650 1602 grato
663 1552 725 1603 erga
737 1539 803 1590 deos
840 1544 993 1590 enumerat:
1021 1543 1084 1593 «iiic
1107 1543 1178 1594 euim
1204 1557 1255 1595 nec
1280 1558 1363 1609 prave

277 1615 381 1676 animo,
406 1627 495 1678 neque
513 1616 555 1664 est
571 1615 677 1678 generis
694 1627 803 1665 mascu·
839 1613 949 1664 ambitio
966 1629 1010 1665 me
1027 1618 1131 1667 vexat.»
1149 1619 1201 1668 cet.
1230 1617 1278 1668 Alii
1296 1621 1364 1670 Ges-

280 1687 334 1739 lini.
840 1700 934 1738 nerum
946 1690 1044 1739 secuti:
1065 1691 1162 1741 «Simul
1175 1695 1255 1756 atque
1266 1691 1364 1744 adveni

310 1761 408 1814 44-49.
437 1765 531 1828 Piapttc
556 1763 618 1829 cet]
644 1765 750 1814 iocatur
775 1763 802 1814 in
838 1763 865 1812 iu
882 1762 1021 1825 Sabinum,
1046 1777 1098 1816 non
1116 1767 1183 1826 iam,
1206 1770 1236 1816 ut
1252 1768 1362 1830 Romae,

277 1837 401 1900 ambigua
428 1839 617 1900 significatione
642 1851 668 1888 v.
691 1839 800 1902 piaque,
839 1836 948 1887 ambitio
965 1851 1009 1888 ma
1026 1842 1106 1890 vexat
1124 1853 1213 1903 neque
1230 1842 1300 1892 vitae
1317 1855 1365 1906 pe-

278 1912 350 1978 quod
367 1913 401 1962 ad
419 1914 553 1976 ingenium
571 1912 685 1964 relatum
703 1913 803 1976 signiti-
839 1911 951 1962 riculum
963 1915 1194 1964 minaturAuster.
1231 1915 1363 1975 Quidboc

276 1989 320 2037 cat
338 2001 487 2048 «crassum,
507 1987 639 2038 tardum.»
660 2015 688 2024 -
709 1986 800 2050 aalma]
839 1984 937 2051 duplici
955 1988 1097 2038 commodo
1116 1989 1191 2052 prius
1207 1989 1363 2054 praedicem

276 2064 306 2111 ut
330 2075 407 2124 arva,
435 2063 524 2126 prata,
555 2060 658 2112 similia.
681 2089 708 2098 -
727 2067 804 2122 utque
840 2073 872 2110 eo
906 2061 1057 2124 scriptionis
1093 2075 1192 2126 genere
1228 2064 1361 2128 pedestri,

276 2136 347 2198 soter]
374 2137 430 2184 auti
457 2138 531 2198 grato
557 2137 646 2186 auimo
671 2148 799 2198 agnosco,
838 2136 911 2198 quod
929 2134 1053 2185 excoio‘ia
1080 2137 1114 2186 ite
1132 2139 1161 2188 ut
1177 2139 1297 2188 v.i'i.in
1314 2152 1364 2203 pa-

275 2213 301 2261 te
325 2223 434 2274 semper
455 2209 519 2260 mibi
545 2211 689 2274 propitium
714 2221 801 2260 esse.»
838 2209 957 2259 rentbesi
982 2210 1085 2272 positus
1102 2212 1136 2260 sit
1158 2209 1201 2261 uel
1227 2225 1288 2263 cum
1309 2214 1364 2264 ila-

277 2285 352 2335 Conl.
371 2284 418 2335 Od.
438 2285 468 2346 2,
486 2284 515 2345 7,
541 2285 572 2333 43
596 2297 637 2347 sq.
659 2311 686 2319 —-
711 2283 801 2348 mistos]
838 2282 1184 2348 berleldtiotransponaiur
1200 2289 1260 2349 post
1275 2300 1302 2336 v.
1321 2285 1362 2337 49.

274 2353 381 2428 Ἑρμῆς
398 2355 509 2425 λόγιος,
535 2360 675 2422 potiturum
693 2369 802 2420 semper
838 2360 961 2409 Attamen
984 2356 1066 2408 altera
1090 2359 1234 2424 simplicior
1253 2363 1320 2413 ratio
1337 2365 1365 2412 et

277 2437 382 2494 custos,
401 2434 472 2483 unde
491 2434 541 2483 bos
557 2435 636 2482 vocat
651 2433 720 2481 uiros
735 2434 802 2484 Mer-
839 2445 925 2496 aeque
944 2430 1014 2481 clara
1027 2446 1077 2482 uec
1088 2435 1176 2484 minue
1188 2437 1318 2486 concinna
1330 2449 1363 2486 ex

276 2508 384 2557 curiates
400 2508 447 2557 Od.
461 2509 489 2568 2,
511 2507 555 2567 47,
573 2506 614 2556 49.
631 2533 657 2542 -
671 2507 803 2556 iamoatas
839 2520 900 2556 mea
934 2507 1044 2569 quidem
1079 2509 1211 2558 sententia
1247 2508 1361 2560 videtur.

276 2581 344 2646 cet]
375 2583 423 2632 «in
448 2581 559 2632 Sabinos
589 2583 694 2631 montes
721 2583 747 2630 et
774 2582 802 2630 iu
839 2581 1268 2633 iamdudumautemderelictam
1285 2585 1364 2648 puta-

275 2655 366 2706 villam
377 2669 493 2717 meam,
512 2669 604 2717 arcon,
624 2655 686 2718 quie
704 2655 729 2704 in
743 2653 801 2704 loco
838 2655 903 2705 bam
920 2653 1088 2705 falsissimam
1105 2657 1218 2707 Dacierii
1236 2659 1263 2708 et
1280 2659 1364 2709 Sana-

276 2729 361 2792 ediio,
379 2732 406 2780 in
423 2730 557 2782 radicibus
577 2730 674 2780 Usticae
689 2729 803 2780 cubantis
839 2729 901 2780 doni
919 2728 1180 2793 interpretationem:
1201 2731 1280 2794 «quid
1291 2745 1365 2782 com·

276 2804 333 2867 iod.
353 2806 380 2866 4,
405 2806 450 2865 44,
477 2805 539 2867 44,),
567 2804 706 2854 aedificata
733 2807 798 2854 erat.
838 2815 937 2867 ponem
959 2803 1034 2866 prius
1056 2815 1137 2866 quem
1154 2805 1282 2857 satiras‘i»
1309 2806 1364 2855 Ve-

276 2879 350 2942 (Vide
367 2878 561 2930 Welckeuaerii
582 2882 735 2930 accuratam
758 2881 801 2928 to·
838 2891 899 2928 rum
925 2889 990 2927 ecce
1022 2877 1123 2948 Burgus
1150 2879 1256 2942 (t823):
1295 2881 1365 2942 (iae

275 2954 327 3002 tius
349 2955 448 3002 tractus
469 2953 674 3004 delineationem
697 2954 723 3003 in
747 2953 800 3003 flue
835 2953 936 3016 paeda
958 2952 1052 3002 bocer
1072 2955 1170 3014 major
1193 2966 1229 3003 ea
1249 2955 1291 3004 mi
1313 2967 1364 3004 ca-

275 3027 332 3078 Vol.
346 3029 388 3090 11.)
417 3029 801 3092 uinusrectecumrorphy-
838 3026 927 3077 stilio
960 3027 1021 3088 Qua
1057 3028 1177 3076 satiras
1203 3029 1239 3078 da
1271 3028 1363 3079 estiis

275 3103 350 3152 rioue
372 3101 428 3152 alii:
456 3104 499 3152 ria
521 3115 606 3152 arcem
629 3101 798 3163 benedixit,
837 3115 909 3162 maa
926 3100 1066 3150 eoncilia?
1083 3099 1359 3166 etlierzliebit83'i.]:

274 3174 348 3227 velut
364 3191 437 3227 rex.»
470 3179 549 3227 Certe
572 3190 626 3227 non
643 3178 733 3240 regiae
750 3191 800 3226 ne·
837 3178 924 3226 Deae
939 3175 986 3223 icb
999 3175 1102 3236 preise
1118 3179 1224 3227 suerat
1241 3179 1297 3226 der
1312 3177 1365 3227 Sa·

275 3253 331 3304 scio
343 3254 418 3302 cuius
430 3250 607 3311 condicionis,
626 3251 690 3310 sed,
709 3251 731 3300 si
747 3251 798 3311 uis,
837 3251 895 3300 tire
920 3248 1117 3300 bescteidaae
1141 3251 1233 3301 itate.
1255 3277 1283 3287 ·-
1300 3263 1363 3301 ma-

274 3327 424 3377 securitatis
447 3325 519 3375 notio
541 3325 618 3374 inest.
654 3323 701 3374 aiu
722 3325 801 3374 deni·
836 3337 914 3387 saque
927 3323 1044 3388 pedestri]
1067 3323 1119 3373 Cir.
1141 3325 1194 3374 Sat.
1216 3326 1244 3385 i,
1268 3324 1298 3384 4,
1321 3324 1362 3376 it.

274 3413 328 3463 que
347 3401 385 3462 (ut
401 3399 485 3448 Voss:
509 3399 537 3446 ia
557 3399 597 3448 die
618 3399 691 3461 Baro?
710 3399 748 3448 ait
764 3400 800 3448 si-
838 3397 929 3459 ode,
949 3398 993 3458 44,
1013 3397 1036 3447 9.
1067 3398 1097 3447 Α.
1112 3400 1139 3447 P.
1153 3397 1193 3447 stt.
1213 3397 1322 3461 Eppi,
1339 3399 1363 3460 4,

274 3469 801 3538 ο4ιονοΗϋΙιιι)ρειέπεξήγησινι.ιιιοιι-
836 3473 903 3522 250:
930 3473 1231 3533 semmaes--iiepeatcs
1249 3485 1296 3533 per
1315 3473 1364 3521 itu-

274 3555 309 3600 444
335 3561 479 3614 perperam
509 3547 650 3610 accipiunt.
680 3571 707 3582 —
736 3549 801 3609 (iaia
836 3559 914 3596 mam.
950 3545 1055 3605 Quintil.
1070 3547 1114 3607 444,
1134 3547 1162 3606 4,
1182 3545 1229 3594 84;
1256 3547 1363 3596 maltum

272 3625 345 3687 ptiar
361 3623 423 3688 cet]
442 3620 540 3686 Supple
559 3635 656 3686 «quam
673 3623 742 3673 hauc
760 3622 801 3671 ie·
837 3621 903 3671 anim
931 3633 1011 3682 supra
1038 3631 1144 3682 prosam
1173 3619 1312 3669 oraticnem
1340 3625 1364 3669 et

274 3698 414 3758 licitatem,
433 3709 485 3760 qua
503 3696 529 3745 in
547 3697 645 3746 rustica
658 3695 799 3746 solitudine
838 3688 1364 3758 qaampedcrtremsaatdvidyovidraaci

273 3775 359 3823 utor.»
377 3771 486 3836 Scripsit
504 3772 574 3821 enim
591 3771 659 3821 haec
671 3772 717 3820 aut
733 3771 802 3820 scri·
836 3775 928 3820 vocant
951 3769 1034 3831 serpit
1059 3765 1157 3832 (Plato).
1187 3767 1363 3817 inclamaro

274 3848 360 3911 psisse
378 3860 407 3898 se
426 3845 500 3908 tingit
517 3845 586 3905 ruri,
605 3846 731 3908 quocirca
750 3845 800 3894 boc
838 3845 934 3908 imagg.
949 3843 994 3893 ie:
1021 3843 1048 3892 ai
1062 3843 1113 3892 ant
1129 3841 1223 3906 χαμαὶ
1239 3841 1290 3890 καὶ
1306 3835 1363 3901 βά-

275 3921 350 3972 dicit:
365 3921 561 3972 «Nunccumin
572 3918 700 3970 Sabinum
708 3932 800 3971 meum
838 3917 891 3984 δην
904 3947 920 3956 -
931 3945 946 3957 -
957 3911 1030 3966 ἀλλὰ
1049 3912 1092 3982 μὴ
1114 3916 1161 3967 ἐπὶ
1181 3917 1293 3986 μέτρων
1309 3915 1364 3976 φέ-

276 4011 306 4047 ex
321 3996 390 4048 Urbe
402 4009 447 4046 me
458 3996 565 4059 recepi,
586 3995 699 4054 satirae,
719 4007 800 4057 quem
838 4007 944 4065 pacano.
959 4019 988 4029 -
1001 3993 1052 4042 Nec
1062 3991 1183 4042 minata
1193 3989 1297 4040 auditio
1305 4003 1365 4052 pcr-

276 4083 439 4135 componere
458 4070 510 4120 tert
521 4071 640 4130 animus,
660 4081 802 4132 argumeo-
838 4068 883 4132 dit]
901 4066 940 4118 Gi.
954 4066 1029 4117 Ouid.
1044 4067 1149 4118 Metam.
1165 4065 1209 4126 44,
1228 4065 1292 4114 uec:
1319 4065 1365 4114 Se-

277 4151 334 4196 tum
350 4145 427 4209 longe
446 4145 613 4208 aptissimum
637 4143 663 4193 id
681 4143 745 4203 etit,
772 4145 802 4192 ut
839 4147 919 4192 cretos
934 4145 1029 4191 montes
1044 4145 1067 4190 et
1083 4139 1283 4189 inambitiosa
1299 4137 1365 4187 cob-

277 4220 345 4272 lacto
367 4221 456 4270 animo
478 4219 631 4283 praedicem
650 4218 801 4269 rusticatio·
838 4216 881 4267 bat
897 4217 976 4266 Rura.
1005 4213 1122 4265 Ambitio
1134 4211 1365 4264 autemmaiavo-
