<?xml version="1.0" encoding="UTF-8"?>
<!DOCTYPE html PUBLIC "-//W3C//DTD XHTML 1.0 Transitional//EN"
    "http://www.w3.org/TR/xhtml1/DTD/xhtml1-transitional.dtd">
<html xmlns="http://www.w3.org/1999/xhtml" xml:lang="en" lang="en">
 <head>
  <title>
</title>
<meta http-equiv="Content-Type" content="text/html;charset=utf-8" />
  <meta name='ocr-system' content='tesseract 3.04.00' />
  <meta name='ocr-capabilities' content='ocr_page ocr_carea ocr_par ocr_line ocrx_word'/>
</head>
<body>
  <div class='ocr_page' id='page_1' title='image "./qhoratiusflaccu01baitgoog_0255.png"; bbox 0 0 3116 4968; ppageno 0'>
   <div class='ocr_carea' id='block_1_1' title="bbox 254 436 961 512">
    <p class='ocr_par' dir='ltr' id='par_1_1' title="bbox 254 436 961 512">
     <span class='ocr_line' id='line_1_1' title="bbox 254 436 961 512; baseline -0.021 -7"><span class='ocrx_word' id='word_1_1' title='bbox 254 437 318 504; x_wconf 79' lang='grc'><strong>240</strong></span> <span class='ocrx_word' id='word_1_2' title='bbox 633 436 961 512; x_wconf 72' lang='lat' dir='ltr'><strong>sonnrnsirrmnnu</strong></span> 
     </span>
    </p>
   </div>
   <div class='ocr_carea' id='block_1_2' title="bbox 297 591 1342 1170">
    <p class='ocr_par' dir='ltr' id='par_1_2' title="bbox 302 591 1156 671">
     <span class='ocr_line' id='line_1_2' title="bbox 302 591 1156 671; baseline -0.006 -8"><span class='ocrx_word' id='word_1_3' title='bbox 302 597 382 663; x_wconf 88' lang='lat' dir='ltr'><strong>Cum</strong></span> <span class='ocrx_word' id='word_1_4' title='bbox 404 592 537 661; x_wconf 84' lang='lat' dir='ltr'>Ilionam</span> <span class='ocrx_word' id='word_1_5' title='bbox 560 592 712 671; x_wconf 86' lang='lat' dir='ltr'><strong>edormii,</strong></span> <span class='ocrx_word' id='word_1_6' title='bbox 737 591 877 660; x_wconf 76' lang='lat' dir='ltr'>Catienis</span> <span class='ocrx_word' id='word_1_7' title='bbox 899 591 986 659; x_wconf 88' lang='lat' dir='ltr'><strong>mille</strong></span> <span class='ocrx_word' id='word_1_8' title='bbox 1008 591 1156 658; x_wconf 86' lang='lat' dir='ltr'><strong>ducentis</strong></span> 
     </span>
    </p>

    <p class='ocr_par' dir='ltr' id='par_1_3' title="bbox 298 713 1284 905">
     <span class='ocr_line' id='line_1_3' title="bbox 301 713 1284 803; baseline 0.002 -25"><span class='ocrx_word' id='word_1_9' title='bbox 301 718 442 795; x_wconf 80' lang='lat' dir='ltr'><strong>«Mater,</strong></span> <span class='ocrx_word' id='word_1_10' title='bbox 466 725 497 782; x_wconf 92' lang='lat' dir='ltr'><strong>te</strong></span> <span class='ocrx_word' id='word_1_11' title='bbox 520 713 692 803; x_wconf 79' lang='lat' dir='ltr'><strong>appellet»</strong></span> <span class='ocrx_word' id='word_1_12' title='bbox 717 713 938 782; x_wconf 81' lang='lat' dir='ltr'><strong>clamantibus.</strong></span> <span class='ocrx_word' id='word_1_13' title='bbox 982 714 1065 782; x_wconf 86' lang='lat' dir='ltr'><strong>Huic</strong></span> <span class='ocrx_word' id='word_1_14' title='bbox 1086 735 1148 801; x_wconf 85' lang='lat' dir='ltr'><strong>ego</strong></span> <span class='ocrx_word' id='word_1_15' title='bbox 1170 714 1284 802; x_wconf 83' lang='lat' dir='ltr'><strong>volgus</strong></span> 
     </span>
     <span class='ocr_line' id='line_1_4' title="bbox 298 834 1065 905; baseline -0.007 0"><span class='ocrx_word' id='word_1_16' title='bbox 298 839 406 905; x_wconf 87' lang='lat' dir='ltr'><strong>Errori</strong></span> <span class='ocrx_word' id='word_1_17' title='bbox 429 837 566 904; x_wconf 79' lang='lat' dir='ltr'><strong>similem</strong></span> <span class='ocrx_word' id='word_1_18' title='bbox 589 847 739 904; x_wconf 89' lang='lat' dir='ltr'><strong>cunctum</strong></span> <span class='ocrx_word' id='word_1_19' title='bbox 761 836 902 903; x_wconf 80' lang='lat' dir='ltr'><strong>insanire</strong></span> <span class='ocrx_word' id='word_1_20' title='bbox 929 834 1065 902; x_wconf 82' lang='lat' dir='ltr'>docebo.</span> 
     </span>
    </p>

    <p class='ocr_par' dir='ltr' id='par_1_4' title="bbox 300 955 1129 1044">
     <span class='ocr_line' id='line_1_5' title="bbox 300 955 1129 1044; baseline -0.006 -18"><span class='ocrx_word' id='word_1_21' title='bbox 300 961 420 1028; x_wconf 79' lang='lat' dir='ltr'><strong>Insanit</strong></span> <span class='ocrx_word' id='word_1_22' title='bbox 440 969 571 1026; x_wconf 89' lang='lat' dir='ltr'><strong>veteres</strong></span> <span class='ocrx_word' id='word_1_23' title='bbox 593 968 714 1025; x_wconf 87' lang='lat' dir='ltr'><strong>statuas</strong></span> <span class='ocrx_word' id='word_1_24' title='bbox 736 957 952 1044; x_wconf 85' lang='lat' dir='ltr'><strong>Damasippus</strong></span> <span class='ocrx_word' id='word_1_25' title='bbox 975 955 1129 1023; x_wconf 91' lang='lat' dir='ltr'><strong>emendo:</strong></span> 
     </span>
    </p>

    <p class='ocr_par' dir='ltr' id='par_1_5' title="bbox 297 1076 1342 1170">
     <span class='ocr_line' id='line_1_6' title="bbox 297 1076 1342 1170; baseline -0.002 -22"><span class='ocrx_word' id='word_1_26' title='bbox 297 1085 425 1170; x_wconf 83' lang='lat' dir='ltr'><strong>integer</strong></span> <span class='ocrx_word' id='word_1_27' title='bbox 446 1091 497 1147; x_wconf 86' lang='lat' dir='ltr'><strong>esi</strong></span> <span class='ocrx_word' id='word_1_28' title='bbox 518 1081 634 1148; x_wconf 90' lang='lat' dir='ltr'><strong>mentis</strong></span> <span class='ocrx_word' id='word_1_29' title='bbox 656 1078 845 1165; x_wconf 89' lang='lat' dir='ltr'><strong>Damasippi</strong></span> <span class='ocrx_word' id='word_1_30' title='bbox 867 1076 1016 1145; x_wconf 90' lang='lat' dir='ltr'><strong>creditor.</strong></span> <span class='ocrx_word' id='word_1_31' title='bbox 1061 1077 1152 1144; x_wconf 87' lang='lat' dir='ltr'><strong>Esto!</strong></span> <span class='ocrx_word' id='word_1_32' title='bbox 1300 1081 1342 1146; x_wconf 83' lang='lat'><strong>65</strong></span> 
     </span>
    </p>
   </div>
   <div class='ocr_carea' id='block_1_3' title="bbox 286 1283 1311 1426">
    <p class='ocr_par' dir='ltr' id='par_1_6' title="bbox 286 1283 1311 1426">
     <span class='ocr_line' id='line_1_7' title="bbox 321 1283 1311 1354; baseline -0.005 -13"><span class='ocrx_word' id='word_1_33' title='bbox 321 1290 362 1341; x_wconf 81' lang='lat' dir='ltr'><strong>oa.</strong></span> <span class='ocrx_word' id='word_1_34' title='bbox 380 1290 484 1354; x_wconf 66' lang='lat' dir='ltr'><strong>catmtm</strong></span> <span class='ocrx_word' id='word_1_35' title='bbox 499 1287 610 1350; x_wconf 88' lang='lat' dir='ltr'><strong>bS,LCi.</strong></span> <span class='ocrx_word' id='word_1_36' title='bbox 646 1288 779 1352; x_wconf 71' lang='lat' dir='ltr'><strong>[aiiepone</strong></span> <span class='ocrx_word' id='word_1_37' title='bbox 795 1285 886 1350; x_wconf 70' lang='lat' dir='ltr'><strong>ccipe</strong></span> <span class='ocrx_word' id='word_1_38' title='bbox 902 1297 935 1336; x_wconf 88' lang='lat' dir='ltr'><strong>ex</strong></span> <span class='ocrx_word' id='word_1_39' title='bbox 951 1283 1058 1336; x_wconf 87' lang='lat' dir='ltr'><strong>duobus</strong></span> <span class='ocrx_word' id='word_1_40' title='bbox 1075 1283 1214 1340; x_wconf 89' lang='lat' dir='ltr'><strong>Pulmanni</strong></span> <span class='ocrx_word' id='word_1_41' title='bbox 1225 1288 1252 1336; x_wconf 88' lang='lat' dir='ltr'><strong>et</strong></span> <span class='ocrx_word' id='word_1_42' title='bbox 1263 1287 1311 1336; x_wconf 85' lang='lat' dir='ltr'><strong>Ga-</strong></span> 
     </span>
     <span class='ocr_line' id='line_1_8' title="bbox 286 1356 1311 1426; baseline -0.002 -13"><span class='ocrx_word' id='word_1_43' title='bbox 286 1363 364 1414; x_wconf 88' lang='lat' dir='ltr'><strong>leano</strong></span> <span class='ocrx_word' id='word_1_44' title='bbox 381 1365 482 1415; x_wconf 89' lang='lat' dir='ltr'><strong>nostro.</strong></span> <span class='ocrx_word' id='word_1_45' title='bbox 516 1364 655 1426; x_wconf 85' lang='lat' dir='ltr'><strong>Nusquam</strong></span> <span class='ocrx_word' id='word_1_46' title='bbox 673 1360 735 1412; x_wconf 89' lang='lat' dir='ltr'><strong>alibi</strong></span> <span class='ocrx_word' id='word_1_47' title='bbox 751 1361 841 1425; x_wconf 67' lang='lat' dir='ltr'><strong>mttere</strong></span> <span class='ocrx_word' id='word_1_48' title='bbox 858 1356 1005 1410; x_wconf 87' lang='lat' dir='ltr'><strong>masculino</strong></span> <span class='ocrx_word' id='word_1_49' title='bbox 1023 1371 1122 1423; x_wconf 76' lang='lat' dir='ltr'><strong>genere</strong></span> <span class='ocrx_word' id='word_1_50' title='bbox 1136 1361 1248 1424; x_wconf 76' lang='lat' dir='ltr'><strong>usurpat</strong></span> <span class='ocrx_word' id='word_1_51' title='bbox 1259 1361 1311 1411; x_wconf 85' lang='lat' dir='ltr'><strong>ilo-</strong></span> 
     </span>
    </p>
   </div>
   <div class='ocr_carea' id='block_1_4' title="bbox 286 1435 770 1502">
    <p class='ocr_par' dir='ltr' id='par_1_7' title="bbox 286 1435 770 1502">
     <span class='ocr_line' id='line_1_9' title="bbox 286 1435 770 1502; baseline -0.01 -11"><span class='ocrx_word' id='word_1_52' title='bbox 286 1440 383 1500; x_wconf 77' lang='lat' dir='ltr'><strong>ratius,</strong></span> <span class='ocrx_word' id='word_1_53' title='bbox 402 1451 511 1502; x_wconf 79' lang='lat' dir='ltr'><strong>semper</strong></span> <span class='ocrx_word' id='word_1_54' title='bbox 527 1439 649 1488; x_wconf 77' lang='lat' dir='ltr'><strong>neutro.·</strong></span> <span class='ocrx_word' id='word_1_55' title='bbox 667 1435 770 1497; x_wconf 79' lang='lat' dir='ltr'><strong>errrc.)</strong></span> 
     </span>
    </p>
   </div>
   <div class='ocr_carea' id='block_1_5' title="bbox 247 1611 1397 4356">
    <p class='ocr_par' dir='ltr' id='par_1_8' title="bbox 247 1611 1397 4356">
     <span class='ocr_line' id='line_1_10' title="bbox 254 1611 1342 1680; baseline -0.003 -12"><span class='ocrx_word' id='word_1_56' title='bbox 254 1616 505 1668; x_wconf 89' lang='lat' dir='ltr'><strong>notisutnnturhac</strong></span> <span class='ocrx_word' id='word_1_57' title='bbox 516 1611 653 1680; x_wconf 88' lang='lat' dir='ltr'><strong>particula.</strong></span> <span class='ocrx_word' id='word_1_58' title='bbox 666 1641 694 1650; x_wconf 90' lang='lat'><em>-</em></span> <span class='ocrx_word' id='word_1_59' title='bbox 707 1614 779 1664; x_wconf 83' lang='lat' dir='ltr'><strong>edor-</strong></span> <span class='ocrx_word' id='word_1_60' title='bbox 815 1611 1039 1678; x_wconf 89' lang='lat' dir='ltr'><strong>proloquebatur:</strong></span> <span class='ocrx_word' id='word_1_61' title='bbox 1067 1613 1131 1677; x_wconf 78' lang='lat' dir='ltr'><strong>Ape,</strong></span> <span class='ocrx_word' id='word_1_62' title='bbox 1150 1613 1236 1676; x_wconf 75' lang='lat' dir='ltr'><strong>adata,</strong></span> <span class='ocrx_word' id='word_1_63' title='bbox 1254 1627 1342 1674; x_wconf 81' lang='lat' dir='ltr'><strong>mene,</strong></span> 
     </span>
     <span class='ocr_line' id='line_1_11' title="bbox 253 1687 1343 1755; baseline -0.004 -13"><span class='ocrx_word' id='word_1_64' title='bbox 253 1691 307 1755; x_wconf 71' lang='lat' dir='ltr'><strong>md]</strong></span> <span class='ocrx_word' id='word_1_65' title='bbox 321 1703 384 1755; x_wconf 75' lang='lat' dir='ltr'><strong>«pro</strong></span> <span class='ocrx_word' id='word_1_66' title='bbox 395 1689 539 1754; x_wconf 84' lang='lat' dir='ltr'><strong>praeterito</strong></span> <span class='ocrx_word' id='word_1_67' title='bbox 550 1687 649 1752; x_wconf 84' lang='lat' dir='ltr'><strong>accipi,</strong></span> <span class='ocrx_word' id='word_1_68' title='bbox 662 1700 716 1738; x_wconf 90' lang='lat' dir='ltr'><strong>non</strong></span> <span class='ocrx_word' id='word_1_69' title='bbox 727 1699 777 1751; x_wconf 92' lang='lat' dir='ltr'><strong>pro</strong></span> <span class='ocrx_word' id='word_1_70' title='bbox 815 1688 887 1748; x_wconf 84' lang='lat' dir='ltr'><strong>audi,</strong></span> <span class='ocrx_word' id='word_1_71' title='bbox 899 1687 1025 1737; x_wconf 61' lang='lat' dir='ltr'><strong>wmmn</strong></span> <span class='ocrx_word' id='word_1_72' title='bbox 1036 1687 1172 1738; x_wconf 70' lang='lat' dir='ltr'><strong>sedenim</strong></span> <span class='ocrx_word' id='word_1_73' title='bbox 1182 1689 1260 1738; x_wconf 76' lang='lat' dir='ltr'><strong>istaec</strong></span> <span class='ocrx_word' id='word_1_74' title='bbox 1270 1689 1343 1738; x_wconf 80' lang='lat' dir='ltr'><strong>miti!</strong></span> 
     </span>
     <span class='ocr_line' id='line_1_12' title="bbox 253 1760 1345 1832; baseline -0.002 -17"><span class='ocrx_word' id='word_1_75' title='bbox 253 1765 389 1832; x_wconf 79' lang='lat' dir='ltr'><strong>praesenti</strong></span> <span class='ocrx_word' id='word_1_76' title='bbox 412 1763 519 1814; x_wconf 73' lang='lat' dir='ltr'><strong>debet.»</strong></span> <span class='ocrx_word' id='word_1_77' title='bbox 548 1765 640 1814; x_wconf 81' lang='lat' dir='ltr'><strong>Poarn.</strong></span> <span class='ocrx_word' id='word_1_78' title='bbox 670 1763 777 1814; x_wconf 79' lang='lat' dir='ltr'><strong>Minime</strong></span> <span class='ocrx_word' id='word_1_79' title='bbox 816 1760 1010 1820; x_wconf 74' lang='lat' dir='ltr'><strong>Cic.Acad.2,</strong></span> <span class='ocrx_word' id='word_1_80' title='bbox 1029 1762 1077 1824; x_wconf 75' lang='lat'><strong>27,</strong></span> <span class='ocrx_word' id='word_1_81' title='bbox 1095 1762 1136 1812; x_wconf 87' lang='lat'><strong>88.</strong></span> <span class='ocrx_word' id='word_1_82' title='bbox 1151 1788 1178 1800; x_wconf 93' lang='lat'><em>-</em></span> <span class='ocrx_word' id='word_1_83' title='bbox 1193 1761 1345 1814; x_wconf 78' lang='lat' dir='ltr'><strong>Cinomni·</strong></span> 
     </span>
     <span class='ocr_line' id='line_1_13' title="bbox 255 1834 1342 1901; baseline -0.004 -10"><span class='ocrx_word' id='word_1_84' title='bbox 255 1852 329 1891; x_wconf 89' lang='lat' dir='ltr'><strong>vero.</strong></span> <span class='ocrx_word' id='word_1_85' title='bbox 346 1839 414 1889; x_wconf 83' lang='lat' dir='ltr'><strong>Vide</strong></span> <span class='ocrx_word' id='word_1_86' title='bbox 424 1837 544 1901; x_wconf 79' lang='lat' dir='ltr'><strong>Madvigii</strong></span> <span class='ocrx_word' id='word_1_87' title='bbox 553 1836 587 1887; x_wconf 86' lang='lat' dir='ltr'><strong>ad</strong></span> <span class='ocrx_word' id='word_1_88' title='bbox 597 1838 650 1888; x_wconf 87' lang='lat' dir='ltr'><strong>Sat.</strong></span> <span class='ocrx_word' id='word_1_89' title='bbox 665 1837 776 1898; x_wconf 85' lang='grc'><strong>4,6,43.</strong></span> <span class='ocrx_word' id='word_1_90' title='bbox 816 1848 850 1885; x_wconf 93' lang='lat' dir='ltr'><strong>no</strong></span> <span class='ocrx_word' id='word_1_91' title='bbox 873 1834 999 1886; x_wconf 86' lang='lat' dir='ltr'><strong>Weicirer</strong></span> <span class='ocrx_word' id='word_1_92' title='bbox 1021 1835 1066 1886; x_wconf 80' lang='lat' dir='ltr'><strong>Gr.</strong></span> <span class='ocrx_word' id='word_1_93' title='bbox 1088 1835 1227 1900; x_wconf 73' lang='lat' dir='ltr'><strong>iiopodiee</strong></span> <span class='ocrx_word' id='word_1_94' title='bbox 1250 1838 1293 1887; x_wconf 90' lang='lat' dir='ltr'><strong>lii.</strong></span> <span class='ocrx_word' id='word_1_95' title='bbox 1315 1851 1342 1901; x_wconf 92' lang='lat' dir='ltr'><strong>p.</strong></span> 
     </span>
     <span class='ocr_line' id='line_1_14' title="bbox 253 1907 1342 1978; baseline -0.005 -13"><span class='ocrx_word' id='word_1_96' title='bbox 253 1914 469 1978; x_wconf 87' lang='lat' dir='ltr'><strong>disputationem.</strong></span> <span class='ocrx_word' id='word_1_97' title='bbox 503 1914 532 1962; x_wconf 93' lang='lat' dir='ltr'><strong>ln</strong></span> <span class='ocrx_word' id='word_1_98' title='bbox 554 1913 673 1962; x_wconf 87' lang='lat' dir='ltr'><strong>oratione</strong></span> <span class='ocrx_word' id='word_1_99' title='bbox 691 1910 777 1962; x_wconf 87' lang='lat' dir='ltr'><strong>soluta</strong></span> <span class='ocrx_word' id='word_1_100' title='bbox 816 1909 889 1960; x_wconf 78' lang='lat' dir='ltr'><strong>iiiiii.</strong></span> <span class='ocrx_word' id='word_1_101' title='bbox 920 1907 997 1960; x_wconf 85' lang='lat' dir='ltr'><strong>Helm</strong></span> <span class='ocrx_word' id='word_1_102' title='bbox 1014 1909 1049 1958; x_wconf 89' lang='lat' dir='ltr'><strong>ad</strong></span> <span class='ocrx_word' id='word_1_103' title='bbox 1072 1910 1126 1960; x_wconf 88' lang='lat' dir='ltr'><strong>Cic.</strong></span> <span class='ocrx_word' id='word_1_104' title='bbox 1144 1923 1171 1974; x_wconf 93' lang='lat' dir='ltr'><strong>p.</strong></span> <span class='ocrx_word' id='word_1_105' title='bbox 1191 1911 1278 1960; x_wconf 86' lang='lat' dir='ltr'><strong>Sestio</strong></span> <span class='ocrx_word' id='word_1_106' title='bbox 1295 1911 1342 1970; x_wconf 82' lang='lat' dir='ltr'><strong>ss,</strong></span> 
     </span>
     <span class='ocr_line' id='line_1_15' title="bbox 253 1983 1345 2048; baseline -0.003 -10"><span class='ocrx_word' id='word_1_107' title='bbox 253 1988 364 2038; x_wconf 85' lang='lat' dir='ltr'><strong>dixisset</strong></span> <span class='ocrx_word' id='word_1_108' title='bbox 380 1986 566 2037; x_wconf 72' lang='lat' dir='ltr'><strong>«ador-minet·</strong></span> <span class='ocrx_word' id='word_1_109' title='bbox 586 2011 615 2024; x_wconf 89' lang='lat'>-</span> <span class='ocrx_word' id='word_1_110' title='bbox 633 1987 731 2046; x_wconf 76' lang='lat' dir='ltr'><strong>Meter,</strong></span> <span class='ocrx_word' id='word_1_111' title='bbox 755 1991 779 2035; x_wconf 81' lang='lat' dir='ltr'><strong>ie</strong></span> <span class='ocrx_word' id='word_1_112' title='bbox 816 1983 879 2034; x_wconf 74' lang='lat'>⁴26:</span> <span class='ocrx_word' id='word_1_113' title='bbox 898 1983 1047 2048; x_wconf 76' lang='lat' dir='ltr'><strong>Emerpcdet</strong></span> <span class='ocrx_word' id='word_1_114' title='bbox 1063 1985 1157 2045; x_wconf 70' lang='lat' dir='ltr'><strong>addc,</strong></span> <span class='ocrx_word' id='word_1_115' title='bbox 1176 1999 1234 2035; x_wconf 83' lang='lat' dir='ltr'><strong>eum</strong></span> <span class='ocrx_word' id='word_1_116' title='bbox 1250 1985 1345 2036; x_wconf 80' lang='lat' dir='ltr'><strong>subte-</strong></span> 
     </span>
     <span class='ocr_line' id='line_1_16' title="bbox 253 2058 1345 2126; baseline -0.003 -13"><span class='ocrx_word' id='word_1_117' title='bbox 253 2063 364 2126; x_wconf 81' lang='lat' dir='ltr'><strong>uppetto]</strong></span> <span class='ocrx_word' id='word_1_118' title='bbox 399 2063 592 2124; x_wconf 78' lang='lat' dir='ltr'><strong>Argumentum</strong></span> <span class='ocrx_word' id='word_1_119' title='bbox 625 2059 777 2123; x_wconf 81' lang='lat' dir='ltr'><strong>tragoediae</strong></span> <span class='ocrx_word' id='word_1_120' title='bbox 816 2058 1069 2122; x_wconf 77' lang='lat' dir='ltr'><strong>butarmbrepserci,</strong></span> <span class='ocrx_word' id='word_1_121' title='bbox 1087 2061 1236 2121; x_wconf 67' lang='lat' dir='ltr'><strong>uisitator,</strong></span> <span class='ocrx_word' id='word_1_122' title='bbox 1256 2064 1281 2110; x_wconf 91' lang='lat' dir='ltr'><strong>te</strong></span> <span class='ocrx_word' id='word_1_123' title='bbox 1294 2073 1345 2124; x_wconf 89' lang='lat' dir='ltr'><strong>ap-</strong></span> 
     </span>
     <span class='ocr_line' id='line_1_17' title="bbox 253 2132 1345 2197; baseline -0.004 -9"><span class='ocrx_word' id='word_1_124' title='bbox 253 2132 777 2197; x_wconf 78' lang='lat' dir='ltr'><strong>Pacuvianaesiccnarratiiyginuslab.</strong></span> <span class='ocrx_word' id='word_1_125' title='bbox 815 2132 901 2197; x_wconf 78' lang='lat' dir='ltr'><strong>pello»</strong></span> <span class='ocrx_word' id='word_1_126' title='bbox 929 2135 1041 2184; x_wconf 70' lang='lat' dir='ltr'><strong>dictim</strong></span> <span class='ocrx_word' id='word_1_127' title='bbox 1063 2135 1198 2184; x_wconf 65' lang='lat' dir='ltr'><strong>sideream</strong></span> <span class='ocrx_word' id='word_1_128' title='bbox 1224 2161 1251 2170; x_wconf 92' lang='lat'><em>-</em></span> <span class='ocrx_word' id='word_1_129' title='bbox 1277 2135 1345 2184; x_wconf 73' lang='lat' dir='ltr'><strong>mie</strong></span> 
     </span>
     <span class='ocr_line' id='line_1_18' title="bbox 254 2205 1346 2272; baseline -0.002 -12"><span class='ocrx_word' id='word_1_130' title='bbox 254 2211 319 2260; x_wconf 75' lang='lat'>⁴09:</span> <span class='ocrx_word' id='word_1_131' title='bbox 346 2209 466 2259; x_wconf 82' lang='lat' dir='ltr'><strong>«Priamo</strong></span> <span class='ocrx_word' id='word_1_132' title='bbox 489 2206 636 2270; x_wconf 82' lang='lat' dir='ltr'><strong>Polydorus</strong></span> <span class='ocrx_word' id='word_1_133' title='bbox 659 2205 727 2257; x_wconf 87' lang='lat' dir='ltr'><strong>iilius</strong></span> <span class='ocrx_word' id='word_1_134' title='bbox 745 2220 778 2256; x_wconf 88' lang='lat' dir='ltr'><strong>ex</strong></span> <span class='ocrx_word' id='word_1_135' title='bbox 816 2206 935 2272; x_wconf 82' lang='lat' dir='ltr'><strong>ducentis]</strong></span> <span class='ocrx_word' id='word_1_136' title='bbox 954 2209 995 2258; x_wconf 78' lang='lat' dir='ltr'><strong>«Si</strong></span> <span class='ocrx_word' id='word_1_137' title='bbox 1008 2221 1061 2258; x_wconf 94' lang='lat' dir='ltr'><strong>non</strong></span> <span class='ocrx_word' id='word_1_138' title='bbox 1072 2221 1141 2258; x_wconf 90' lang='lat' dir='ltr'><strong>unus</strong></span> <span class='ocrx_word' id='word_1_139' title='bbox 1153 2208 1292 2258; x_wconf 86' lang='lat' dir='ltr'><strong>dumtaxat</strong></span> <span class='ocrx_word' id='word_1_140' title='bbox 1305 2209 1346 2258; x_wconf 92' lang='lat' dir='ltr'><strong>bi-</strong></span> 
     </span>
     <span class='ocr_line' id='line_1_19' title="bbox 253 2280 1344 2344; baseline -0.001 -9"><span class='ocrx_word' id='word_1_141' title='bbox 253 2283 364 2335; x_wconf 84' lang='lat' dir='ltr'><strong>Hecuba</strong></span> <span class='ocrx_word' id='word_1_142' title='bbox 385 2283 537 2344; x_wconf 78' lang='lat' dir='ltr'><strong>comesset</strong></span> <span class='ocrx_word' id='word_1_143' title='bbox 561 2284 652 2342; x_wconf 87' lang='lat' dir='ltr'><strong>natus,</strong></span> <span class='ocrx_word' id='word_1_144' title='bbox 679 2280 777 2331; x_wconf 86' lang='lat' dir='ltr'><strong>Ilionae</strong></span> <span class='ocrx_word' id='word_1_145' title='bbox 816 2283 895 2342; x_wconf 85' lang='lat' dir='ltr'><strong>strio,</strong></span> <span class='ocrx_word' id='word_1_146' title='bbox 923 2282 972 2332; x_wconf 88' lang='lat' dir='ltr'><strong>sed</strong></span> <span class='ocrx_word' id='word_1_147' title='bbox 990 2283 1121 2343; x_wconf 85' lang='lat' dir='ltr'><strong>sexcenti,</strong></span> <span class='ocrx_word' id='word_1_148' title='bbox 1148 2285 1178 2331; x_wconf 91' lang='lat' dir='ltr'><strong>nt</strong></span> <span class='ocrx_word' id='word_1_149' title='bbox 1198 2282 1295 2331; x_wconf 89' lang='lat' dir='ltr'><strong>dicitnr</strong></span> <span class='ocrx_word' id='word_1_150' title='bbox 1318 2283 1344 2334; x_wconf 90' lang='lat' dir='ltr'><strong>in</strong></span> 
     </span>
     <span class='ocr_line' id='line_1_20' title="bbox 254 2353 1397 2419; baseline -0.007 -11"><span class='ocrx_word' id='word_1_151' title='bbox 254 2356 322 2408; x_wconf 85' lang='lat' dir='ltr'><strong>tiliae</strong></span> <span class='ocrx_word' id='word_1_152' title='bbox 340 2368 405 2407; x_wconf 87' lang='lat' dir='ltr'><strong>suae</strong></span> <span class='ocrx_word' id='word_1_153' title='bbox 423 2356 557 2406; x_wconf 89' lang='lat' dir='ltr'><strong>dederunt</strong></span> <span class='ocrx_word' id='word_1_154' title='bbox 578 2367 640 2405; x_wconf 90' lang='lat' dir='ltr'><strong>enm</strong></span> <span class='ocrx_word' id='word_1_155' title='bbox 658 2355 779 2406; x_wconf 84' lang='lat' dir='ltr'><strong>educari·</strong></span> <span class='ocrx_word' id='word_1_156' title='bbox 815 2367 895 2419; x_wconf 89' lang='lat' dir='ltr'><strong>prosa</strong></span> <span class='ocrx_word' id='word_1_157' title='bbox 913 2356 1047 2417; x_wconf 88' lang='lat' dir='ltr'><strong>oratione,</strong></span> <span class='ocrx_word' id='word_1_158' title='bbox 1065 2357 1101 2406; x_wconf 90' lang='lat' dir='ltr'><strong>iia</strong></span> <span class='ocrx_word' id='word_1_159' title='bbox 1120 2353 1293 2406; x_wconf 74' lang='lat' dir='ltr'><strong>clamarent..</strong></span> <span class='ocrx_word' id='word_1_160' title='bbox 1390 2353 1397 2368; x_wconf 82' lang='lat'><strong>¹</strong></span> 
     </span>
     <span class='ocr_line' id='line_1_21' title="bbox 253 2428 1344 2495; baseline -0.001 -13"><span class='ocrx_word' id='word_1_161' title='bbox 253 2432 333 2492; x_wconf 90' lang='lat' dir='ltr'><strong>dum,</strong></span> <span class='ocrx_word' id='word_1_162' title='bbox 344 2443 414 2494; x_wconf 85' lang='lat' dir='ltr'><strong>quae</strong></span> <span class='ocrx_word' id='word_1_163' title='bbox 427 2430 613 2494; x_wconf 88' lang='lat' dir='ltr'><strong>Polymestori,</strong></span> <span class='ocrx_word' id='word_1_164' title='bbox 627 2431 683 2493; x_wconf 81' lang='lat' dir='ltr'><strong>regi</strong></span> <span class='ocrx_word' id='word_1_165' title='bbox 694 2431 779 2480; x_wconf 85' lang='lat' dir='ltr'><strong>&#39;Phra-</strong></span> <span class='ocrx_word' id='word_1_166' title='bbox 850 2429 937 2480; x_wconf 76' lang='lat' dir='ltr'><strong>isa-ot.</strong></span> <span class='ocrx_word' id='word_1_167' title='bbox 967 2430 1030 2482; x_wconf 81' lang='lat' dir='ltr'><strong>Huic</strong></span> <span class='ocrx_word' id='word_1_168' title='bbox 1056 2431 1119 2495; x_wconf 83' lang='lat' dir='ltr'><strong>cet]</strong></span> <span class='ocrx_word' id='word_1_169' title='bbox 1137 2431 1219 2481; x_wconf 74' lang='lat' dir='ltr'><strong>‹iiiuie</strong></span> <span class='ocrx_word' id='word_1_170' title='bbox 1244 2428 1344 2495; x_wconf 91' lang='lat' dir='ltr'><strong>duplici</strong></span> 
     </span>
     <span class='ocr_line' id='line_1_22' title="bbox 253 2503 1344 2568; baseline -0.002 -12"><span class='ocrx_word' id='word_1_171' title='bbox 253 2503 329 2567; x_wconf 77' lang='lat' dir='ltr'><strong>cum,</strong></span> <span class='ocrx_word' id='word_1_172' title='bbox 357 2507 415 2555; x_wconf 89' lang='lat' dir='ltr'><strong>erat</strong></span> <span class='ocrx_word' id='word_1_173' title='bbox 431 2507 524 2568; x_wconf 87' lang='lat' dir='ltr'><strong>nupta,</strong></span> <span class='ocrx_word' id='word_1_174' title='bbox 554 2516 636 2567; x_wconf 88' lang='lat' dir='ltr'><strong>quem</strong></span> <span class='ocrx_word' id='word_1_175' title='bbox 662 2503 704 2554; x_wconf 89' lang='lat' dir='ltr'><strong>illa</strong></span> <span class='ocrx_word' id='word_1_176' title='bbox 729 2517 778 2568; x_wconf 90' lang='lat' dir='ltr'><strong>pro</strong></span> <span class='ocrx_word' id='word_1_177' title='bbox 816 2503 939 2565; x_wconf 84' lang='lat' dir='ltr'><strong>quidem,</strong></span> <span class='ocrx_word' id='word_1_178' title='bbox 967 2503 1016 2554; x_wconf 90' lang='lat' dir='ltr'><strong>sed</strong></span> <span class='ocrx_word' id='word_1_179' title='bbox 1041 2517 1127 2567; x_wconf 86' lang='lat' dir='ltr'><strong>aeque</strong></span> <span class='ocrx_word' id='word_1_180' title='bbox 1145 2517 1241 2566; x_wconf 77' lang='lat' dir='ltr'><strong>magno</strong></span> <span class='ocrx_word' id='word_1_181' title='bbox 1259 2505 1344 2555; x_wconf 88' lang='lat' dir='ltr'><strong>errori</strong></span> 
     </span>
     <span class='ocr_line' id='line_1_23' title="bbox 253 2577 1345 2643; baseline 0.002 -13"><span class='ocrx_word' id='word_1_182' title='bbox 253 2578 306 2630; x_wconf 91' lang='lat' dir='ltr'><strong>iiiio</strong></span> <span class='ocrx_word' id='word_1_183' title='bbox 323 2593 372 2630; x_wconf 86' lang='lat' dir='ltr'><strong>suo</strong></span> <span class='ocrx_word' id='word_1_184' title='bbox 395 2579 527 2630; x_wconf 89' lang='lat' dir='ltr'><strong>educavit.</strong></span> <span class='ocrx_word' id='word_1_185' title='bbox 562 2577 712 2643; x_wconf 86' lang='lat' dir='ltr'><strong>Deipbiium</strong></span> <span class='ocrx_word' id='word_1_186' title='bbox 729 2590 779 2627; x_wconf 89' lang='lat' dir='ltr'><strong>au·</strong></span> <span class='ocrx_word' id='word_1_187' title='bbox 815 2579 913 2642; x_wconf 89' lang='lat' dir='ltr'><strong>partim</strong></span> <span class='ocrx_word' id='word_1_188' title='bbox 945 2579 1007 2629; x_wconf 89' lang='lat' dir='ltr'><strong>nihii</strong></span> <span class='ocrx_word' id='word_1_189' title='bbox 1041 2580 1186 2630; x_wconf 88' lang='lat' dir='ltr'><strong>metuenda</strong></span> <span class='ocrx_word' id='word_1_190' title='bbox 1219 2580 1345 2632; x_wconf 79' lang='lat' dir='ltr'><strong>reformi-</strong></span> 
     </span>
     <span class='ocr_line' id='line_1_24' title="bbox 253 2650 1343 2718; baseline 0.001 -13"><span class='ocrx_word' id='word_1_191' title='bbox 253 2657 322 2714; x_wconf 85' lang='lat' dir='ltr'><strong>tem,</strong></span> <span class='ocrx_word' id='word_1_192' title='bbox 349 2665 430 2716; x_wconf 83' lang='lat' dir='ltr'><strong>quem</strong></span> <span class='ocrx_word' id='word_1_193' title='bbox 453 2666 487 2703; x_wconf 88' lang='lat' dir='ltr'><strong>ex</strong></span> <span class='ocrx_word' id='word_1_194' title='bbox 510 2650 692 2715; x_wconf 84' lang='lat' dir='ltr'><strong>Polymestore</strong></span> <span class='ocrx_word' id='word_1_195' title='bbox 714 2665 779 2716; x_wconf 92' lang='lat' dir='ltr'><strong>pro·</strong></span> <span class='ocrx_word' id='word_1_196' title='bbox 816 2652 910 2714; x_wconf 88' lang='lat' dir='ltr'><strong>dandi,</strong></span> <span class='ocrx_word' id='word_1_197' title='bbox 932 2656 1029 2718; x_wconf 88' lang='lat' dir='ltr'><strong>partim</strong></span> <span class='ocrx_word' id='word_1_198' title='bbox 1046 2667 1109 2704; x_wconf 85' lang='lat' dir='ltr'><strong>vera</strong></span> <span class='ocrx_word' id='word_1_199' title='bbox 1126 2654 1245 2717; x_wconf 88' lang='lat' dir='ltr'><strong>pericula</strong></span> <span class='ocrx_word' id='word_1_200' title='bbox 1262 2654 1343 2706; x_wconf 89' lang='lat' dir='ltr'><strong>stulta</strong></span> 
     </span>
     <span class='ocr_line' id='line_1_25' title="bbox 253 2726 1345 2792; baseline -0.001 -12"><span class='ocrx_word' id='word_1_201' title='bbox 253 2731 403 2789; x_wconf 83' lang='lat' dir='ltr'><strong>creaverat,</strong></span> <span class='ocrx_word' id='word_1_202' title='bbox 429 2741 478 2792; x_wconf 93' lang='lat' dir='ltr'><strong>pro</strong></span> <span class='ocrx_word' id='word_1_203' title='bbox 502 2740 550 2778; x_wconf 89' lang='lat' dir='ltr'><strong>suo</strong></span> <span class='ocrx_word' id='word_1_204' title='bbox 575 2727 656 2778; x_wconf 79' lang='lat' dir='ltr'><strong>tratre</strong></span> <span class='ocrx_word' id='word_1_205' title='bbox 678 2727 778 2777; x_wconf 85' lang='lat' dir='ltr'><strong>educa-</strong></span> <span class='ocrx_word' id='word_1_206' title='bbox 816 2726 1003 2777; x_wconf 86' lang='lat' dir='ltr'><strong>contemnendi</strong></span> <span class='ocrx_word' id='word_1_207' title='bbox 1026 2727 1139 2778; x_wconf 88' lang='lat' dir='ltr'><strong>similem</strong></span> <span class='ocrx_word' id='word_1_208' title='bbox 1157 2741 1278 2779; x_wconf 89' lang='lat' dir='ltr'><strong>errorem</strong></span> <span class='ocrx_word' id='word_1_209' title='bbox 1297 2742 1345 2779; x_wconf 92' lang='lat' dir='ltr'><strong>er·</strong></span> 
     </span>
     <span class='ocr_line' id='line_1_26' title="bbox 251 2799 1346 2866; baseline 0.001 -14"><span class='ocrx_word' id='word_1_210' title='bbox 251 2804 304 2865; x_wconf 85' lang='lat' dir='ltr'><strong>vit,</strong></span> <span class='ocrx_word' id='word_1_211' title='bbox 327 2805 358 2852; x_wconf 87' lang='lat' dir='ltr'><strong>nt</strong></span> <span class='ocrx_word' id='word_1_212' title='bbox 372 2803 395 2853; x_wconf 89' lang='lat' dir='ltr'><strong>si</strong></span> <span class='ocrx_word' id='word_1_213' title='bbox 409 2802 485 2853; x_wconf 88' lang='lat' dir='ltr'><strong>alteri</strong></span> <span class='ocrx_word' id='word_1_214' title='bbox 502 2813 597 2852; x_wconf 87' lang='lat' dir='ltr'><strong>eorum</strong></span> <span class='ocrx_word' id='word_1_215' title='bbox 611 2802 674 2866; x_wconf 88' lang='lat' dir='ltr'><strong>quid</strong></span> <span class='ocrx_word' id='word_1_216' title='bbox 693 2801 776 2862; x_wconf 82' lang='lat' dir='ltr'><strong>toret,</strong></span> <span class='ocrx_word' id='word_1_217' title='bbox 815 2813 886 2860; x_wconf 86' lang='lat' dir='ltr'><strong>rare,</strong></span> <span class='ocrx_word' id='word_1_218' title='bbox 907 2799 960 2862; x_wconf 83' lang='lat' dir='ltr'><strong>vel,</strong></span> <span class='ocrx_word' id='word_1_219' title='bbox 981 2803 1011 2851; x_wconf 89' lang='lat' dir='ltr'><strong>nt</strong></span> <span class='ocrx_word' id='word_1_220' title='bbox 1028 2803 1054 2852; x_wconf 90' lang='lat' dir='ltr'><strong>b.</strong></span> <span class='ocrx_word' id='word_1_221' title='bbox 1067 2801 1084 2852; x_wconf 91' lang='lat' dir='ltr'><strong>i.</strong></span> <span class='ocrx_word' id='word_1_222' title='bbox 1098 2804 1139 2852; x_wconf 88' lang='lat' dir='ltr'><strong>esi</strong></span> <span class='ocrx_word' id='word_1_223' title='bbox 1157 2803 1237 2852; x_wconf 90' lang='lat' dir='ltr'><strong>etiam</strong></span> <span class='ocrx_word' id='word_1_224' title='bbox 1255 2803 1346 2853; x_wconf 89' lang='lat' dir='ltr'><strong>eiiica-</strong></span> 
     </span>
     <span class='ocr_line' id='line_1_27' title="bbox 252 2875 1345 2942; baseline 0.001 -15"><span class='ocrx_word' id='word_1_225' title='bbox 252 2875 407 2942; x_wconf 87' lang='lat' dir='ltr'><strong>parentibns</strong></span> <span class='ocrx_word' id='word_1_226' title='bbox 433 2878 589 2942; x_wconf 86' lang='lat' dir='ltr'><strong>praestaret.</strong></span> <span class='ocrx_word' id='word_1_227' title='bbox 636 2875 689 2926; x_wconf 87' lang='lat' dir='ltr'><strong>Sed</strong></span> <span class='ocrx_word' id='word_1_228' title='bbox 716 2889 778 2926; x_wconf 87' lang='lat' dir='ltr'><strong>cnm</strong></span> <span class='ocrx_word' id='word_1_229' title='bbox 817 2875 886 2935; x_wconf 85' lang='lat' dir='ltr'><strong>cius,</strong></span> <span class='ocrx_word' id='word_1_230' title='bbox 904 2875 1028 2937; x_wconf 76' lang='lat' dir='ltr'><strong>insanire,</strong></span> <span class='ocrx_word' id='word_1_231' title='bbox 1048 2876 1140 2927; x_wconf 85' lang='lat' dir='ltr'><strong>insano</strong></span> <span class='ocrx_word' id='word_1_232' title='bbox 1156 2879 1239 2926; x_wconf 87' lang='lat' dir='ltr'><strong>errori</strong></span> <span class='ocrx_word' id='word_1_233' title='bbox 1257 2877 1345 2929; x_wconf 90' lang='lat' dir='ltr'><strong>obno-</strong></span> 
     </span>
     <span class='ocr_line' id='line_1_28' title="bbox 247 2949 1342 3016; baseline 0.005 -14"><span class='ocrx_word' id='word_1_234' title='bbox 247 2951 344 3002; x_wconf 76' lang='lat' dir='ltr'><strong>=acbivi</strong></span> <span class='ocrx_word' id='word_1_235' title='bbox 366 2951 442 3001; x_wconf 83' lang='lat' dir='ltr'><strong>Troia</strong></span> <span class='ocrx_word' id='word_1_236' title='bbox 460 2953 538 3015; x_wconf 90' lang='lat' dir='ltr'><strong>capta</strong></span> <span class='ocrx_word' id='word_1_237' title='bbox 561 2949 665 3015; x_wconf 90' lang='lat' dir='ltr'><strong>prolem</strong></span> <span class='ocrx_word' id='word_1_238' title='bbox 682 2951 779 3001; x_wconf 86' lang='lat' dir='ltr'><strong>Priami</strong></span> <span class='ocrx_word' id='word_1_239' title='bbox 816 2951 888 3000; x_wconf 87' lang='lat' dir='ltr'><strong>xium</strong></span> <span class='ocrx_word' id='word_1_240' title='bbox 915 2963 993 3012; x_wconf 88' lang='lat' dir='ltr'><strong>esse,</strong></span> <span class='ocrx_word' id='word_1_241' title='bbox 1020 2951 1113 3016; x_wconf 76' lang='lat' dir='ltr'><strong>volgus</strong></span> <span class='ocrx_word' id='word_1_242' title='bbox 1138 2952 1269 3003; x_wconf 79' lang='lat' dir='ltr'><strong>docebo.»</strong></span> <span class='ocrx_word' id='word_1_243' title='bbox 1288 2955 1342 3006; x_wconf 89' lang='lat' dir='ltr'><strong>cir.</strong></span> 
     </span>
     <span class='ocr_line' id='line_1_29' title="bbox 253 3022 1345 3090; baseline 0.003 -14"><span class='ocrx_word' id='word_1_244' title='bbox 253 3026 399 3090; x_wconf 85' lang='lat' dir='ltr'><strong>exstirpare</strong></span> <span class='ocrx_word' id='word_1_245' title='bbox 415 3022 528 3086; x_wconf 84' lang='lat' dir='ltr'><strong>veilent,</strong></span> <span class='ocrx_word' id='word_1_246' title='bbox 548 3051 563 3061; x_wconf 97' lang='lat'><em>-</em></span> <span class='ocrx_word' id='word_1_247' title='bbox 573 3051 588 3062; x_wconf 91' lang='lat'>-</span> <span class='ocrx_word' id='word_1_248' title='bbox 605 3025 640 3075; x_wconf 93' lang='lat' dir='ltr'><strong>ad</strong></span> <span class='ocrx_word' id='word_1_249' title='bbox 657 3024 781 3088; x_wconf 89' lang='lat' dir='ltr'><strong>Polyme-</strong></span> <span class='ocrx_word' id='word_1_250' title='bbox 817 3025 882 3088; x_wconf 84' lang='lat' dir='ltr'><strong>Epp.</strong></span> <span class='ocrx_word' id='word_1_251' title='bbox 896 3026 924 3086; x_wconf 88' lang='lat' dir='ltr'><strong>i,</strong></span> <span class='ocrx_word' id='word_1_252' title='bbox 939 3027 950 3074; x_wconf 91' lang='lat' dir='ltr'><strong>i</strong></span> <span class='ocrx_word' id='word_1_253' title='bbox 963 3065 969 3088; x_wconf 92' lang='lat'><strong>,</strong></span> <span class='ocrx_word' id='word_1_254' title='bbox 983 3027 1043 3076; x_wconf 83' lang='lat' dir='ltr'><strong>roi:</strong></span> <span class='ocrx_word' id='word_1_255' title='bbox 1062 3027 1345 3090; x_wconf 80' lang='lat' dir='ltr'><strong>Insonirepetescoite-</strong></span> 
     </span>
     <span class='ocr_line' id='line_1_30' title="bbox 252 3098 1342 3163; baseline 0.005 -13"><span class='ocrx_word' id='word_1_256' title='bbox 252 3103 354 3150; x_wconf 79' lang='lat' dir='ltr'><strong>ctorem</strong></span> <span class='ocrx_word' id='word_1_257' title='bbox 378 3098 480 3163; x_wconf 85' lang='lat' dir='ltr'><strong>legatos</strong></span> <span class='ocrx_word' id='word_1_258' title='bbox 507 3101 653 3160; x_wconf 89' lang='lat' dir='ltr'><strong>miserunt,</strong></span> <span class='ocrx_word' id='word_1_259' title='bbox 683 3100 729 3162; x_wconf 90' lang='lat' dir='ltr'><strong>qui</strong></span> <span class='ocrx_word' id='word_1_260' title='bbox 754 3100 779 3149; x_wconf 93' lang='lat' dir='ltr'><strong>ei</strong></span> <span class='ocrx_word' id='word_1_261' title='bbox 816 3100 889 3149; x_wconf 79' lang='lat' dir='ltr'><strong>eruic</strong></span> <span class='ocrx_word' id='word_1_262' title='bbox 903 3113 951 3150; x_wconf 80' lang='lat' dir='ltr'><strong>nie.</strong></span> <span class='ocrx_word' id='word_1_263' title='bbox 984 3099 1080 3151; x_wconf 89' lang='lat' dir='ltr'><strong>Paulus</strong></span> <span class='ocrx_word' id='word_1_264' title='bbox 1092 3101 1182 3152; x_wconf 88' lang='lat' dir='ltr'><strong>Sileni.</strong></span> <span class='ocrx_word' id='word_1_265' title='bbox 1195 3103 1273 3153; x_wconf 71' lang='lat' dir='ltr'><strong>anth.</strong></span> <span class='ocrx_word' id='word_1_266' title='bbox 1287 3103 1342 3155; x_wconf 87' lang='lat' dir='ltr'><strong>Pal.</strong></span> 
     </span>
     <span class='ocr_line' id='line_1_31' title="bbox 252 3167 1341 3242; baseline 0.004 -18"><span class='ocrx_word' id='word_1_267' title='bbox 252 3174 459 3236; x_wconf 77' lang='lat' dir='ltr'><strong>Agamemnonis</strong></span> <span class='ocrx_word' id='word_1_268' title='bbox 484 3171 565 3225; x_wconf 87' lang='lat' dir='ltr'><strong>filiam</strong></span> <span class='ocrx_word' id='word_1_269' title='bbox 589 3174 697 3224; x_wconf 88' lang='lat' dir='ltr'><strong>nomine</strong></span> <span class='ocrx_word' id='word_1_270' title='bbox 717 3171 780 3224; x_wconf 84' lang='lat' dir='ltr'><strong>Ele-</strong></span> <span class='ocrx_word' id='word_1_271' title='bbox 817 3175 837 3224; x_wconf 94' lang='lat'><strong>1.</strong></span> <span class='ocrx_word' id='word_1_272' title='bbox 859 3187 885 3238; x_wconf 95' lang='lat' dir='ltr'><strong>p.</strong></span> <span class='ocrx_word' id='word_1_273' title='bbox 908 3175 972 3225; x_wconf 79' lang='lat'><strong>⁴79:</strong></span> <span class='ocrx_word' id='word_1_274' title='bbox 1002 3171 1093 3234; x_wconf 81' lang='grc' dir='ltr'><strong><em>χόλον</em></strong></span> <span class='ocrx_word' id='word_1_275' title='bbox 1114 3167 1229 3227; x_wconf 70' lang='grc' dir='ltr'><strong><em>ἔνδικον</em></strong></span> <span class='ocrx_word' id='word_1_276' title='bbox 1246 3175 1341 3242; x_wconf 58' lang='lat' dir='ltr'><strong>aldae,</strong></span> 
     </span>
     <span class='ocr_line' id='line_1_32' title="bbox 252 3247 1345 3312; baseline 0.004 -13"><span class='ocrx_word' id='word_1_277' title='bbox 252 3252 338 3299; x_wconf 89' lang='lat' dir='ltr'><strong>ctram</strong></span> <span class='ocrx_word' id='word_1_278' title='bbox 363 3247 552 3312; x_wconf 85' lang='lat' dir='ltr'><strong>pollicerentur</strong></span> <span class='ocrx_word' id='word_1_279' title='bbox 575 3249 602 3300; x_wconf 92' lang='lat' dir='ltr'><strong>in</strong></span> <span class='ocrx_word' id='word_1_280' title='bbox 627 3249 779 3311; x_wconf 85' lang='lat' dir='ltr'><strong>coniugium</strong></span> <span class='ocrx_word' id='word_1_281' title='bbox 818 3249 902 3298; x_wconf 71' lang='lat' dir='ltr'><strong>riusia</strong></span> <span class='ocrx_word' id='word_1_282' title='bbox 919 3249 957 3298; x_wconf 88' lang='lat' dir='ltr'><strong>ira</strong></span> <span class='ocrx_word' id='word_1_283' title='bbox 974 3249 1218 3302; x_wconf 81' lang='lat' dir='ltr'><strong>excandescebas.»</strong></span> <span class='ocrx_word' id='word_1_284' title='bbox 1238 3280 1266 3290; x_wconf 92' lang='lat'><em>-</em></span> <span class='ocrx_word' id='word_1_285' title='bbox 1279 3259 1345 3303; x_wconf 83' lang='lat' dir='ltr'><strong>oete·</strong></span> 
     </span>
     <span class='ocr_line' id='line_1_33' title="bbox 253 3320 1343 3391; baseline 0.005 -18"><span class='ocrx_word' id='word_1_286' title='bbox 253 3325 280 3373; x_wconf 86' lang='lat' dir='ltr'><strong>et</strong></span> <span class='ocrx_word' id='word_1_287' title='bbox 295 3323 353 3372; x_wconf 86' lang='lat' dir='ltr'><strong>auri</strong></span> <span class='ocrx_word' id='word_1_288' title='bbox 369 3333 494 3385; x_wconf 74' lang='lat' dir='ltr'><strong>magnam</strong></span> <span class='ocrx_word' id='word_1_289' title='bbox 513 3325 630 3388; x_wconf 90' lang='lat' dir='ltr'><strong>copiam,</strong></span> <span class='ocrx_word' id='word_1_290' title='bbox 656 3323 678 3373; x_wconf 96' lang='lat' dir='ltr'><strong>si</strong></span> <span class='ocrx_word' id='word_1_291' title='bbox 700 3320 780 3385; x_wconf 91' lang='lat' dir='ltr'><strong>Poly·</strong></span> <span class='ocrx_word' id='word_1_292' title='bbox 815 3321 864 3388; x_wconf 81' lang='lat' dir='ltr'><strong>res]</strong></span> <span class='ocrx_word' id='word_1_293' title='bbox 878 3325 974 3374; x_wconf 89' lang='lat' dir='ltr'><strong>lioratii</strong></span> <span class='ocrx_word' id='word_1_294' title='bbox 987 3327 1107 3389; x_wconf 87' lang='lat' dir='ltr'><strong>tempore</strong></span> <span class='ocrx_word' id='word_1_295' title='bbox 1120 3325 1267 3391; x_wconf 89' lang='lat' dir='ltr'><strong>sculptores</strong></span> <span class='ocrx_word' id='word_1_296' title='bbox 1279 3327 1343 3378; x_wconf 86' lang='lat' dir='ltr'><strong>nihil</strong></span> 
     </span>
     <span class='ocr_line' id='line_1_34' title="bbox 253 3395 1345 3460; baseline 0.005 -14"><span class='ocrx_word' id='word_1_297' title='bbox 253 3396 362 3456; x_wconf 90' lang='lat' dir='ltr'><strong>dorum,</strong></span> <span class='ocrx_word' id='word_1_298' title='bbox 374 3397 470 3446; x_wconf 89' lang='lat' dir='ltr'><strong>Priami</strong></span> <span class='ocrx_word' id='word_1_299' title='bbox 482 3395 579 3455; x_wconf 86' lang='lat' dir='ltr'><strong>fllium,</strong></span> <span class='ocrx_word' id='word_1_300' title='bbox 591 3395 777 3446; x_wconf 82' lang='lat' dir='ltr'><strong>interfecisset.</strong></span> <span class='ocrx_word' id='word_1_301' title='bbox 819 3397 874 3448; x_wconf 89' lang='lat' dir='ltr'><strong>iere</strong></span> <span class='ocrx_word' id='word_1_302' title='bbox 893 3399 953 3448; x_wconf 88' lang='lat' dir='ltr'><strong>novi</strong></span> <span class='ocrx_word' id='word_1_303' title='bbox 968 3399 1152 3460; x_wconf 84' lang='lat' dir='ltr'><strong>inveniebant,</strong></span> <span class='ocrx_word' id='word_1_304' title='bbox 1172 3401 1220 3452; x_wconf 90' lang='lat' dir='ltr'><strong>sed</strong></span> <span class='ocrx_word' id='word_1_305' title='bbox 1236 3415 1269 3452; x_wconf 89' lang='lat' dir='ltr'><strong>eo</strong></span> <span class='ocrx_word' id='word_1_306' title='bbox 1280 3415 1345 3452; x_wconf 90' lang='lat' dir='ltr'><strong>con·</strong></span> 
     </span>
     <span class='ocr_line' id='line_1_35' title="bbox 251 3467 1344 3538; baseline 0.007 -19"><span class='ocrx_word' id='word_1_307' title='bbox 251 3467 420 3532; x_wconf 88' lang='lat' dir='ltr'><strong>Polymestor</strong></span> <span class='ocrx_word' id='word_1_308' title='bbox 449 3467 597 3531; x_wconf 86' lang='lat' dir='ltr'><strong>legatorum</strong></span> <span class='ocrx_word' id='word_1_309' title='bbox 626 3469 697 3520; x_wconf 90' lang='lat' dir='ltr'><strong>dicia</strong></span> <span class='ocrx_word' id='word_1_310' title='bbox 725 3482 780 3519; x_wconf 91' lang='lat' dir='ltr'><strong>non</strong></span> <span class='ocrx_word' id='word_1_311' title='bbox 818 3473 883 3522; x_wconf 88' lang='lat' dir='ltr'><strong>tenti</strong></span> <span class='ocrx_word' id='word_1_312' title='bbox 901 3475 987 3532; x_wconf 90' lang='lat' dir='ltr'><strong>erant,</strong></span> <span class='ocrx_word' id='word_1_313' title='bbox 1006 3475 1036 3522; x_wconf 92' lang='lat' dir='ltr'><strong>ut</strong></span> <span class='ocrx_word' id='word_1_314' title='bbox 1052 3475 1235 3538; x_wconf 88' lang='lat' dir='ltr'><strong>antiquissima</strong></span> <span class='ocrx_word' id='word_1_315' title='bbox 1252 3489 1344 3528; x_wconf 79' lang='lat' dir='ltr'><strong>exem-</strong></span> 
     </span>
     <span class='ocr_line' id='line_1_36' title="bbox 252 3539 1344 3610; baseline 0.005 -16"><span class='ocrx_word' id='word_1_316' title='bbox 252 3541 401 3607; x_wconf 87' lang='lat' dir='ltr'><strong>repudiavii</strong></span> <span class='ocrx_word' id='word_1_317' title='bbox 434 3539 652 3606; x_wconf 86' lang='lat' dir='ltr'><strong>Deipbiiumque,</strong></span> <span class='ocrx_word' id='word_1_318' title='bbox 696 3540 779 3594; x_wconf 90' lang='lat' dir='ltr'><strong>iilium</strong></span> <span class='ocrx_word' id='word_1_319' title='bbox 817 3545 900 3610; x_wconf 84' lang='lat' dir='ltr'><strong>pieria</strong></span> <span class='ocrx_word' id='word_1_320' title='bbox 923 3559 1004 3609; x_wconf 86' lang='lat' dir='ltr'><strong>quam</strong></span> <span class='ocrx_word' id='word_1_321' title='bbox 1029 3549 1229 3599; x_wconf 87' lang='lat' dir='ltr'><strong>accuratissime</strong></span> <span class='ocrx_word' id='word_1_322' title='bbox 1255 3551 1344 3600; x_wconf 90' lang='lat' dir='ltr'><strong>imita-</strong></span> 
     </span>
     <span class='ocr_line' id='line_1_37' title="bbox 252 3615 1343 3686; baseline 0.006 -17"><span class='ocrx_word' id='word_1_323' title='bbox 252 3629 343 3678; x_wconf 88' lang='lat' dir='ltr'><strong>auurn,</strong></span> <span class='ocrx_word' id='word_1_324' title='bbox 359 3615 515 3681; x_wconf 88' lang='lat' dir='ltr'><strong>imprudens</strong></span> <span class='ocrx_word' id='word_1_325' title='bbox 527 3615 632 3678; x_wconf 89' lang='lat' dir='ltr'><strong>occidit,</strong></span> <span class='ocrx_word' id='word_1_326' title='bbox 646 3616 779 3668; x_wconf 85' lang='lat' dir='ltr'><strong>arbitrans</strong></span> <span class='ocrx_word' id='word_1_327' title='bbox 817 3623 918 3671; x_wconf 91' lang='lat' dir='ltr'><strong>rentur.</strong></span> <span class='ocrx_word' id='word_1_328' title='bbox 953 3622 1081 3681; x_wconf 78' lang='lat' dir='ltr'><strong>Quocirca</strong></span> <span class='ocrx_word' id='word_1_329' title='bbox 1100 3621 1193 3686; x_wconf 85' lang='lat' dir='ltr'><strong>flebat,</strong></span> <span class='ocrx_word' id='word_1_330' title='bbox 1221 3625 1249 3674; x_wconf 92' lang='lat' dir='ltr'><strong>ut</strong></span> <span class='ocrx_word' id='word_1_331' title='bbox 1264 3629 1343 3676; x_wconf 89' lang='lat' dir='ltr'><strong>vete-</strong></span> 
     </span>
     <span class='ocr_line' id='line_1_38' title="bbox 252 3689 1343 3760; baseline 0.005 -16"><span class='ocrx_word' id='word_1_332' title='bbox 252 3705 282 3744; x_wconf 88' lang='lat' dir='ltr'><strong>se</strong></span> <span class='ocrx_word' id='word_1_333' title='bbox 300 3691 474 3754; x_wconf 79' lang='lat' dir='ltr'><strong>Polydorum,</strong></span> <span class='ocrx_word' id='word_1_334' title='bbox 501 3689 584 3742; x_wconf 87' lang='lat' dir='ltr'><strong>fllium</strong></span> <span class='ocrx_word' id='word_1_335' title='bbox 601 3693 710 3754; x_wconf 87' lang='lat' dir='ltr'><strong>Priami,</strong></span> <span class='ocrx_word' id='word_1_336' title='bbox 737 3693 779 3742; x_wconf 89' lang='lat' dir='ltr'><strong>in·</strong></span> <span class='ocrx_word' id='word_1_337' title='bbox 817 3707 877 3744; x_wconf 86' lang='lat' dir='ltr'><strong>rum</strong></span> <span class='ocrx_word' id='word_1_338' title='bbox 894 3695 1025 3746; x_wconf 85' lang='lat' dir='ltr'><strong>artificum</strong></span> <span class='ocrx_word' id='word_1_339' title='bbox 1043 3709 1128 3760; x_wconf 88' lang='lat' dir='ltr'><strong>usque</strong></span> <span class='ocrx_word' id='word_1_340' title='bbox 1146 3696 1181 3746; x_wconf 89' lang='lat' dir='ltr'><strong>ad</strong></span> <span class='ocrx_word' id='word_1_341' title='bbox 1201 3696 1343 3750; x_wconf 79' lang='lat' dir='ltr'><strong>Alexandri</strong></span> 
     </span>
     <span class='ocr_line' id='line_1_39' title="bbox 251 3766 1344 3835; baseline 0.007 -18"><span class='ocrx_word' id='word_1_342' title='bbox 251 3766 404 3817; x_wconf 74' lang='lat' dir='ltr'><strong>teriecissen</strong></span> <span class='ocrx_word' id='word_1_343' title='bbox 424 3768 475 3815; x_wconf 90' lang='lat' dir='ltr'><strong>cet.</strong></span> <span class='ocrx_word' id='word_1_344' title='bbox 516 3766 573 3816; x_wconf 88' lang='lat' dir='ltr'><strong>iam</strong></span> <span class='ocrx_word' id='word_1_345' title='bbox 596 3766 667 3830; x_wconf 86' lang='lat' dir='ltr'><strong>apud</strong></span> <span class='ocrx_word' id='word_1_346' title='bbox 692 3769 779 3816; x_wconf 91' lang='lat' dir='ltr'><strong>Pacu·</strong></span> <span class='ocrx_word' id='word_1_347' title='bbox 817 3768 850 3819; x_wconf 87' lang='lat' dir='ltr'><strong>ii.</strong></span> <span class='ocrx_word' id='word_1_348' title='bbox 864 3771 979 3820; x_wconf 87' lang='lat' dir='ltr'><strong>aetatem</strong></span> <span class='ocrx_word' id='word_1_349' title='bbox 997 3781 1079 3834; x_wconf 87' lang='lat' dir='ltr'><strong>opera</strong></span> <span class='ocrx_word' id='word_1_350' title='bbox 1097 3773 1154 3835; x_wconf 85' lang='lat' dir='ltr'><strong>ipsa</strong></span> <span class='ocrx_word' id='word_1_351' title='bbox 1171 3773 1197 3821; x_wconf 94' lang='lat' dir='ltr'><strong>in</strong></span> <span class='ocrx_word' id='word_1_352' title='bbox 1216 3772 1272 3823; x_wconf 82' lang='lat' dir='ltr'><strong>dies</strong></span> <span class='ocrx_word' id='word_1_353' title='bbox 1284 3776 1344 3825; x_wconf 87' lang='lat' dir='ltr'><strong>stu-</strong></span> 
     </span>
     <span class='ocr_line' id='line_1_40' title="bbox 251 3837 1340 3906; baseline 0.006 -15"><span class='ocrx_word' id='word_1_354' title='bbox 251 3841 325 3892; x_wconf 85' lang='lat' dir='ltr'><strong>vium</strong></span> <span class='ocrx_word' id='word_1_355' title='bbox 336 3837 448 3905; x_wconf 83' lang='lat' dir='ltr'><strong>Deiphili</strong></span> <span class='ocrx_word' id='word_1_356' title='bbox 459 3839 556 3891; x_wconf 90' lang='lat' dir='ltr'><strong>umbra</strong></span> <span class='ocrx_word' id='word_1_357' title='bbox 565 3838 706 3891; x_wconf 90' lang='lat' dir='ltr'><strong>dormienti</strong></span> <span class='ocrx_word' id='word_1_358' title='bbox 718 3839 779 3890; x_wconf 92' lang='lat' dir='ltr'><strong>ilio-</strong></span> <span class='ocrx_word' id='word_1_359' title='bbox 817 3842 917 3893; x_wconf 89' lang='lat' dir='ltr'><strong>diosius</strong></span> <span class='ocrx_word' id='word_1_360' title='bbox 940 3848 1145 3906; x_wconf 82' lang='lat' dir='ltr'><strong>quaererentur.</strong></span> <span class='ocrx_word' id='word_1_361' title='bbox 1186 3847 1259 3897; x_wconf 85' lang='lat' dir='ltr'><strong>Statii</strong></span> <span class='ocrx_word' id='word_1_362' title='bbox 1277 3846 1340 3898; x_wconf 89' lang='lat' dir='ltr'><strong>Silv.</strong></span> 
     </span>
     <span class='ocr_line' id='line_1_41' title="bbox 252 3913 1345 3980; baseline 0.007 -16"><span class='ocrx_word' id='word_1_363' title='bbox 252 3927 301 3965; x_wconf 90' lang='lat' dir='ltr'><strong>nae</strong></span> <span class='ocrx_word' id='word_1_364' title='bbox 319 3927 382 3965; x_wconf 91' lang='lat' dir='ltr'><strong>cum</strong></span> <span class='ocrx_word' id='word_1_365' title='bbox 398 3915 555 3978; x_wconf 86' lang='lat' dir='ltr'><strong>appareret,</strong></span> <span class='ocrx_word' id='word_1_366' title='bbox 578 3915 620 3966; x_wconf 89' lang='lat' dir='ltr'><strong>bis</strong></span> <span class='ocrx_word' id='word_1_367' title='bbox 637 3913 777 3965; x_wconf 85' lang='lat' dir='ltr'><strong>versieulis</strong></span> <span class='ocrx_word' id='word_1_368' title='bbox 815 3914 847 3976; x_wconf 85' lang='grc'><strong>4,</strong></span> <span class='ocrx_word' id='word_1_369' title='bbox 874 3915 904 3976; x_wconf 85' lang='grc'><strong>6,</strong></span> <span class='ocrx_word' id='word_1_370' title='bbox 930 3919 976 3966; x_wconf 69' lang='lat' dir='ltr'><strong>ii:</strong></span> <span class='ocrx_word' id='word_1_371' title='bbox 1013 3919 1187 3980; x_wconf 67' lang='lat' dir='ltr'><strong>orob-ocutis</strong></span> <span class='ocrx_word' id='word_1_372' title='bbox 1209 3923 1345 3972; x_wconf 74' lang='lat' dir='ltr'><strong>certauerit</strong></span> 
     </span>
     <span class='ocr_line' id='line_1_42' title="bbox 252 3987 1345 4058; baseline 0.004 -19"><span class='ocrx_word' id='word_1_373' title='bbox 252 4001 314 4039; x_wconf 87' lang='lat' dir='ltr'><strong>eam</strong></span> <span class='ocrx_word' id='word_1_374' title='bbox 330 3987 530 4052; x_wconf 87' lang='lat' dir='ltr'><strong>alioquebatur:</strong></span> <span class='ocrx_word' id='word_1_375' title='bbox 559 3991 656 4050; x_wconf 74' lang='lat' dir='ltr'><strong>diam,</strong></span> <span class='ocrx_word' id='word_1_376' title='bbox 683 3995 707 4040; x_wconf 86' lang='lat' dir='ltr'><strong>te</strong></span> <span class='ocrx_word' id='word_1_377' title='bbox 729 4003 778 4051; x_wconf 86' lang='lat' dir='ltr'><strong>ep-</strong></span> <span class='ocrx_word' id='word_1_378' title='bbox 815 4003 928 4051; x_wconf 74' lang='lat' dir='ltr'><strong>mqiiom</strong></span> <span class='ocrx_word' id='word_1_379' title='bbox 954 3992 1074 4053; x_wconf 69' lang='lat' dir='ltr'><strong>Vindicis,</strong></span> <span class='ocrx_word' id='word_1_380' title='bbox 1101 3995 1227 4058; x_wconf 73' lang='lat' dir='ltr'><strong>nrttiiccm</strong></span> <span class='ocrx_word' id='word_1_381' title='bbox 1249 4001 1345 4048; x_wconf 68' lang='lat' dir='ltr'><strong>cemes</strong></span> 
     </span>
     <span class='ocr_line' id='line_1_43' title="bbox 247 4063 1343 4128; baseline 0.009 -17"><span class='ocrx_word' id='word_1_382' title='bbox 247 4063 330 4126; x_wconf 86' lang='lat' dir='ltr'><strong>petto,</strong></span> <span class='ocrx_word' id='word_1_383' title='bbox 348 4075 414 4124; x_wconf 77' lang='lat' dir='ltr'><strong>quoe</strong></span> <span class='ocrx_word' id='word_1_384' title='bbox 430 4075 520 4112; x_wconf 71' lang='lat' dir='ltr'><strong>erroro</strong></span> <span class='ocrx_word' id='word_1_385' title='bbox 537 4075 777 4126; x_wconf 75' lang='lat' dir='ltr'><strong>ammoacpeiisem</strong></span> <span class='ocrx_word' id='word_1_386' title='bbox 815 4077 949 4128; x_wconf 70' lang='lat' dir='ltr'><strong>apposuere</strong></span> <span class='ocrx_word' id='word_1_387' title='bbox 965 4065 1076 4116; x_wconf 73' lang='lat' dir='ltr'><strong>dmiar?</strong></span> <span class='ocrx_word' id='word_1_388' title='bbox 1099 4094 1127 4104; x_wconf 96' lang='lat'><em>-</em></span> <span class='ocrx_word' id='word_1_389' title='bbox 1150 4069 1261 4119; x_wconf 87' lang='lat' dir='ltr'><strong>Distinxi</strong></span> <span class='ocrx_word' id='word_1_390' title='bbox 1278 4083 1343 4122; x_wconf 87' lang='lat' dir='ltr'><strong>cum</strong></span> 
     </span>
     <span class='ocr_line' id='line_1_44' title="bbox 251 4137 1341 4211; baseline 0.006 -23"><span class='ocrx_word' id='word_1_391' title='bbox 251 4139 333 4196; x_wconf 77' lang='lat' dir='ltr'><strong>beer,</strong></span> <span class='ocrx_word' id='word_1_392' title='bbox 359 4137 444 4197; x_wconf 73' lang='lat' dir='ltr'><strong>Nepae</strong></span> <span class='ocrx_word' id='word_1_393' title='bbox 460 4141 483 4186; x_wconf 78' lang='lat' dir='ltr'><strong>te</strong></span> <span class='ocrx_word' id='word_1_394' title='bbox 498 4137 677 4188; x_wconf 74' lang='lat' dir='ltr'><strong>metriimei:</strong></span> <span class='ocrx_word' id='word_1_395' title='bbox 702 4151 778 4202; x_wconf 71' lang='lat' dir='ltr'><strong>nepe</strong></span> <span class='ocrx_word' id='word_1_396' title='bbox 814 4141 963 4200; x_wconf 82' lang='lat' dir='ltr'><strong>iiiintzero,</strong></span> <span class='ocrx_word' id='word_1_397' title='bbox 990 4144 1020 4190; x_wconf 90' lang='lat' dir='ltr'><strong>ui</strong></span> <span class='ocrx_word' id='word_1_398' title='bbox 1044 4143 1176 4211; x_wconf 77' lang='lat' dir='ltr'><strong>sententia</strong></span> <span class='ocrx_word' id='word_1_399' title='bbox 1204 4144 1273 4194; x_wconf 85' lang='lat' dir='ltr'><strong>baec</strong></span> <span class='ocrx_word' id='word_1_400' title='bbox 1289 4146 1341 4196; x_wconf 88' lang='lat' dir='ltr'><strong>sit:</strong></span> 
     </span>
     <span class='ocr_line' id='line_1_45' title="bbox 252 4209 1343 4281; baseline 0.008 -21"><span class='ocrx_word' id='word_1_401' title='bbox 252 4215 275 4260; x_wconf 81' lang='lat' dir='ltr'><strong>et</strong></span> <span class='ocrx_word' id='word_1_402' title='bbox 291 4209 364 4272; x_wconf 79' lang='lat' dir='ltr'><strong>repeti</strong></span> <span class='ocrx_word' id='word_1_403' title='bbox 380 4212 487 4259; x_wconf 66' lang='lat' dir='ltr'><strong>natum</strong></span> <span class='ocrx_word' id='word_1_404' title='bbox 510 4211 572 4274; x_wconf 79' lang='lat' dir='ltr'><strong>icio.</strong></span> <span class='ocrx_word' id='word_1_405' title='bbox 585 4213 663 4262; x_wconf 82' lang='lat' dir='ltr'><strong>Tusc.</strong></span> <span class='ocrx_word' id='word_1_406' title='bbox 677 4212 687 4260; x_wconf 95' lang='lat' dir='ltr'><strong>i</strong></span> <span class='ocrx_word' id='word_1_407' title='bbox 702 4249 709 4274; x_wconf 88' lang='lat'><strong>,</strong></span> <span class='ocrx_word' id='word_1_408' title='bbox 727 4211 774 4274; x_wconf 84' lang='grc'><strong>44,</strong></span> <span class='ocrx_word' id='word_1_409' title='bbox 816 4213 868 4263; x_wconf 81' lang='lat' dir='ltr'><strong>«Ex</strong></span> <span class='ocrx_word' id='word_1_410' title='bbox 901 4212 1040 4266; x_wconf 89' lang='lat' dir='ltr'><strong>bominum</strong></span> <span class='ocrx_word' id='word_1_411' title='bbox 1071 4216 1217 4281; x_wconf 79' lang='lat' dir='ltr'><strong>volgarium</strong></span> <span class='ocrx_word' id='word_1_412' title='bbox 1249 4231 1343 4274; x_wconf 82' lang='lat' dir='ltr'><strong>errore</strong></span> 
     </span>
     <span class='ocr_line' id='line_1_46' title="bbox 253 4281 1343 4356; baseline 0.009 -22"><span class='ocrx_word' id='word_1_413' title='bbox 253 4283 320 4346; x_wconf 81' lang='lat' dir='ltr'><strong>ios.)</strong></span> <span class='ocrx_word' id='word_1_414' title='bbox 359 4281 404 4335; x_wconf 85' lang='lat' dir='ltr'><strong>illa</strong></span> <span class='ocrx_word' id='word_1_415' title='bbox 427 4286 517 4336; x_wconf 87' lang='lat' dir='ltr'><strong>autem</strong></span> <span class='ocrx_word' id='word_1_416' title='bbox 535 4287 690 4348; x_wconf 87' lang='lat' dir='ltr'><strong>experrecta</strong></span> <span class='ocrx_word' id='word_1_417' title='bbox 709 4286 776 4337; x_wconf 85' lang='lat' dir='ltr'><strong>baec</strong></span> <span class='ocrx_word' id='word_1_418' title='bbox 815 4299 880 4338; x_wconf 87' lang='lat' dir='ltr'><strong>sane</strong></span> <span class='ocrx_word' id='word_1_419' title='bbox 905 4288 1004 4338; x_wconf 88' lang='lat' dir='ltr'><strong>insanit</strong></span> <span class='ocrx_word' id='word_1_420' title='bbox 1027 4289 1219 4356; x_wconf 84' lang='lat' dir='ltr'><strong>Damasippus,</strong></span> <span class='ocrx_word' id='word_1_421' title='bbox 1244 4293 1343 4345; x_wconf 73' lang='lat' dir='ltr'><strong>menda</strong></span> 
     </span>
    </p>
   </div>
   <div class='ocr_carea' id='block_1_6' title="bbox 0 0 1562 4968">
    <p class='ocr_par' dir='ltr' id='par_1_9' title="bbox 0 0 1562 4968">
     <span class='ocr_line' id='line_1_47' title="bbox 0 0 1562 4968; baseline 0 0"><span class='ocrx_word' id='word_1_422' title='bbox 0 0 1562 4968; x_wconf 95' lang='lat' dir='ltr'><strong> </strong></span> 
     </span>
    </p>
   </div>
  </div>
 </body>
</html>
