3156 4972
587 411 646 460 ιιιι.
666 411 696 460 ιι.
732 410 800 460 sar.
820 411 871 460 vn.
1214 407 1275 472 329

236 565 369 646 Quando
393 566 434 631 ita
458 566 598 632 maiores
620 565 804 642 voluerunt,
829 576 937 642 utere,
962 585 1065 631 narra.
1255 565 1274 628 5

234 688 309 753 Pars
331 687 494 752 hominum
518 687 602 752 vitiis
625 686 746 774 gaudet
768 696 952 754 constanter
974 696 1006 752 et
1028 695 1121 773 urget

235 808 449 895 Propositum3
472 828 548 895 pars
571 806 669 873 multa
692 816 793 882 natat,
818 807 915 874 modo
937 815 1025 873 recta
1041 826 1230 894 capessens,

233 929 395 995 Interdum
418 930 526 1017 pravis
549 929 698 995 obnoxia.
743 929 848 1015 Saepe
871 937 997 995 notatus

234 1050 313 1116 Cum
335 1049 438 1117 tribus
461 1049 589 1126 anellis,
616 1049 713 1116 modo
737 1049 828 1116 laeva
851 1051 981 1118 Priscus
1004 1051 1103 1124 inani,

234 1172 313 1237 Vixit
335 1171 528 1260 inaequalis,
553 1171 679 1238 clavum
703 1181 737 1236 ut
759 1148 897 1237 mutaret
919 1171 950 1236 in
973 1171 1086 1248 horas,
1235 1171 1275 1236 40

232 1291 374 1359 Aedibus
397 1313 437 1359 en
459 1294 583 1380 magnis
606 1291 712 1358 subito
735 1312 772 1358 se
794 1291 963 1369 conderet,
987 1292 1073 1358 unde

231 1413 379 1482 llundior
401 1415 503 1481 exiret
525 1417 577 1480 vix
599 1413 765 1481 libertinus
788 1413 938 1492 honeste3

254 1594 292 1644 te.
313 1595 348 1656 ia]
366 1599 394 1643 ut
412 1595 555 1658 <cupersan
575 1595 608 1656 inl
627 1595 652 1644 S.

190 1749 241 1816 χὰς
254 1752 391 1816 (inducias)
404 1753 547 1803 habebant.
567 1751 631 1804 Plin.
643 1753 709 1818 Epp.
749 1753 856 1804 orticaria
867 1766 966 1817 gemma
978 1754 1126 1816 dimonttcr.
1162 1751 1272 1805 Martial.

189 1829 214 1888 Ξ,
234 1830 275 1890 ll,
294 1827 341 1879 el:
360 1827 389 1877 la
405 1828 470 1877 bunc
487 1842 531 1891 ego
548 1828 659 1878 diaetam
677 1828 710 1891 (in
749 1829 779 1887 t,
799 1827 843 1888 64,
862 1828 891 1876 b:
914 1829 960 1877 Per
976 1828 1049 1878 cutus
1065 1827 1188 1892 (Mariani)
1207 1828 1275 1890 digi-

188 1901 245 1952 ville
267 1915 331 1954 mea
354 1903 521 1964 Laurentina)
538 1915 595 1952 cum
616 1915 656 1952 me
670 1915 711 1951 re·
748 1907 785 1950 tor
807 1902 888 1950 currit
911 1902 970 1951 bais
993 1903 1084 1951 camus
1107 1914 1197 1951 annes.
1226 1902 1272 1962 44,

188 1978 261 2040 cipio,
281 1977 366 2027 werse
381 1977 443 2026 milri
458 1977 534 2027 etium
551 1990 568 2025 a
583 1977 712 2026 videnter
749 1975 795 2036 59,
815 1976 846 2024 l:
874 1975 1091 2026 senseramus
1106 1975 1219 2026 annam
1235 1976 1275 2024 di-

187 2051 285 2114 videor,
304 2052 710 2114 mccanwemaotuptaten,
749 2050 807 2114 gitis
822 2051 895 2114 perit.
931 2049 993 2100 lsid.
1016 2050 1085 2114 Orig.
1108 2050 1152 2112 49,
1175 2049 1220 2110 34,
1244 2049 1273 2100 4;

186 2127 322 2189 maxime
339 2125 529 2188 Saturnalibus,
548 2127 637 2188 copto,
655 2140 712 2176 cum
749 2124 821 2186 Apud
837 2129 931 2174 aemes
941 2124 1011 2174 ultra
1026 2137 1105 2174 crtum
1122 2125 1226 2175 cautum
1237 2125 1275 2174 uti

187 2200 283 2261 relique
297 2212 364 2263 pars
380 2200 436 2248 tecti
452 2199 662 2250 lieentiadierum
674 2201 712 2262 se·
748 2199 843 2262 inferne
865 2199 977 2249 habitum
998 2200 1063 2250 utro.
1102 2199 1128 2250 C.
1149 2201 1276 2251 Gracchus

187 2276 275 2337 alisque
299 2274 453 2324 ctamontue
474 2279 603 2336 perorat.
645 2275 712 2324 Nam
748 2275 775 2322 tn
797 2275 940 2324 liuentem:
970 2273 1158 2336 Considerate,
1186 2275 1275 2334 Quiri-

187 2350 296 2412 accipre
313 2347 538 2398 meoremlartbre
554 2362 598 2398 nec
616 2349 713 2399 44444444-
750 2348 805 2407 les‚
829 2348 962 2398 sinistram
981 2347 1053 2407 eiue;
1081 2361 1115 2399 eu
1133 2349 1208 2399 cuius
1226 2361 1275 2398 au-

187 2424 231 2474 diir
246 2425 308 2474 meis
326 2423 479 2485 obstrepunt.
509 2423 562 2472 Clr.
576 2425 629 2472 Set.
643 2425 672 2485 4,
686 2423 711 2485 3,
750 2423 900 2472 cleritatem
918 2423 1074 2486 sequimini,
1097 2425 1143 2488 qui
1165 2426 1276 2488 propter

186 2499 209 2549 a.
229 2527 256 2536 -
275 2496 429 2561 emrstcater]
449 2495 652 2560 «aequabiliter,
677 2499 712 2547 ita
750 2494 892 2547 mulierum
920 2498 1095 2562 cupiditatem
1123 2499 1152 2547 ut
1180 2495 1276 2547 mulier

187 2574 213 2622 ul
223 2573 249 2623 in
266 2571 399 2637 pravitate
412 2569 507 2621 saltem
520 2570 571 2621 sibi
582 2574 711 2621 condeta
751 2573 793 2621 est
820 2574 937 2622 ornatus.
985 2573 1106 2634 erasae,
1136 2573 1179 2634 qui
1207 2574 1276 2634 apud

187 2672 214 2683 -
224 2647 306 2712 urget]
317 2647 438 2696 «naviter
446 2646 644 2710 persequitur.»
654 2645 710 2696 Tib.
749 2645 853 2696 Portitor
866 2646 957 2708 periit,
976 2647 1003 2696 in
1019 2651 1140 2698 reuectete
1157 2648 1219 2696 duos
1231 2647 1276 2695 tro·

187 2723 213 2782 4,
231 2721 260 2782 9,
279 2723 310 2771 8:
341 2721 373 2770 Et
390 2721 483 2770 durum
505 2725 589 2770 terrae
605 2721 714 2770 raeticus
750 2721 914 2782 buitanulcs,
928 2733 1033 2770 comam
1042 2721 1196 2784 praeferens,
1210 2722 1276 2782 quod

186 2801 255 2858 urget
271 2807 344 2858 opus.
366 2821 393 2832 -
412 2793 493 2858 natet]
513 2795 637 2856 «titubat,
659 2795 713 2845 bue
747 2796 857 2858 pecuale
874 2795 896 2844 ci
913 2796 1035 2844 immersu
1050 2797 1172 2845 decimet.
1202 2795 1276 2844 Muta

186 2873 262 2934 atque
281 2869 345 2920 illuc
362 2868 471 2919 fertur.»
500 2867 587 2920 Manli.
600 2869 629 2930 4,
648 2869 710 2919 256:
750 2871 825 2920 etiam
836 2871 1007 2919 limenorum
1015 2870 1277 2934 prograuitateauu·

185 2943 245 2993 ilinc
262 2951 285 2994 et
310 2943 437 2994 mobilitas
458 2957 545 2993 rerum
567 2948 714 3005 mutataque
750 2945 802 2994 turn
823 2949 922 3007 gestare
944 2944 971 2993 in
994 2944 1071 3008 digito
1094 2943 1273 2993 abstinuemnt.

185 3031 256 3082 saepe
281 3021 355 3070 Mene
379 3023 461 3068 natat.
505 3019 607 3068 Seneca
628 3019 710 3083 Epist.
753 3017 943 3081 -inuequetiaJ
962 3018 1082 3068 Clasat.
1102 3019 1131 3079 4,
1150 3018 1179 3079 3,
1199 3017 1223 3067 9.
1244 3017 1275 3067 te

186 3093 227 3142 35:
253 3093 365 3146 Mutatio
381 3093 517 3143 uoluntatis
536 3093 631 3142 indicat
653 3093 713 3142 ani-
751 3103 792 3155 sq.
814 3119 841 3128 —
864 3093 964 3141 elavem
985 3097 1014 3142 ut
1039 3092 1157 3157 mutaret]
1183 3091 1275 3142 allode

184 3181 251 3217 mum
267 3173 371 3218 amere.
401 3167 456 3216 lam
473 3167 517 3216 hic
534 3168 636 3216 semina
652 3169 714 3218 sunt
749 3167 779 3217 ut
796 3167 905 3216 senator
922 3169 979 3216 crat
996 3167 1104 3217 indutus
1126 3166 1214 3216 tunica
1236 3163 1276 3215 la-

186 3241 322 3292 dcctn'aae
342 3242 463 3300 Stoicae,
490 3253 559 3304 quae
577 3240 713 3306 ἐπαμφο-
751 3239 866 3302 ticlatia,
893 3239 974 3291 modo
992 3244 1021 3291 ut
1045 3252 1130 3304 eques
1148 3241 1194 3290 llo.
1214 3252 1275 3290 cum

185 3312 323 3386 τερισμὸν
341 3328 436 3366 severe
458 3314 575 3366 vetabat.
609 3319 711 3366 Arriae.
751 3317 863 3379 angusto
877 3314 1114 3380 (purpuraelclavo
1125 3313 1274 3379 prodibat.»

186 3389 264 3455 Epict.
280 3391 309 3452 4,
329 3391 359 3450 4,
379 3390 409 3440 4;
435 3383 529 3452 οὐδεὶς
546 3389 713 3455 ἑπαμφοτε·
753 3418 779 3426 -
799 3391 826 3440 ia
842 3390 925 3451 iteras]
939 3389 1012 3441 Conl.
1026 3393 1055 3440 Α.
1069 3392 1098 3440 Ρ.
1112 3390 1175 3439 46οτ
1193 3393 1277 3439 mma

186 3465 266 3533 piger
283 3460 406 3516 δύναται
423 3463 583 3535 repondeat.
601 3494 626 3502 -
639 3469 712 3517 modo
750 3469 792 3514 tur
809 3465 835 3514 tn
851 3465 935 3514 lucras.
951 3493 978 3501 —
992 3465 1097 3514 Aedibus
1108 3463 1170 3527 cet]
1183 3462 1276 3516 «blodo

184 3564 198 3574 -
209 3566 235 3597 -.
254 3539 409 3590 Interdum-
421 3567 442 3588 -.
462 3541 567 3602 Saepe-
579 3567 606 3602 ·,
624 3543 710 3603 nwda]
750 3552 861 3602 magnus
879 3538 961 3590 aedes
980 3538 1148 3590 conducebat
1165 3541 1193 3588 et
1204 3549 1277 3587 emc-

186 3611 222 3664 Cl.
236 3615 290 3663 Sat.
306 3615 335 3674 4,
356 3613 402 3672 ld,
423 3614 449 3662 44
471 3627 531 3677 sqq.
750 3614 808 3676 bat,
829 3614 908 3665 medo
921 3612 1097 3665 coenaculum
1107 3612 1149 3663 vel
1165 3611 1276 3661 domurn

216 3687 289 3740 e-tl.
319 3689 428 3754 Priame]
446 3689 527 3738 bomo
544 3689 658 3752 ignotus,
672 3703 713 3739 or·
749 3689 854 3751 tugurio
866 3687 981 3740 similem
990 3727 997 3749 ,
1014 3687 1060 3737 ubl
1077 3701 1111 3736 ne
1123 3685 1276 3737 libertinum

187 3759 253 3812 dinis
280 3765 371 3812 tamen
398 3763 534 3812 senatorii.
568 3764 639 3824 tarn,
667 3765 712 3826 qui
750 3763 861 3826 quidem
885 3762 964 3827 paulo
990 3763 1173 3814 honestiorem
1195 3763 1275 3823 atque

186 3836 450 3898 huicoecurrebant‚
470 3837 712 3889 mirabantureum
750 3834 940 3899 elegantiorem
978 3836 1099 3887 habitare
1138 3835 1274 3886 deceret.»

186 3911 266 3960 modo
293 3913 348 3962 tres
367 3911 460 3963 anulos
486 3913 603 3976 gestare,
631 3913 712 3964 modo
750 3913 817 3963 Satis
835 3912 971 3976 eleganter
988 3913 1091 3962 comm.
1107 3909 1275 3973 Cruqnianus

187 3983 418 4037 nullumomninc.
453 3987 543 4036 Trium
555 3989 645 4037 autem
658 3987 712 4037 llo·
749 3985 784 4035 ed
803 3985 872 4036 h.l.:
898 3989 943 4036 «ut
960 3999 992 4036 ex
1009 3983 1126 4051 superba
1144 3986 1172 4034 et
1189 3983 1276 4034 ambi-

187 4060 244 4108 ratli
262 4060 428 4123 temporibus
442 4062 494 4111 iam
506 4062 603 4112 nimius
616 4075 712 4112 nume·
750 4062 816 4110 tiosa
832 4061 913 4112 domo
931 4061 1057 4124 migraret
1070 4061 1097 4109 ln
1109 4057 1236 4109 humilem
1249 4061 1277 4108 et

186 4144 230 4181 rus
249 4135 320 4194 erat,
346 4136 390 4197 qul
407 4137 501 4198 postea
519 4149 628 4200 semper
651 4149 711 4186 cre·
750 4133 842 4195 talem,
866 4135 937 4186 unde
954 4135 996 4184 vin
1014 4136 1168 4198 dignaretur
1185 4132 1276 4198 egredi

185 4207 229 4254 rit.
271 4207 372 4258 Seneca
398 4211 455 4259 Nat.
479 4210 585 4270 Queest.
607 4211 636 4270 4,
664 4211 709 4260 34;
749 4208 888 4260 libertinus
917 4209 996 4274 paulo
1028 4208 1199 4266 liberali0r3»
1229 4209 1276 4258 ubi

186 4279 349 4332 ltamnamcr
365 4283 448 4334 anelis
466 4284 568 4346 digitos·
593 4285 620 4334 tn
643 4287 711 4334 omni
749 4285 881 4336 ambitiosa
898 4287 984 4336 danus
1010 4286 1089 4350 petila
1114 4285 1218 4335 videtur
1243 4297 1275 4334 ex
