3082 4968
271 362 332 430 ,433
651 371 779 422 nouam
797 371 977 424 siriaiauu

312 523 447 589 Maxima
470 523 622 604 formido,
645 545 718 590 nam
742 525 829 592 iures
851 525 965 593 dextra
987 533 1117 594 coercet

312 643 554 732 Obscoenoque
577 643 676 712 ruber
697 656 866 732 porrectus
888 646 930 713 ab
953 649 1083 736 inguine
1106 647 1214 736 palus;
1337 651 1357 714 5

312 769 368 830 Ast
389 767 587 854 importunas
610 767 758 836 volucres
784 769 817 834 in
837 769 957 838 vertice
979 768 1104 836 arundo
1144 775 1148 784 ’

311 889 423 955 444444
444 887 507 955 fixa
529 898 680 978 vetatque
703 891 793 956 novis
816 892 987 960 considere
1010 893 1041 958 in
1064 892 1173 960 hortis.

311 1011 380 1076 Huc
403 1011 493 1098 prius
518 1012 662 1098 angustis
684 1013 786 1080 eiecta
807 1012 968 1080 cadavera
989 1012 1079 1080 cellis

333 1223 386 1272 Sat.
405 1221 469 1270 Viil.
504 1221 528 1270 4.
545 1221 605 1282 pseu
622 1221 673 1270 l'es
691 1220 758 1269 ocni.
779 1219 897 1280 (lituos,
916 1219 999 1269 nostri
1017 1221 1045 1269 et
1062 1221 1176 1270 Pottierii
1191 1223 1305 1284 omnes.)

268 1401 328 1463 44444
341 1399 427 1461 puello
442 1397 529 1448 444444
544 1398 602 1448 Noe
617 1410 657 1446 444
672 1397 793 1446 Pracite-
828 1395 935 1448 bomius
961 1396 1044 1448 Maec.
1065 1410 1093 1464 p,
1113 1397 1170 1450 iii.
1189 1398 1254 1450 dicit
1275 1400 1357 1452 Octa-

268 1477 301 1525 444
312 1475 436 1535 84444444
451 1474 522 1537 tecit,
540 1474 591 1523 Nec
607 1486 663 1522 4444
674 1473 793 1522 Phidiaco
831 1470 939 1522 vianum
951 1473 977 1521 S.
991 1472 1019 1521 P.
1035 1473 1064 1532 Q.
1079 1474 1107 1522 a.
1121 1485 1254 1525 consensu
1264 1471 1358 1527 locum

267 1563 346 1600 44444
360 1549 466 1611 politus,¹
491 1549 533 1598 sed
552 1548 649 1612 4444444
665 1547 728 1598 mede
742 1547 792 1596 444-
830 1557 892 1596 eum
909 1546 1055 1596 Maecenati
1072 1548 1254 1608 concessisse,
1279 1561 1356 1600 mera

267 1625 330 1674 licus
346 1623 440 1674 4444444
456 1624 488 1672 Et
502 1624 567 1674 444444
583 1623 655 1686 miii,
676 1623 793 1672 PuPric-
829 1620 870 1669 est
891 1619 1037 1671 hariolatio.
1074 1620 1126 1672 Cir.
1145 1621 1253 1674 Nardini
1275 1624 1358 1674 444444

264 1713 313 1762 pus
329 1704 387 1750 esto.
423 1696 588 1763 Properti,
607 1699 638 1760 4,
657 1698 700 1748 bil:
721 1698 793 1752 iver-
828 1694 922 1744 444444.
962 1694 1010 1745 Ed.
1034 1695 1123 1760 Nibby
1145 1696 1173 1746 ’4.
1198 1698 1217 1746 i.
1242 1710 1270 1762 p.
1294 1699 1354 1749 aas.

267 1773 384 1836 tumnus)
402 1773 483 1836 Stipes
498 1786 605 1824 4444444
615 1787 685 1824 uem
698 1786 793 1836 prope-
829 1769 859 1818 ii.
873 1781 899 1833 p.
914 1770 953 1818 44.
967 1770 1045 1820 etat.
1080 1772 1106 1821 Si
1124 1769 1356 1824 Scholiastisiides

267 1849 336 1898 ruuti
351 1849 416 1912 44444
432 1849 538 1898 dotatus.
553 1875 580 1886 -
597 1849 714 1912 tumido]
731 1849 759 1897 h.
772 1846 789 1898 l.
828 1841 969 1893 tribuenda
987 1847 1041 1906 est,
1060 1845 1132 1895 idem
1149 1846 1194 1896 bic
1211 1845 1300 1908 locus,
1320 1846 1355 1899 de

268 1923 352 1988 prima
386 1924 593 1988 significatione,
628 1923 790 1974 84444444.
829 1931 882 1982 quo
909 1918 1030 1969 lioratius
1056 1918 1189 1984 loquitur,
1219 1920 1267 1972 4444
1292 1935 1356 1974 eum

270 2026 296 2034 -
310 1997 410 2061 deutra]
423 2011 475 2061 qua
488 1997 569 2048 modo
581 1997 691 2058 iustem,
710 1997 791 2048 modo
829 1991 968 2054 Puticulis‚
992 1993 1045 2044 ioco
1058 1995 1160 2056 publico
1176 1994 1247 2045 uitro
1261 1997 1357 2059 44444-

267 2072 362 2123 laloem
380 2072 496 2124 tenebat.
530 2073 602 2135 virg.
621 2074 666 2122 Ge.
680 2071 705 2133 4,
725 2073 789 2122 tto:
828 2067 889 2129 itus,
907 2067 949 2116 444
965 2069 1152 2131 nmucipiutum
1168 2083 1278 2132 corporo
1290 2085 1356 2134 pro-

266 2149 298 2198 Et
320 2153 401 2198 444444
422 2149 509 2211 [utum
531 2152 606 2208 atque
627 2149 713 2198 ouium
735 2161 793 2196 4444
828 2143 984 2192 ilciebuutur.
1024 2143 1085 2207 (Cir.
1104 2145 1188 2194 Varro
1215 2145 1243 2196 b.
1266 2147 1294 2197 l..
1320 2147 1354 2208 b,

265 2223 330 2286 sulca
343 2223 443 2286 4444444
459 2221 648 2283 Hellespontiaci
664 2227 743 2272 suuet
754 2227 794 2271 tu·
828 2218 870 2267 tt.
884 2219 912 2268 et
929 2219 1021 2270 Festus
1034 2231 1059 2282 p.
1073 2219 1130 2268 400.
1144 2218 1275 2283 Lindem.)
1294 2222 1357 2271 484-

267 2297 317 2348 teia
339 2298 426 2360 Priapi
449 2295 552 2360 (apes).
576 2295 663 2359 Priap.
688 2295 733 2357 63,
757 2297 790 2346 9:
828 2291 866 2342 liti
883 2295 960 2342 erant
976 2293 1356 2357 camitlcesinEsquilinauia

267 2373 320 2423 lluc
336 2373 400 2422 4444
421 2372 487 2434 quod
507 2385 547 2422 444
569 2371 703 2420 terribilem
719 2371 793 2420 deum
828 2369 924 2431 puteos
953 2367 1058 2429 lacere,
1087 2369 1116 2417 in
1144 2381 1213 2432 quos
1241 2381 1355 2433 corpora

264 2449 330 2512 44444
344 2448 437 2498 Munus
452 2447 505 2495 4444
522 2450 577 2496 urie
593 2446 702 2496 44444444
718 2446 792 2494 4444-
831 2441 997 2492 mittebant.»
1032 2443 1111 2492 4444.
1147 2443 1200 2494 Cir.
1223 2443 1356 2508 imprimis

265 2527 363 2573 vereat.
386 2547 412 2558 ·-
429 2521 552 2570 04444444
568 2547 584 2558 -
600 2547 615 2557 -
631 2519 664 2570 44
680 2519 790 2584 inputat]
829 2517 934 2568 Becker
958 2517 993 2567 44
1018 2518 1117 2568 Romae
1142 2520 1196 2567 vet.
1216 2519 1300 2569 muris
1325 2532 1353 2584 p.

267 2597 305 2646 Cl.
325 2597 378 2646 Sat.
398 2595 426 2656 4,
448 2595 477 2656 4,
500 2595 547 2644 26:
574 2595 668 2657 144444
690 2596 725 2644 44
747 2594 792 2644 44-
829 2595 888 2644 tau:
920 2591 1167 2654 «Quemadmodum
1188 2595 1283 2659 priscis
1300 2595 1356 2646 iam

266 2683 389 2722 44444444.
409 2696 438 2706 -
457 2669 533 2719 ruber
548 2695 560 2706 ·
575 2697 587 2707 -
599 2670 684 2734 44444]
702 2683 791 2720 mem·
829 2667 997 2733 temporibus
1019 2666 1063 2718 bic
1082 2669 1116 2732 (in
1139 2681 1234 2733 campo
1258 2669 1356 2732 Esqui-

266 2745 346 2796 brum
363 2743 436 2794 virile
457 2743 597 2809 bipedale,
624 2745 705 2796 minio
722 2743 791 2796 obli·
827 2742 889 2806 lino)
912 2743 1073 2808 praecipuus
1094 2742 1138 2792 hic
1161 2741 1355 2807 suppliciorum

266 2821 338 2880 tum,
365 2818 521 2882 symbolum
539 2819 707 2870 iocunditatis
724 2821 792 2870 sim·
827 2817 903 2870 locus
920 2817 1002 2868 tuisse
1018 2816 1139 2878 videtur,
1158 2817 1184 2866 in
1202 2831 1255 2881 quo
1267 2817 1355 2868 servis

264 2892 439 2958 plicissimum
456 2894 527 2959 apud
547 2895 625 2946 buius
643 2892 729 2946 cultus
745 2907 791 2944 re-
829 2907 893 2944 crux
911 2892 1038 2956 figeretur
1054 2891 1246 2956 damnatique·
1271 2891 1356 2954 [intel-

265 2969 397 3032 pertores.
418 2995 445 3005 -
464 2970 564 3020 cnudo
581 2969 643 3034 cei]
666 2970 792 3020 «arundi-
827 2968 877 3032 lige
896 2968 1002 3018 intimae
1019 2968 1099 3019 sortis
1116 2966 1253 3018 maleficos
1271 2969 1298 3016 et
1308 2979 1355 3031 pe·

266 3056 330 3094 num
365 3042 506 3096 iasciculus
539 3046 619 3094 vento
647 3046 790 3108 quassatus
827 3043 955 3108 regulum)
969 3043 1073 3094 «securi
1083 3044 1299 3108 percuterentur,
1317 3043 1355 3092 ita

265 3116 347 3182 abigit
371 3129 462 3168 aves.»
483 3147 510 3156 —
527 3119 591 3184 4444]
614 3121 790 3185 Nequaquam
827 3119 862 3169 44
888 3119 1025 3168 interitum
1052 3130 1140 3180 usque
1169 3117 1273 3182 imperii
1301 3118 1356 3168 iio-

265 3193 376 3257 propter
399 3195 520 3259 Propert.
544 3193 576 3256 4,
603 3195 636 3256 7,
662 3197 711 3246 st:
739 3197 790 3246 4144
827 3195 914 3253 mani;
940 3193 1004 3258 quin
1027 3195 1106 3244 etiam
1129 3193 1191 3256 post
1216 3193 1354 3244 interitum

264 3269 361 3330 crepuit
374 3271 483 3331 44444444
493 3276 598 3332 propter
608 3272 733 3320 44444444
743 3285 790 3320 cu-
827 3269 853 3320 44
870 3267 968 3318 eodem
984 3266 1044 3318 luco
1055 3263 1184 3330 supplicia
1202 3264 1260 3316 lieri
1276 3262 1355 3316 solita

263 3348 313 3393 4444
336 3345 388 3392 cet.
417 3345 481 3406 (qua
507 3343 630 3395 solebant
658 3346 788 3407 castigare
827 3345 914 3393 sunt.»
944 3339 1008 3404 (444
1031 3341 1209 3392 Sessorium·
1244 3340 1352 3391 Cumm.

264 3417 429 3480 importunos
441 3418 549 3478 ostiarii,
563 3420 668 3468 Patron.
682 3432 706 3468 c.
719 3417 787 3481 434.)
827 3419 908 3480 Cruq.
921 3414 956 3465 ad
974 3414 1057 3480 Epod.
1070 3416 1100 3476 4,
1119 3416 1177 3466 400.
1191 3417 1220 3466 44
1236 3414 1270 3464 44
1284 3415 1311 3465 b.
1325 3413 1353 3478 l.)

265 3490 409 3554 legendum
424 3493 492 3554 14444.
528 3493 597 3542 Sana
620 3493 701 3542 etiam
720 3493 789 3542 haec
858 3490 931 3542 8-43.
958 3491 1013 3540 iluc
1032 3491 1106 3552 prius
1123 3489 1185 3554 cet]
1205 3489 1260 3540 444
1281 3489 1354 3540 huuc

264 3567 349 3631 Priapi
367 3566 469 3616 arundo
484 3568 545 3630 44444
560 3579 620 3618 esse
637 3568 742 3630 poterat
754 3566 789 3617 ad
825 3565 927 3628 locum,
938 3565 984 3616 444
993 3566 1104 3630 Priapus
1112 3564 1210 3626 stabat,
1224 3563 1288 3617 olim
1296 3577 1355 3615 ser-

264 3642 394 3692 maiorem
433 3641 564 3705 crepitum
599 3641 786 3704 excitandum,
825 3653 920 3692 vorum
948 3640 1078 3692 cadavera
1104 3640 1205 3704 portari
1230 3637 1354 3690 solebant

263 3717 313 3767 sed
330 3717 407 3766 unice
425 3715 452 3766 id
469 3714 520 3766 dici
537 3715 572 3766 44
589 3729 647 3766 rem
668 3717 789 3780 pertine·
825 3715 992 3782 sepelienda,
1011 3714 1059 3766 ubi
1070 3715 1208 3780 quondam
1219 3714 1352 3765 Thermae

265 3791 324 3852 bat,
343 3789 388 3842 ubi
403 3791 790 3855 444444444-44444--444
825 3793 952 3843 'lraianae
979 3793 1006 3842 et
1031 3789 1127 3842 domus
1152 3790 1351 3842 crescentiae.-

263 3867 303 3927 444]
328 3878 428 3929 unuper
444 3879 460 3915 a
477 3866 630 3916 Maecenate
654 3867 786 3918 institutis.
826 3868 911 3918 Con.
925 3869 1004 3926 Cano.
1021 3893 1048 3904 -
1061 3866 1147 3931 444444]
1160 3864 1270 3928 uirilis,
1283 3877 1353 3929 quo·

262 3965 277 3976 -
288 3965 302 3976 -
313 3941 397 3990 Antea
415 3939 550 4004 Esquilina
567 3941 640 4006 regio
658 3940 788 4006 sepulcris
825 3955 885 3994 rum
906 3943 1015 4008 praeter
1035 3954 1181 3993 conservus
1205 3953 1285 3992 nemo
1302 3952 1353 3992 cu-

263 4026 403 4065 servorum
420 4016 447 4065 et
464 4015 624 4068 miserorum
641 4019 698 4068 erat
715 4017 789 4068 dedi·
825 4031 883 4068 ram
898 4016 1018 4082 gerebat.
1034 4043 1062 4053 -
1074 4015 1149 4080 444444]
1162 4016 1284 4068 «miseris
1296 4027 1353 4068 me-

263 4089 337 4148 cata3
356 4088 497 4140 Maecenas
512 4093 603 4143 autem
616 4092 788 4145 considerans
825 4092 1002 4144 diastinorutn
1020 4089 1164 4153 cubiculis,
1191 4089 1351 4155 piemmque

263 4163 332 4214 neris
356 4163 539 4216 salubritatem
561 4166 654 4218 bortos
679 4182 711 4220 4ο
735 4167 788 4219 loci
825 4168 1034 4218 subterraneis.»
1070 4167 1123 4218 Cir.
1142 4168 1204 4218 Seu.
1224 4167 1289 4232 Epp.
1303 4165 1349 4216 ta:

262 4239 397 4294 instituite
422 4239 506 4292 Cous.
527 4241 605 4300 Cato.
634 4243 710 4303 Quod
722 4243 788 4297 Mei·
822 4255 967 4308 pauperum
990 4241 1072 4294 444444.
1108 4242 1188 4294 Tacit.
1211 4239 1276 4292 ltial.
1300 4239 1349 4292 28:
