3082 4968
555 435 617 486 un.
638 436 656 485 1.
692 437 759 486 sur.
778 438 820 486 vr.
1177 435 1238 504 447

189 589 253 657 Sed
275 611 414 678 puerum
437 601 608 659 ostensus
630 595 764 660 Romam
787 603 917 682 portare
942 591 1126 661 docendum

187 715 292 790 Artes,
319 733 402 800 quas
423 712 539 781 doceat
564 715 670 803 quivis
692 735 795 804 eques
817 725 915 804 atque
938 727 1071 783 senator

188 836 300 902 Semet
319 846 504 924 prognatos.
548 839 679 904 Vestem
701 857 883 926 servosque
905 848 1097 926 sequentes,

186 961 222 1024 ln
244 979 362 1047 magno
383 968 419 1025 ut
439 957 576 1047 populo,
601 959 628 1025 si
651 959 708 1048 qui
730 958 881 1038 vidisset,
905 958 989 1026 ovito

189 1081 236 1146 Ex
257 1101 294 1147 re
316 1080 468 1168 praeberi
490 1091 639 1169 sumptus
662 1079 738 1146 mihi
761 1079 912 1149 crederet
933 1079 1013 1148 ilios.
1196 1083 1238 1148 80

210 1223 251 1274 78.
269 1228 347 1273 nates
363 1237 388 1288 p.
414 1251 441 1260 -
465 1223 506 1274 79.
540 1223 595 1286 puis
615 1225 650 1287 Sp
663 1224 690 1274 et
709 1235 777 1274 corn
791 1224 900 1284 doctr.
921 1224 976 1287 (qui
993 1222 1041 1286 bc,
1060 1235 1101 1289 pr.
1120 1222 1150 1286 d,
1169 1241 1205 1292 γκ

177 1299 206 1348 et
222 1297 307 1349 codd.
326 1296 428 1361 Biund.)

146 1401 317 1452 contradicit
334 1401 671 1462 Rauehensteiniusrneue,
709 1400 918 1454 lescentulorum
952 1404 1128 1468 ingenuorum
1159 1417 1238 1468 egre-

143 1475 206 1526 ride
231 1476 258 1526 in
275 1477 396 1526 Ercursu
417 1477 437 1527 l.
473 1477 522 1536 Qui
540 1489 674 1540 exposue·
711 1478 752 1540 gie
770 1477 896 1528 describit
913 1477 1116 1530 Pseudolueinn.
1146 1481 1236 1530 Amor.
1283 1501 1284 1506 ¹

144 1551 219 1600 runt:
250 1550 437 1613 «quaestiones
458 1551 672 1602 arithmeticen
710 1549 751 1602 44.
773 1577 800 1588 -
818 1552 850 1602 In
865 1566 959 1617 moeno
976 1559 1004 1602 ot
1020 1552 1123 1617 populo]
1144 1556 1189 1604 «ut
1210 1556 1237 1604 in

143 1623 234 1674 Fluvio
250 1625 400 1688 propositus
411 1622 454 1675 vel
467 1625 501 1675 de
514 1625 604 1675 ienore
616 1637 674 1675 cer-
710 1637 807 1688 magno
819 1624 933 1690 populo,
952 1627 978 1676 in
991 1639 1085 1691 magne
1098 1627 1167 1678 urbo
1179 1627 1238 1677 fieri

143 1700 233 1748 terum
260 1711 427 1748 summorum
451 1702 604 1760 menstruo,
629 1697 672 1749 vel
709 1698 817 1750 soletet
832 1701 942 1762 deeetp·
969 1700 1024 1753 seii.
1044 1703 1120 1753 veste
1138 1703 1237 1752 decore

143 1773 179 1824 de
212 1773 307 1824 tenore
341 1777 499 1824 octonorum
539 1775 673 1825 mensium
709 1775 747 1824 uti
765 1777 792 1824 et
803 1775 966 1839 pedisequis.
1003 1775 1104 1828 Eadem
1116 1779 1238 1828 constru-

144 1848 232 1898 oetnvi
256 1849 359 1900 mensis
383 1847 474 1900 Idibus
500 1847 669 1910 solvend03u
710 1850 798 1900 ctione
823 1849 898 1900 Ovid.
918 1850 995 1901 Trist.
1018 1851 1047 1912 4,
1076 1853 1105 1912 4,
1133 1852 1180 1902 ⁴7:
1209 1851 1238 1902 Si

143 1935 193 1988 pro
221 1923 441 1987 interpretatione
467 1938 491 1974 v.
519 1938 583 1974 nero
606 1938 671 1976 sune
710 1925 778 1988 qno,
804 1929 833 1974 ut
849 1925 876 1974 in
888 1925 983 1986 pepreto
1002 1923 1067 1988 (fieri
1085 1924 1171 1988 solet),
1189 1939 1237 1977 no-

144 1999 242 2048 afferre
260 2001 384 2062 poterent
395 1998 449 2049 Cic.
463 1999 588 2050 Hortens.
601 1999 672 2064 epud
709 1998 756 2048 stri
772 2012 823 2048 non
839 1998 969 2048 inormior
985 1999 1045 2050 titio.
1064 2013 1098 2050 ex
1114 2001 1198 2050 Ponto
1212 2002 1236 2060 4,

146 2077 213 2126 Non.
233 2075 262 2133 3,
283 2074 328 2124 48;
356 2075 476 2136 Quirite,
494 2075 614 2138 tomum,
631 2091 673 2128 so-
710 2074 740 2134 i,
759 2073 805 2122 iii:
832 2073 1180 2136 odwrumturbatuomm,
1207 2076 1237 2126 In

145 2149 191 2210 ies,
209 2163 269 2200 nem
285 2149 410 2200 rationem
424 2151 674 2212 adispnisatoreae·
710 2147 810 2210 φάὸω,
838 2149 987 2211 αιροριιὶο,
1010 2163 1075 2212 pars
1092 2164 1137 2214 epo
1150 2163 1236 2212 porea

145 2225 220 2287 cipis,
238 2224 593 2288 staurarinputuprobosti‚
606 2239 673 2276 ωηι-
708 2223 755 2286 sro'.
790 2221 857 2272 ibid.
875 2222 906 2284 4,
925 2225 953 2285 ὖ,
974 2225 1018 2273 ti:
1037 2223 1066 2274 Si
1082 2225 1152 2286 quis,
1170 2226 1237 2274 utin

145 2312 226 2360 mom,
245 2312 311 2360 quoe
327 2312 360 2348 on
376 2299 414 2347 iiis
430 2299 542 2362 confecta
557 2301 603 2361 rit,
622 2315 673 2351 roeo
706 2297 815 2360 populo,
842 2298 885 2360 qui
901 2299 955 2348 sitis
972 2303 995 2348 et
1010 2299 1088 2360 unde,
1114 2299 1234 2362 requiret.

142 2371 274 2437 probare?
290 2385 379 2436 neque
397 2375 675 2426 tamennonstructio·
710 2371 802 2423 Florus
820 2373 850 2431 4,
868 2373 914 2434 26,
943 2373 972 2422 6:
1002 2387 1074 2435 rom,
1097 2379 1126 2424 ut
1147 2374 1191 2439 (nt)
1210 2374 1238 2423 ie

147 2461 210 2498 nem
227 2461 271 2497 vv.
290 2447 385 2497 ostonis
399 2447 483 2497 Idibus
498 2451 526 2498 et
541 2451 674 2512 reserentes
710 2460 803 2511 manno
827 2451 851 2496 et
877 2447 905 2496 in
930 2447 982 2496 (tier
1004 2449 1102 2498 oruwre
1123 2449 1235 2511 populo,

147 2525 210 2573 entis
219 2520 422 2586 expediverunt,
434 2522 611 2586 (dieuntenim
620 2538 643 2574 ο.
651 2523 672 2573 1.
709 2522 811 2570 inierim
831 2522 968 2584 perniciosi
992 2523 1057 2572 einos
1081 2524 1236 2574 enesstornrt.

148 2609 207 2648 esse
227 2596 362 2657 dativum,
381 2610 443 2647 oum
461 2599 552 2648 tomen
569 2601 675 2648 nutura·
711 2597 792 2646 Tacit.
805 2597 871 2646 Hiet.
886 2598 913 2659 4,
933 2597 963 2646 8:
982 2598 1015 2647 nt
1030 2598 1070 2648 irie
1081 2599 1180 2660 quidem
1191 2601 1237 2650 ito·

147 2669 178 2722 lie
195 2672 358 2722 constructio
375 2673 454 2722 unice
466 2673 500 2722 sit
515 2673 588 2722 Ibant
605 2677 674 2723 octo-
710 2684 782 2732 mae,
800 2675 932 2733 tumorum
942 2672 969 2720 in
986 2677 1058 2722 tanto
1069 2673 1235 2735 mutitunine,

147 2747 185 2796 nis
211 2745 329 2809 intem)
358 2759 447 2809 neque
475 2746 674 2797 animadverte·
709 2745 808 2796 iatum
824 2746 967 2795 animorum
987 2747 1044 2809 fuit.
1079 2745 1128 2797 Alii
1148 2749 1237 2799 minus

147 2823 208 2870 runt
236 2817 288 2870 tete
314 2813 468 2884 exemplum
496 2820 621 2882 ienebre,
651 2822 674 2873 si
710 2821 831 2884 apposite
849 2821 1019 2870 eonstruuni:
1048 2825 1091 2870 «ot
1106 2823 1127 2870 si
1144 2823 1187 2884 qui
1210 2823 1237 2872 in

148 2895 188 2945 vei
205 2894 249 2944 his
267 2897 341 2944 terve
360 2908 375 2944 a
391 2893 446 2946 iudi
464 2896 591 2959 magistro
609 2905 673 2960 pro·
709 2894 902 2958 meprropopulo
913 2894 1031 2957 (utVirg.
1045 2895 1110 2946 Aen.
1125 2896 1155 2957 4,
1172 2894 1234 2946 ito:

147 2971 209 3035 poni
224 2971 344 3033 poterat,
364 2982 417 3020 uon
435 2972 524 3020 tomen
541 2971 673 3022 eiusmodi
709 2970 744 3022 Ao
754 2970 831 3020 ooheti
841 2983 934 3034 mnpoo
951 2969 979 3018 in
991 2971 1086 3032 populo
1098 2985 1156 3020 eum
1171 2972 1236 3034 sorte

148 3057 220 3105 esse,
240 3045 270 3093 ut
281 3057 391 3094 omnem
402 3045 576 3095 ratiocinandi
586 3048 673 3097 ortem
710 3050 798 3095 coortu
814 3044 1035 3106 eremitteret),
1053 3046 1080 3094 in
1097 3046 1237 3096 hominum

148 3118 296 3184 significare
306 3121 396 3182 queat.
410 3147 437 3154 -
448 3119 519 3184 aera]
532 3134 581 3185 pro
593 3117 672 3170 διδά-
709 3118 1024 3182 turbontqueconcursu‚
1036 3117 1235 3170 orntummeum

148 3197 269 3266 mppeet
287 3194 367 3243 etiem
386 3193 555 3258 opediuven.
573 3196 670 3256 ’1,444,
708 3195 833 3244 vidisset.»
862 3195 919 3254 Quo
936 3193 962 3242 in
980 3193 1081 3243 ratione
1099 3205 1152 3244 non
1172 3194 1238 3244 setis

177 3269 268 3320 76-80.
294 3281 404 3331 mmm
428 3274 463 3319 ert
488 3283 565 3318 ornus
589 3271 616 3320 ii.
632 3269 671 3334 p]
710 3268 855 3318 attenditur
875 3267 910 3317 nd
935 3265 1093 3332 perticulam
1115 3272 1152 3318 ut.
1187 3265 1236 3318 Alii

149 3345 213 3394 «etsi
231 3344 388 3408 pauperior,
407 3357 496 3407 neque
508 3341 620 3394 eliorum
632 3358 674 3394 re-
711 3343 827 3406 denique
845 3343 1065 3407 interpretantur:
1089 3345 1237 3406 «quatenus

147 3418 356 3482 prehensionern
389 3417 610 3479 reformidarem
645 3418 673 3469 id
710 3417 738 3467 id
753 3417 812 3468 fleri
835 3419 941 3482 poterut
957 3417 984 3468 io
1005 3419 1084 3468 teuto
1097 3418 1237 3468 hominnm

148 3492 218 3556 quod
244 3490 312 3542 eiius
337 3491 459 3543 eiusdem
485 3493 605 3544 fortunae
629 3495 673 3544 vix
710 3490 782 3541 aliud
798 3491 933 3555 egentium
944 3489 1128 3553 multitudine,
1146 3493 1237 3556 inque

148 3579 267 3630 unquam
284 3566 400 3618 iecisset.
431 3567 505 3631 [Epp.
524 3569 553 3629 2,
572 3569 601 3628 2,
624 3567 670 3619 it:
711 3566 791 3616 etiem
814 3564 909 3617 meiius
934 3568 1022 3617 vestiti
1047 3564 1129 3616 veluti
1153 3565 1238 3617 latent

147 3641 239 3692 innuo
263 3641 359 3690 nunni
381 3641 443 3690 miii
469 3642 572 3706 contipit
598 3647 674 3703 aterio
711 3641 791 3703 atque
817 3639 843 3690 in
864 3651 1013 3704 peuoorutn
1030 3638 1123 3691 oeulos
1146 3639 1238 3690 ineur-

148 3716 230 3766 doceri
259 3715 321 3778 eet.)
359 3715 434 3765 idem
459 3714 493 3766 de
522 3717 598 3779 petre
624 3729 673 3766 suo
710 3717 798 3764 runt.»
818 3740 845 3749 -
864 3715 936 3764 orion
950 3714 994 3764 Eo
1009 3713 1045 3778 ro]
1070 3712 1097 3763 id
1120 3712 1194 3778 quod
1209 3714 1237 3765 iu

147 3791 236 3856 equite
254 3791 283 3842 44.
303 3789 442 3854 praedicat
463 3789 571 3841 Ovidius
594 3791 671 3841 Trist.
710 3786 798 3839 liberti
815 3785 881 3850 filio,
900 3787 946 3851 qui
962 3801 1044 3839 evum
1055 3801 1108 3838 non
1119 3787 1239 3838 habehat

147 3864 175 3926 4,
194 3865 242 3926 40,
261 3865 310 3914 45ε
329 3865 445 3915 Protinus
460 3865 600 3916 excolimur
615 3866 673 3929 (ego
712 3875 745 3914 en
761 3863 938 3926 ingenuorum
950 3863 1089 3928 opinione,
1108 3861 1166 3912 fleri
1178 3875 1239 3925 pro-

148 3942 174 3990 et
198 3939 295 4002 frater)
323 3940 402 3990 teneri
425 3953 539 4002 orareque
560 3939 675 4002 pareretis
710 3937 840 4002 prienen
860 3939 973 4002 poterut.
1010 3939 1065 3988 fleo
1083 3940 1174 3988 eutem
1196 3937 1238 3988 di-

148 4015 261 4064 immun
278 4013 387 4077 insipiens
399 4013 513 4064 Urouao
530 4015 672 4064 ανεουὶνοε.
712 4013 762 4062 eit:
790 4012 905 4063 «Omnes
923 4025 966 4062 me
984 4011 1099 4063 hominis
1117 4009 1237 4075 locupie-

150 4113 176 4125 —
204 4086 289 4151 Artes]
320 4086 462 4149 liberales,
493 4088 672 4151 rhetoricum,
712 4086 746 4138 tie
763 4083 846 4136 filium
864 4099 924 4138 esso
942 4085 1018 4136 iuoiie
1033 4085 1238 4138 credidissent.»

149 4164 256 4226 poesin,
283 4161 488 4229 philosophiam.
518 4189 545 4200 -
573 4163 674 4228 ἀοοοαε]
714 4189 741 4199 -
755 4161 873 4225 erederet]
893 4162 1155 4221 «numnosuidisret,
1174 4162 1239 4212 tune

151 4251 213 4302 uper
229 4238 372 4302 magistros
389 4237 526 4290 doeendus
540 4240 673 4288 ceretii-
714 4235 803 4302 ipsum
819 4237 965 4298 eraderem
983 4248 1033 4299 pro
1046 4247 1099 4298 quo
1117 4237 1247 4300 tempore

148 4324 277 4378 seruosque
291 4313 424 4378 munuae]
438 4314 598 4365 Comitatum
612 4311 676 4364 edu·
715 4324 765 4362 nos
781 4311 881 4362 utimur
898 4308 1171 4376 plusquamperfecto.
