3082 4968
549 416 609 466 cia.
628 417 646 467 1.
685 418 753 469 sar.
772 419 802 468 v.
1174 417 1230 486 404

185 567 259 635 Bari
283 569 412 636 moenia
434 569 570 658 piscosi;
593 570 669 638 dein
691 572 804 641 Gnatia
825 575 980 666 Lymphis
1126 566 1249 657 *hilp

186 691 278 758 lratis
301 701 465 760 exstructa
486 691 577 760 dedit
599 694 753 782 risusque
775 695 946 786 iocosque,
1101 682 1134 759 rr
1253 779 1271 793 ‚-

186 813 270 878 Dum
293 811 424 880 flamma
446 813 516 882 sine
540 813 632 882 thura
653 814 837 905 liquescere
859 817 968 885 limine
990 839 1083 887 sacro
1225 834 1228 841 '

187 934 391 1002 Persuadere
413 935 511 1024 cupit.
556 935 675 1005 Credat
695 939 836 1006 Iudaeus
856 940 982 1030 Apella,
1169 943 1232 1010 i00
1264 951 1269 958 '

184 1057 254 1124 Non
277 1076 355 1144 ego:
377 1077 518 1146 namque
539 1058 621 1126 deos
643 1057 740 1128 didici
762 1082 914 1130 securum
936 1083 1035 1152 agere
1056 1084 1188 1142 aevum,

184 1179 267 1254 Neo,
291 1178 319 1244 si
342 1178 422 1266 quid
444 1179 516 1245 miri
540 1179 634 1249 saciat
654 1193 782 1260 natura,
805 1182 886 1252 deos
909 1184 941 1252 id

207 1379 249 1428 97.
269 1379 356 1428 dehinc
373 1380 453 1430 ncta.
473 1379 642 1444 (richberti.
662 1395 695 1434 ex
712 1397 729 1436 c
747 1387 775 1434 et
791 1383 876 1436 tribue
892 1383 1048 1448 Pulmanni.)
1066 1414 1092 1422 -
1111 1387 1200 1452 aratia

175 1467 200 1518 p.
222 1479 251 1492 -
271 1454 313 1504 99.
333 1455 426 1506 ironiae
442 1455 470 1506 d.
491 1482 518 1492 -
537 1457 594 1506 ⁴00.
614 1458 697 1520 apello
713 1459 740 1510 F.

143 1601 264 1654 bendum
273 1616 335 1654 esse
344 1605 462 1655 Gnathia
490 1606 590 1657 Mansio
602 1606 670 1658 haec
706 1609 748 1658 des
763 1608 869 1658 stoichia
884 1609 1006 1673 coempta.
1023 1609 1086 1660 Piiu.
1106 1609 1136 1660 ll.
1155 1611 1185 1660 N.
1202 1611 1228 1676 ἲ,

142 1680 210 1730 inter
233 1691 330 1730 omnes
350 1692 401 1744 per
422 1680 474 1731 hoc
498 1681 548 1730 iter
564 1693 670 1732 memo-
707 1683 763 1732 ill.
792 1683 1126 1734 mammotrectis.
1140 1697 1166 1750 p.
1181 1685 1229 1736 ⁴89

142 1755 211 1804 ratas
233 1767 249 1804 a
273 1754 443 1818 proiectionis
468 1753 528 1806 loco
553 1757 668 1807 manime
705 1757 732 1808 a.
763 1759 844 1808 ohne
864 1760 1008 1822 Flamma,
1033 1759 1082 1810 wie
1097 1773 1158 1809 mco
1175 1761 1233 1810 dori

141 1827 232 1887 distat3
262 1827 298 1878 ad
321 1842 382 1878 eam
404 1831 494 1880 tamen
512 1828 668 1882 acceleretis
704 1834 801 1896 molita,
834 1833 967 1884 verbreaat
1000 1835 1045 1883 der
1081 1834 1231 1884 Weiitruaiclt

141 1902 275 1967 aliquanto
296 1904 367 1954 cisiis
386 1917 440 1955 uno
462 1904 504 1956 die
525 1908 667 1971 peruenire
703 1909 784 1970 abitt,
810 1909 917 1958 sordcru
932 1921 958 1958 ce
973 1909 1089 1958 mamad
1104 1909 1169 1959 diosc
1185 1910 1235 1974 αιιῖ

140 1981 277 2042 poterant;
297 1979 346 2028 nisi
363 1978 429 2030 torte
441 1978 520 2031 aliam
538 1981 607 2031 inter
618 1983 668 2032 Ba·
702 1983 842 2032 autiriiche
853 1982 932 2032 Weiss
942 1995 989 2032 aaa
998 1983 1055 2032 den
1063 1982 1153 2033 Sicine.
1175 1984 1228 2047 Vpi.

140 2053 208 2104 num
226 2056 254 2103 et
271 2053 408 2116 Egnatium
426 2052 530 2105 silentio
548 2058 667 2119 praeter·
702 2058 875 2120 Morpmtcm
899 2057 983 2118 Sumo.
1004 2057 1061 2106 crit.
1086 2058 1116 2107 il.
1138 2071 1165 2122 p.
1186 2056 1229 2109 i.»

141 2129 210 2180 misit
225 2129 320 2192 poeta,
338 2131 429 2192 utpote
441 2141 510 2192 quae
529 2129 592 2181 nihil
609 2143 667 2182 me-
702 2131 839 2193 Diinrzen.)
864 2132 903 2182 De
919 2131 1117 2196 praepositione
1129 2133 1230 2183 nomini

140 2204 245 2254 moratu
257 2201 329 2266 digni
340 2201 487 2254 habuisset.
517 2203 667 2269 (AbEgno-
703 2217 752 2256 suo
770 2207 917 2270 postposita
933 2206 1002 2256 conl.
1022 2207 1075 2256 Sat.
1094 2206 1122 2268 l,
1140 2206 1168 2268 3,
1186 2207 1227 2258 68,

140 2279 174 2328 tia
192 2281 286 2328 autem
309 2275 454 2340 incipiebat
477 2279 521 2328 vie
546 2279 663 2344 Egnatia.
737 2279 858 2331 itio-till.
876 2281 984 2330 Iudaeae
1003 2280 1099 2345 Apina]
1117 2294 1171 2331 non
1189 2285 1231 2334 est

140 2351 250 2416 walch.)
272 2377 300 2387 -
319 2353 448 2415 Lymphis]
472 2353 557 2404 torma
575 2355 666 2406 Latina
703 2367 817 2405 «nomen
838 2353 931 2405 fletum
949 2369 964 2405 a
982 2354 1089 2406 delectu
1111 2368 1229 2421 praepu-

140 2439 186 2490 pro
211 2425 355 2490 Nymphis:
384 2427 434 2477 hae
460 2425 571 2478 lontinm
597 2429 665 2480 deae
703 2428 756 2490 tii,»›
778 2431 809 2479 ut
829 2427 923 2480 volunt
939 2427 1110 2481 scholiastae.
1146 2431 1227 2480 necte

141 2503 324 2553 memorantur
340 2502 421 2552 etiam
438 2503 464 2552 in
482 2503 663 2568 inscriptam.
702 2502 837 2554 Bentleiue
862 2504 888 2554 in
917 2504 965 2570 Ep.
992 2503 1027 2554 ad
1049 2503 1110 2556 nini.
1132 2517 1159 2568 p.
1179 2504 1228 2554 bati

140 2577 193 2627 bat.
224 2577 255 2626 li.
287 2575 367 2625 ⁴637:
396 2575 550 2627 NYMPHIS.
582 2579 665 2628 ll'li-
703 2575 1228 2642 (Ednipslnmdaeihabitabanttrans

139 2651 240 2714 miso.
267 2649 400 2701 AVGVST.
427 2651 476 2702 ΟΒ.
507 2653 663 2704 annilina.
701 2651 831 2713 Tiberim,
854 2654 882 2702 ot
902 2651 985 2703 multo
1003 2655 1149 2704 maximam
1165 2665 1229 2718 par-

138 2725 303 2788 tornavit.
323 2726 374 2774 cet.
395 2725 473 2776 ⁴639:
492 2727 663 2777 tinentiis.
700 2728 757 2776 tem
774 2729 851 2776 erant
866 2725 990 2786 libertini,
1005 2728 1035 2777 ut
1048 2728 1144 2778 latetur
1156 2726 1228 2778 Philo

139 2801 272 2852 bimas.
290 2800 437 2852 ascicis.
456 2801 544 2852 stoa.
562 2803 614 2854 cet.
634 2827 662 2838 -
701 2802 727 2851 in
744 2799 875 2864 legatione
892 2801 926 2852 ad
944 2801 1047 2852 Caium.
1081 2802 1168 2864 Apella
1179 2815 1229 2852 au-

138 2877 253 2939 ritusque
267 2876 391 2940 Ιοοοιᾳιιο]
409 2876 462 2927 Cir.
475 2875 565 2928 Lucilii
583 2878 623 2927 Fr.
637 2877 664 2927 ln
700 2877 756 2926 tem
773 2873 959 2926 libertinorum
977 2878 1019 2927 eet
1035 2888 1144 2937 nomen,
1163 2875 1228 2926 satis

138 2952 274 3004 meana:
297 2951 366 3000 iuria'
382 2951 507 3013 ιὀοιιιᾳιιε.
542 2953 620 3002 locus
637 2952 663 3002 in
701 2950 828 3014 frequens
842 2952 869 3001 in
881 2951 1013 3016 inscripti.
1025 2951 1148 3002 vetustis.
1171 2950 1226 3002 Cic.

139 3039 171 3078 eo
193 3023 364 3086 vertebatur,
392 3025 479 3088 quod,
506 3039 569 3076 cum
586 3025 664 3091 oppi-
701 3024 736 3075 ad
753 3027 825 3076 Fam.
839 3025 868 3087 7,
887 3026 932 3075 to:
959 3027 997 3075 Ne
1011 3025 1113 3088 Apellae
1129 3025 1229 3090 quiden

138 3101 203 3152 dum
220 3098 461 3163 detestabilesque
478 3101 529 3164 iugi
548 3101 662 3162 careret,
699 3097 787 3148 liberto
812 3103 854 3148 too
879 3097 983 3148 diam
1019 3101 1111 3162 ltaque
1137 3099 1230 3168 Credat

137 3189 205 3226 rano
220 3177 311 3225 tamen
322 3173 451 3224 miraculo
462 3173 596 3236 gaudebat
607 3172 664 3236 glo·
699 3172 807 3222 Iudaeus
834 3170 938 3234 Apollo,
970 3173 1047 3234 quasi
1076 3173 1105 3220 tu
1133 3172 1225 3222 dicas:

136 3249 320 3314 liabeturque.
341 3275 369 3284 -
389 3251 495 3313 motato
515 3249 575 3314 ιίιιο]
598 3248 661 3299 Plin.
701 3246 794 3297 credat
821 3245 1020 3310 superstitiosus
1055 3243 1150 3310 aliquis
1183 3247 1229 3296 Iu·

136 3325 168 3376 ll.
186 3327 218 3375 N.
236 3325 267 3386 2,
290 3323 350 3373 lli:
376 3322 406 3372 la
428 3323 557 3374 Saioutim
573 3325 664 3386 oppido
701 3321 784 3372 dacus
795 3319 1034 3372 Transtiberinae.»
1059 3319 1175 3372 Philonis
1186 3318 1228 3370 lo-

136 3399 249 3464 Epirotis
279 3395 393 3460 irrtpoaito
420 3398 489 3462 iipuo
516 3399 543 3448 iu
570 3411 664 3448 caeam
701 3409 761 3458 cus,
780 3395 1004 3459 quemsigniflcat
1019 3393 1166 3456 Bentleius,
1187 3398 1229 3446 est

136 3475 264 3537 madunt
279 3472 314 3521 ibi
330 3485 432 3522 suanm
448 3473 567 3534 protinus
586 3475 664 3537 Μ-
700 3471 729 3521 L.
739 3469 774 3520 ad
783 3469 896 3535 C.23.p.
904 3469 953 3520 568
962 3471 1007 3530 Mc
1021 3469 1055 3520 de
1064 3471 1182 3533 Augusto
1191 3468 1229 3520 lo·

134 3562 207 3599 m
222 3548 342 3600 adsim
360 3547 502 3611 (reperitur
523 3546 596 3612 apud
614 3559 665 3598 aa·
701 3545 801 3609 quiittn:
827 3541 895 3606 Πῶς
920 3533 973 3596 οὖν
992 3537 1148 3604 ἀπεδέχετο
1173 3539 1227 3608 τὴν

137 3623 244 3686 olores).
269 3619 382 3672 Oriolius
398 3622 486 3686 putat,
513 3622 565 3672 hoc
582 3621 664 3672 mira·
701 3621 790 3692 πέραν
805 3616 858 3670 τοῦ
877 3617 1018 3691 Τιβέρεως
1030 3615 1163 3684 ποταμοῦ
1174 3632 1227 3683 με·

136 3697 228 3750 culum
249 3695 319 3748 ellici
341 3696 460 3761 potuisse
480 3695 598 3748 umbone
615 3693 665 3745 ali·
700 3690 792 3762 γάλην
807 3691 859 3758 τῆς
873 3687 984 3760 Ῥώμης
1000 3688 1170 3758 ἀποτομήν,
1189 3685 1226 3758 ἢν

136 3785 189 3838 qao
206 3771 296 3822 ferreo
314 3783 394 3834 supra
413 3783 508 3822 saxum
519 3781 662 3835 suspenso,
702 3762 1229 3836 οὗκήγνόεικατεχομένηνκαὶοὶκου-

136 3847 181 3911 qni
203 3847 279 3897 certa
304 3845 370 3895 hora
393 3843 455 3895 solis
475 3843 556 3896 radiis
578 3848 664 3896 tactus
700 3845 792 3934 μένην
815 3837 888 3915 πρὸς
907 3837 1067 3902 'lovinion
1092 3835 1229 3907 Ῥωμαῖοι

136 3919 236 3986 speculi
266 3920 376 3970 caustici
404 3921 463 3970 vice
490 3921 596 3971 iunctus
620 3921 661 3971 eit.
701 3917 732 3970 ct
749 3932 826 3984 ησαν
847 3918 878 3969 oi
893 3917 1008 3980 πλειους
1029 3911 1228 3988 ἀπελευθερω-

136 3994 220 4046 Aliam
230 3992 435 4060 explicationem
447 3993 594 4046 naturalem
602 3993 663 4044 vide
700 3993 807 4056 θέντες.
829 3988 1015 4058 Αῖχμάλωτοι
1025 3987 1079 4064 γὰρ
1091 3985 1228 4055 ἀχθέντες

137 4070 207 4136 apud
227 4068 407 4121 wielandum.
444 4071 572 4120 Ceterum
589 4069 664 4120 simi·
701 4062 886 4131 utg'imttw,
900 4061 958 4120 ὑπὸ
969 4061 1027 4116 τῶν
1038 4067 1228 4134 κτησαμένων

136 4143 188 4196 lem
206 4142 326 4195 tabulam
338 4145 435 4194 narrat
448 4145 561 4194 Pausun.
576 4145 603 4204 i,
622 4143 662 4204 lb,
701 4137 957 4214 ἠλευθερώθησαν,
985 4135 1071 4193 οῦδὲν
1094 4138 1151 4192 τῶν
1172 4155 1227 4191 ,τα-

137 4220 161 4269 l.
189 4217 252 4283 (Διιι
273 4220 329 4270 dea
349 4219 433 4270 Steiac
452 4218 590 4269 entwiclteit
613 4217 665 4268 rich
700 4219 786 4290 τρέων
814 4211 1018 4289 παραχαρσξαι
1047 4215 1226 4278 βιασθέντες.

137 4293 190 4346 cino
206 4293 332 4356 mnan,
348 4292 399 4344 wie
414 4291 489 4343 schoa
505 4293 550 4344 der
567 4292 665 4344 Genucii
704 4319 731 4328 -
751 4289 833 4357 Μία]
851 4289 886 4342 ab
904 4291 1027 4356 Epicuro.
1041 4291 1158 4356 Respicit
1176 4291 1229 4342 Lu-
