<?xml version="1.0" encoding="UTF-8"?>
<!DOCTYPE html PUBLIC "-//W3C//DTD XHTML 1.0 Transitional//EN"
    "http://www.w3.org/TR/xhtml1/DTD/xhtml1-transitional.dtd">
<html xmlns="http://www.w3.org/1999/xhtml" xml:lang="en" lang="en">
 <head>
  <title>
</title>
<meta http-equiv="Content-Type" content="text/html;charset=utf-8" />
  <meta name='ocr-system' content='tesseract 3.04.00' />
  <meta name='ocr-capabilities' content='ocr_page ocr_carea ocr_par ocr_line ocrx_word'/>
</head>
<body>
  <div class='ocr_page' id='page_1' title='image "./qhoratiusflaccu01baitgoog_0427.png"; bbox 0 0 3192 4974; ppageno 0'>
   <div class='ocr_carea' id='block_1_1' title="bbox 251 425 979 494">
    <p class='ocr_par' dir='ltr' id='par_1_1' title="bbox 251 425 979 494">
     <span class='ocr_line' id='line_1_1' title="bbox 251 425 979 494; baseline -0.025 -2"><span class='ocrx_word' id='word_1_1' title='bbox 251 428 313 494; x_wconf 86' lang='grc'><strong>444</strong></span> <span class='ocrx_word' id='word_1_2' title='bbox 610 427 738 478; x_wconf 80' lang='lat' dir='ltr'><strong>ananau</strong></span> <span class='ocrx_word' id='word_1_3' title='bbox 757 425 979 477; x_wconf 82' lang='lat' dir='ltr'><strong>arianonlnuu</strong></span> 
     </span>
    </p>
   </div>
   <div class='ocr_carea' id='block_1_2' title="bbox 222 577 1344 792">
    <p class='ocr_par' dir='ltr' id='par_1_2' title="bbox 222 577 1344 792">
     <span class='ocr_line' id='line_1_2' title="bbox 222 577 1344 672; baseline -0.011 -18"><span class='ocrx_word' id='word_1_4' title='bbox 222 637 228 643; x_wconf 86' lang='lat'>-</span> <span class='ocrx_word' id='word_1_5' title='bbox 293 584 454 653; x_wconf 85' lang='lat' dir='ltr'><strong>Pindarici</strong></span> <span class='ocrx_word' id='word_1_6' title='bbox 476 583 570 652; x_wconf 85' lang='lat' dir='ltr'><strong>sontis</strong></span> <span class='ocrx_word' id='word_1_7' title='bbox 593 584 648 672; x_wconf 88' lang='lat' dir='ltr'><strong>qui</strong></span> <span class='ocrx_word' id='word_1_8' title='bbox 670 603 740 649; x_wconf 92' lang='lat' dir='ltr'><strong>non</strong></span> <span class='ocrx_word' id='word_1_9' title='bbox 760 580 917 670; x_wconf 83' lang='lat' dir='ltr'><strong>expalluit</strong></span> <span class='ocrx_word' id='word_1_10' title='bbox 937 581 1087 656; x_wconf 86' lang='lat' dir='ltr'><strong>haustus,</strong></span> <span class='ocrx_word' id='word_1_11' title='bbox 1303 577 1344 642; x_wconf 88' lang='lat' dir='ltr'><strong>lo</strong></span> 
     </span>
     <span class='ocr_line' id='line_1_3' title="bbox 296 705 1114 792; baseline -0.005 -18"><span class='ocrx_word' id='word_1_12' title='bbox 296 707 453 774; x_wconf 81' lang='lat' dir='ltr'><strong>Fastidire</strong></span> <span class='ocrx_word' id='word_1_13' title='bbox 477 705 566 774; x_wconf 87' lang='lat' dir='ltr'><strong>lacus</strong></span> <span class='ocrx_word' id='word_1_14' title='bbox 589 716 621 772; x_wconf 91' lang='lat' dir='ltr'><strong>et</strong></span> <span class='ocrx_word' id='word_1_15' title='bbox 642 706 730 771; x_wconf 91' lang='lat' dir='ltr'><strong>rivos</strong></span> <span class='ocrx_word' id='word_1_16' title='bbox 752 725 852 770; x_wconf 92' lang='lat' dir='ltr'><strong>ausus</strong></span> <span class='ocrx_word' id='word_1_17' title='bbox 875 713 1015 792; x_wconf 85' lang='lat' dir='ltr'><strong>apertos.</strong></span> <span class='ocrx_word' id='word_1_18' title='bbox 1111 767 1114 770; x_wconf 87' lang='lat'>.</span> 
     </span>
    </p>
   </div>
   <div class='ocr_carea' id='block_1_3' title="bbox 250 1001 1345 1292">
    <p class='ocr_par' dir='ltr' id='par_1_3' title="bbox 250 1001 1345 1292">
     <span class='ocr_line' id='line_1_4' title="bbox 252 1001 1345 1075; baseline -0.009 -13"><span class='ocrx_word' id='word_1_19' title='bbox 252 1009 423 1075; x_wconf 59' lang='lat' dir='ltr'><strong>medendo</strong></span> <span class='ocrx_word' id='word_1_20' title='bbox 437 1011 518 1060; x_wconf 75' lang='lat' dir='ltr'><strong>linito</strong></span> <span class='ocrx_word' id='word_1_21' title='bbox 533 1008 662 1069; x_wconf 83' lang='lat' dir='ltr'><strong>corlotte,</strong></span> <span class='ocrx_word' id='word_1_22' title='bbox 689 1010 780 1056; x_wconf 74' lang='lat' dir='ltr'><strong>musta</strong></span> <span class='ocrx_word' id='word_1_23' title='bbox 817 1003 894 1055; x_wconf 87' lang='lat' dir='ltr'><strong>berlo</strong></span> <span class='ocrx_word' id='word_1_24' title='bbox 913 1001 1086 1053; x_wconf 72' lang='lat' dir='ltr'><strong>commendat</strong></span> <span class='ocrx_word' id='word_1_25' title='bbox 1103 1003 1168 1066; x_wconf 87' lang='lat' dir='ltr'>Epp.</span> <span class='ocrx_word' id='word_1_26' title='bbox 1184 1003 1212 1062; x_wconf 91' lang='grc'><strong>4,</strong></span> <span class='ocrx_word' id='word_1_27' title='bbox 1231 1003 1273 1064; x_wconf 87' lang='grc'><strong>9.,</strong></span> <span class='ocrx_word' id='word_1_28' title='bbox 1298 1015 1345 1053; x_wconf 90' lang='lat' dir='ltr'><strong>aa·</strong></span> 
     </span>
     <span class='ocr_line' id='line_1_5' title="bbox 251 1075 1342 1147; baseline -0.009 -11"><span class='ocrx_word' id='word_1_29' title='bbox 251 1087 302 1136; x_wconf 81' lang='lat' dir='ltr'><strong>itm</strong></span> <span class='ocrx_word' id='word_1_30' title='bbox 326 1083 522 1147; x_wconf 75' lang='lat' dir='ltr'><strong>ulmeioltetttost</strong></span> <span class='ocrx_word' id='word_1_31' title='bbox 546 1083 608 1133; x_wconf 64' lang='lat' dir='ltr'><strong>adn.</strong></span> <span class='ocrx_word' id='word_1_32' title='bbox 643 1081 679 1132; x_wconf 84' lang='lat' dir='ltr'><strong>Ob</strong></span> <span class='ocrx_word' id='word_1_33' title='bbox 703 1094 732 1130; x_wconf 89' lang='lat' dir='ltr'><strong>er</strong></span> <span class='ocrx_word' id='word_1_34' title='bbox 751 1082 779 1142; x_wconf 77' lang='lat' dir='ltr'><strong>je</strong></span> <span class='ocrx_word' id='word_1_35' title='bbox 817 1077 904 1143; x_wconf 87' lang='lat' dir='ltr'><strong>quails</strong></span> <span class='ocrx_word' id='word_1_36' title='bbox 928 1077 976 1128; x_wconf 90' lang='lat' dir='ltr'><strong>luit</strong></span> <span class='ocrx_word' id='word_1_37' title='bbox 999 1078 1114 1138; x_wconf 81' lang='lat' dir='ltr'><strong>Horatii,</strong></span> <span class='ocrx_word' id='word_1_38' title='bbox 1139 1090 1164 1127; x_wconf 92' lang='lat' dir='ltr'><strong>a.</strong></span> <span class='ocrx_word' id='word_1_39' title='bbox 1189 1090 1215 1127; x_wconf 90' lang='lat' dir='ltr'><strong>u.</strong></span> <span class='ocrx_word' id='word_1_40' title='bbox 1240 1091 1265 1128; x_wconf 93' lang='lat' dir='ltr'><strong>c.</strong></span> <span class='ocrx_word' id='word_1_41' title='bbox 1286 1075 1342 1128; x_wconf 81' lang='grc'><strong>434.</strong></span> 
     </span>
     <span class='ocr_line' id='line_1_6' title="bbox 251 1150 1344 1221; baseline -0.008 -11"><span class='ocrx_word' id='word_1_42' title='bbox 251 1161 331 1210; x_wconf 78' lang='lat' dir='ltr'><strong>domii</strong></span> <span class='ocrx_word' id='word_1_43' title='bbox 345 1172 380 1209; x_wconf 70' lang='lat' dir='ltr'><strong>su</strong></span> <span class='ocrx_word' id='word_1_44' title='bbox 396 1159 489 1208; x_wconf 79' lang='lat' dir='ltr'><strong>stende</strong></span> <span class='ocrx_word' id='word_1_45' title='bbox 505 1158 663 1221; x_wconf 68' lang='lat' dir='ltr'><strong>colommen,</strong></span> <span class='ocrx_word' id='word_1_46' title='bbox 689 1156 779 1204; x_wconf 80' lang='lat' dir='ltr'><strong>wieaen</strong></span> <span class='ocrx_word' id='word_1_47' title='bbox 816 1155 890 1205; x_wconf 78' lang='lat' dir='ltr'>XLV.</span> <span class='ocrx_word' id='word_1_48' title='bbox 904 1166 988 1204; x_wconf 93' lang='lat' dir='ltr'><strong>annos</strong></span> <span class='ocrx_word' id='word_1_49' title='bbox 1005 1153 1072 1214; x_wconf 88' lang='lat' dir='ltr'><strong>nati,</strong></span> <span class='ocrx_word' id='word_1_50' title='bbox 1092 1153 1129 1202; x_wconf 91' lang='lat' dir='ltr'><strong>uti</strong></span> <span class='ocrx_word' id='word_1_51' title='bbox 1145 1150 1229 1216; x_wconf 84' lang='lat' dir='ltr'><strong>liquet</strong></span> <span class='ocrx_word' id='word_1_52' title='bbox 1240 1163 1274 1201; x_wconf 86' lang='lat' dir='ltr'><strong>ex</strong></span> <span class='ocrx_word' id='word_1_53' title='bbox 1285 1165 1344 1202; x_wconf 89' lang='lat' dir='ltr'><strong>car-</strong></span> 
     </span>
     <span class='ocr_line' id='line_1_7' title="bbox 250 1225 1342 1292; baseline -0.007 -8"><span class='ocrx_word' id='word_1_54' title='bbox 250 1235 301 1284; x_wconf 84' lang='lat' dir='ltr'><strong>wir</strong></span> <span class='ocrx_word' id='word_1_55' title='bbox 320 1235 401 1292; x_wconf 71' lang='lat' dir='ltr'><strong>niem,</strong></span> <span class='ocrx_word' id='word_1_56' title='bbox 426 1234 479 1284; x_wconf 74' lang='lat' dir='ltr'><strong>sein</strong></span> <span class='ocrx_word' id='word_1_57' title='bbox 503 1233 628 1282; x_wconf 79' lang='lat' dir='ltr'><strong>Verdienet</strong></span> <span class='ocrx_word' id='word_1_58' title='bbox 644 1232 704 1280; x_wconf 84' lang='lat' dir='ltr'><strong>odor</strong></span> <span class='ocrx_word' id='word_1_59' title='bbox 728 1231 779 1279; x_wconf 81' lang='lat' dir='ltr'><strong>un·</strong></span> <span class='ocrx_word' id='word_1_60' title='bbox 816 1229 889 1280; x_wconf 88' lang='lat' dir='ltr'><strong>mino</strong></span> <span class='ocrx_word' id='word_1_61' title='bbox 902 1226 945 1278; x_wconf 89' lang='lat' dir='ltr'><strong>illo</strong></span> <span class='ocrx_word' id='word_1_62' title='bbox 956 1228 986 1288; x_wconf 91' lang='grc'><strong>4,</strong></span> <span class='ocrx_word' id='word_1_63' title='bbox 1000 1227 1023 1277; x_wconf 88' lang='grc'><strong>6.</strong></span> <span class='ocrx_word' id='word_1_64' title='bbox 1043 1227 1111 1277; x_wconf 88' lang='lat' dir='ltr'><strong>intra</strong></span> <span class='ocrx_word' id='word_1_65' title='bbox 1124 1239 1209 1277; x_wconf 84' lang='lat' dir='ltr'><strong>annos</strong></span> <span class='ocrx_word' id='word_1_66' title='bbox 1220 1225 1342 1277; x_wconf 80' lang='grc'><strong>444-430.</strong></span> 
     </span>
    </p>
   </div>
   <div class='ocr_carea' id='block_1_4' title="bbox 250 1301 1345 1370">
    <p class='ocr_par' dir='ltr' id='par_1_4' title="bbox 250 1301 1345 1370">
     <span class='ocr_line' id='line_1_8' title="bbox 250 1301 1345 1370; baseline -0.007 -10"><span class='ocrx_word' id='word_1_67' title='bbox 250 1308 459 1360; x_wconf 66' lang='lat' dir='ltr'><strong>vendicatione</strong></span> <span class='ocrx_word' id='word_1_68' title='bbox 474 1319 523 1356; x_wconf 72' lang='lat' dir='ltr'><strong>oens</strong></span> <span class='ocrx_word' id='word_1_69' title='bbox 538 1306 698 1370; x_wconf 69' lang='lat' dir='ltr'><strong>otetatcrltttu</strong></span> <span class='ocrx_word' id='word_1_70' title='bbox 713 1305 779 1363; x_wconf 66' lang='lat' dir='ltr'><strong>actm</strong></span> <span class='ocrx_word' id='word_1_71' title='bbox 817 1303 966 1366; x_wconf 86' lang='lat' dir='ltr'><strong>composito</strong></span> <span class='ocrx_word' id='word_1_72' title='bbox 998 1301 1103 1364; x_wconf 75' lang='lat' dir='ltr'><strong>Sentiat</strong></span> <span class='ocrx_word' id='word_1_73' title='bbox 1134 1301 1216 1352; x_wconf 78' lang='lat' dir='ltr'><strong>Gades</strong></span> <span class='ocrx_word' id='word_1_74' title='bbox 1245 1302 1345 1352; x_wconf 75' lang='lat' dir='ltr'><strong>edituo</strong></span> 
     </span>
    </p>
   </div>
   <div class='ocr_carea' id='block_1_5' title="bbox 146 1377 1345 1444">
    <p class='ocr_par' dir='ltr' id='par_1_5' title="bbox 146 1377 1345 1444">
     <span class='ocr_line' id='line_1_9' title="bbox 146 1377 1345 1444; baseline -0.007 -10"><span class='ocrx_word' id='word_1_75' title='bbox 146 1408 151 1418; x_wconf 91' lang='lat'><strong>·</strong></span> <span class='ocrx_word' id='word_1_76' title='bbox 251 1384 319 1434; x_wconf 69' lang='grc'><strong>444444</strong></span> <span class='ocrx_word' id='word_1_77' title='bbox 338 1396 365 1432; x_wconf 77' lang='lat' dir='ltr'><strong>ao</strong></span> <span class='ocrx_word' id='word_1_78' title='bbox 387 1383 426 1432; x_wconf 89' lang='lat' dir='ltr'><strong>die</strong></span> <span class='ocrx_word' id='word_1_79' title='bbox 443 1382 586 1444; x_wconf 70' lang='lat' dir='ltr'><strong>Geainnuno</strong></span> <span class='ocrx_word' id='word_1_80' title='bbox 607 1381 649 1430; x_wconf 78' lang='lat' dir='ltr'><strong>dee</strong></span> <span class='ocrx_word' id='word_1_81' title='bbox 665 1380 780 1430; x_wconf 81' lang='lat' dir='ltr'><strong>Dictterr</strong></span> <span class='ocrx_word' id='word_1_82' title='bbox 815 1391 924 1438; x_wconf 71' lang='lat' dir='ltr'><strong>maten,</strong></span> <span class='ocrx_word' id='word_1_83' title='bbox 946 1377 974 1427; x_wconf 92' lang='lat' dir='ltr'><strong>id</strong></span> <span class='ocrx_word' id='word_1_84' title='bbox 991 1377 1064 1440; x_wconf 89' lang='lat' dir='ltr'><strong>qnod</strong></span> <span class='ocrx_word' id='word_1_85' title='bbox 1081 1377 1108 1426; x_wconf 91' lang='lat' dir='ltr'><strong>in</strong></span> <span class='ocrx_word' id='word_1_86' title='bbox 1125 1377 1221 1428; x_wconf 87' lang='lat' dir='ltr'><strong>Titium</strong></span> <span class='ocrx_word' id='word_1_87' title='bbox 1237 1378 1281 1426; x_wconf 87' lang='lat' dir='ltr'><strong>vix</strong></span> <span class='ocrx_word' id='word_1_88' title='bbox 1298 1389 1345 1427; x_wconf 89' lang='lat' dir='ltr'><strong>oa-</strong></span> 
     </span>
    </p>
   </div>
   <div class='ocr_carea' id='block_1_6' title="bbox 251 1449 1348 2190">
    <p class='ocr_par' dir='ltr' id='par_1_6' title="bbox 251 1449 1348 2190">
     <span class='ocr_line' id='line_1_10' title="bbox 251 1449 1345 1518; baseline -0.005 -10"><span class='ocrx_word' id='word_1_89' title='bbox 251 1459 279 1508; x_wconf 88' lang='lat' dir='ltr'><strong>in</strong></span> <span class='ocrx_word' id='word_1_90' title='bbox 301 1459 372 1518; x_wconf 83' lang='lat' dir='ltr'><strong>dem,</strong></span> <span class='ocrx_word' id='word_1_91' title='bbox 397 1470 453 1506; x_wconf 78' lang='lat' dir='ltr'><strong>roos</strong></span> <span class='ocrx_word' id='word_1_92' title='bbox 475 1469 503 1506; x_wconf 87' lang='lat' dir='ltr'><strong>er</strong></span> <span class='ocrx_word' id='word_1_93' title='bbox 525 1469 561 1506; x_wconf 85' lang='lat' dir='ltr'><strong>on</strong></span> <span class='ocrx_word' id='word_1_94' title='bbox 577 1456 644 1506; x_wconf 80' lang='lat' dir='ltr'><strong>aeine</strong></span> <span class='ocrx_word' id='word_1_95' title='bbox 666 1455 781 1506; x_wconf 81' lang='lat' dir='ltr'><strong>Freuudo</strong></span> <span class='ocrx_word' id='word_1_96' title='bbox 816 1452 866 1504; x_wconf 89' lang='lat' dir='ltr'><strong>dit:</strong></span> <span class='ocrx_word' id='word_1_97' title='bbox 893 1465 957 1503; x_wconf 90' lang='lat' dir='ltr'><strong>nam</strong></span> <span class='ocrx_word' id='word_1_98' title='bbox 982 1452 1090 1502; x_wconf 83' lang='lat' dir='ltr'><strong>Horatio</strong></span> <span class='ocrx_word' id='word_1_99' title='bbox 1117 1449 1202 1502; x_wconf 86' lang='lat' dir='ltr'><strong>multo</strong></span> <span class='ocrx_word' id='word_1_100' title='bbox 1229 1451 1345 1502; x_wconf 84' lang='lat' dir='ltr'><strong>iuniores</strong></span> 
     </span>
     <span class='ocr_line' id='line_1_11' title="bbox 251 1524 1346 1591; baseline -0.007 -7"><span class='ocrx_word' id='word_1_101' title='bbox 251 1533 363 1584; x_wconf 76' lang='lat' dir='ltr'><strong>wtduon</strong></span> <span class='ocrx_word' id='word_1_102' title='bbox 374 1529 571 1581; x_wconf 63' lang='lat' dir='ltr'><strong>nausearent.</strong></span> <span class='ocrx_word' id='word_1_103' title='bbox 596 1530 677 1580; x_wconf 85' lang='lat' dir='ltr'><strong>Titius</strong></span> <span class='ocrx_word' id='word_1_104' title='bbox 689 1531 780 1580; x_wconf 86' lang='lat' dir='ltr'><strong>autern</strong></span> <span class='ocrx_word' id='word_1_105' title='bbox 817 1529 908 1589; x_wconf 86' lang='lat' dir='ltr'><strong>erant,</strong></span> <span class='ocrx_word' id='word_1_106' title='bbox 933 1527 978 1590; x_wconf 89' lang='lat' dir='ltr'><strong>qul</strong></span> <span class='ocrx_word' id='word_1_107' title='bbox 995 1528 1047 1577; x_wconf 85' lang='lat' dir='ltr'><strong>hac</strong></span> <span class='ocrx_word' id='word_1_108' title='bbox 1065 1524 1176 1591; x_wconf 87' lang='lat' dir='ltr'><strong>epistola</strong></span> <span class='ocrx_word' id='word_1_109' title='bbox 1194 1537 1346 1576; x_wconf 86' lang='lat' dir='ltr'><strong>memoran-</strong></span> 
     </span>
     <span class='ocr_line' id='line_1_12' title="bbox 253 1597 1345 1667; baseline -0.006 -10"><span class='ocrx_word' id='word_1_110' title='bbox 253 1607 365 1658; x_wconf 85' lang='lat' dir='ltr'><strong>lortasse</strong></span> <span class='ocrx_word' id='word_1_111' title='bbox 383 1604 452 1656; x_wconf 87' lang='lat' dir='ltr'><strong>filius</strong></span> <span class='ocrx_word' id='word_1_112' title='bbox 469 1605 518 1656; x_wconf 92' lang='lat' dir='ltr'><strong>luit</strong></span> <span class='ocrx_word' id='word_1_113' title='bbox 534 1605 569 1654; x_wconf 84' lang='lat' dir='ltr'><strong>ll.</strong></span> <span class='ocrx_word' id='word_1_114' title='bbox 583 1605 640 1655; x_wconf 85' lang='lat' dir='ltr'><strong>Titii</strong></span> <span class='ocrx_word' id='word_1_115' title='bbox 658 1617 714 1654; x_wconf 86' lang='lat' dir='ltr'><strong>coa.</strong></span> <span class='ocrx_word' id='word_1_116' title='bbox 728 1602 781 1654; x_wconf 89' lang='lat' dir='ltr'><strong>sul·</strong></span> <span class='ocrx_word' id='word_1_117' title='bbox 817 1605 873 1664; x_wconf 90' lang='lat' dir='ltr'><strong>tur,</strong></span> <span class='ocrx_word' id='word_1_118' title='bbox 896 1601 985 1667; x_wconf 78' lang='lat' dir='ltr'><strong>poesis</strong></span> <span class='ocrx_word' id='word_1_119' title='bbox 1003 1601 1124 1652; x_wconf 87' lang='lat' dir='ltr'><strong>studiosi.</strong></span> <span class='ocrx_word' id='word_1_120' title='bbox 1155 1599 1224 1661; x_wconf 86' lang='lat' dir='ltr'><strong>Quid</strong></span> <span class='ocrx_word' id='word_1_121' title='bbox 1245 1597 1345 1650; x_wconf 77' lang='lat' dir='ltr'><strong>multet</strong></span> 
     </span>
     <span class='ocr_line' id='line_1_13' title="bbox 252 1674 1346 1742; baseline -0.006 -11"><span class='ocrx_word' id='word_1_122' title='bbox 252 1680 350 1731; x_wconf 89' lang='lat' dir='ltr'><strong>lectia.</strong></span> <span class='ocrx_word' id='word_1_123' title='bbox 365 1693 391 1730; x_wconf 91' lang='lat' dir='ltr'><strong>n.</strong></span> <span class='ocrx_word' id='word_1_124' title='bbox 406 1693 429 1729; x_wconf 81' lang='lat' dir='ltr'><strong>c.</strong></span> <span class='ocrx_word' id='word_1_125' title='bbox 443 1679 501 1728; x_wconf 82' lang='grc'><strong>743.</strong></span> <span class='ocrx_word' id='word_1_126' title='bbox 529 1676 780 1742; x_wconf 84' lang='lat' dir='ltr'><strong>(Scholiastaolraec</strong></span> <span class='ocrx_word' id='word_1_127' title='bbox 817 1679 880 1728; x_wconf 84' lang='lat' dir='ltr'><strong>Tota</strong></span> <span class='ocrx_word' id='word_1_128' title='bbox 905 1677 961 1727; x_wconf 83' lang='lat' dir='ltr'><strong>Titii</strong></span> <span class='ocrx_word' id='word_1_129' title='bbox 983 1677 1098 1740; x_wconf 67' lang='grc'><strong>8414444444</strong></span> <span class='ocrx_word' id='word_1_130' title='bbox 1120 1675 1230 1726; x_wconf 85' lang='lat' dir='ltr'><strong>historia</strong></span> <span class='ocrx_word' id='word_1_131' title='bbox 1255 1674 1346 1725; x_wconf 91' lang='lat' dir='ltr'><strong>nititur</strong></span> 
     </span>
     <span class='ocr_line' id='line_1_14' title="bbox 252 1749 1344 1814; baseline -0.005 -9"><span class='ocrx_word' id='word_1_132' title='bbox 252 1755 287 1805; x_wconf 91' lang='lat' dir='ltr'><strong>de</strong></span> <span class='ocrx_word' id='word_1_133' title='bbox 305 1755 370 1806; x_wconf 88' lang='lat' dir='ltr'><strong>Titio</strong></span> <span class='ocrx_word' id='word_1_134' title='bbox 388 1753 512 1804; x_wconf 88' lang='lat' dir='ltr'><strong>tradunt:</strong></span> <span class='ocrx_word' id='word_1_135' title='bbox 538 1752 663 1803; x_wconf 81' lang='lat' dir='ltr'><strong>«Deridet</strong></span> <span class='ocrx_word' id='word_1_136' title='bbox 684 1753 780 1803; x_wconf 84' lang='lat' dir='ltr'><strong>Titium</strong></span> <span class='ocrx_word' id='word_1_137' title='bbox 818 1765 909 1804; x_wconf 88' lang='lat' dir='ltr'><strong>errore</strong></span> <span class='ocrx_word' id='word_1_138' title='bbox 931 1751 1157 1803; x_wconf 83' lang='lat' dir='ltr'><strong>commentatoris</strong></span> <span class='ocrx_word' id='word_1_139' title='bbox 1180 1750 1289 1814; x_wconf 87' lang='lat' dir='ltr'><strong>Crnqnli</strong></span> <span class='ocrx_word' id='word_1_140' title='bbox 1309 1749 1344 1800; x_wconf 89' lang='lat' dir='ltr'><strong>ad</strong></span> 
     </span>
     <span class='ocr_line' id='line_1_15' title="bbox 252 1823 1346 1895; baseline -0.004 -15"><span class='ocrx_word' id='word_1_141' title='bbox 252 1830 376 1895; x_wconf 75' lang='lat' dir='ltr'><strong>poetam,</strong></span> <span class='ocrx_word' id='word_1_142' title='bbox 406 1828 451 1892; x_wconf 88' lang='lat' dir='ltr'><strong>qui</strong></span> <span class='ocrx_word' id='word_1_143' title='bbox 479 1826 622 1878; x_wconf 87' lang='lat' dir='ltr'><strong>Pindarum</strong></span> <span class='ocrx_word' id='word_1_144' title='bbox 649 1829 780 1878; x_wconf 86' lang='lat' dir='ltr'><strong>Graccum</strong></span> <span class='ocrx_word' id='word_1_145' title='bbox 816 1828 843 1878; x_wconf 90' lang='lat' dir='ltr'><strong>h.</strong></span> <span class='ocrx_word' id='word_1_146' title='bbox 855 1826 872 1878; x_wconf 92' lang='lat' dir='ltr'><strong>l.</strong></span> <span class='ocrx_word' id='word_1_147' title='bbox 891 1829 938 1892; x_wconf 80' lang='lat' dir='ltr'><strong>(De</strong></span> <span class='ocrx_word' id='word_1_148' title='bbox 948 1827 1014 1878; x_wconf 86' lang='lat' dir='ltr'><strong>Titio</strong></span> <span class='ocrx_word' id='word_1_149' title='bbox 1023 1827 1070 1878; x_wconf 87' lang='lat' dir='ltr'><strong>cir.</strong></span> <span class='ocrx_word' id='word_1_150' title='bbox 1082 1826 1212 1890; x_wconf 84' lang='lat' dir='ltr'><strong>imprimis</strong></span> <span class='ocrx_word' id='word_1_151' title='bbox 1221 1823 1346 1876; x_wconf 80' lang='lat' dir='ltr'><strong>Welclrer</strong></span> 
     </span>
     <span class='ocr_line' id='line_1_16' title="bbox 251 1898 1342 1968; baseline -0.004 -13"><span class='ocrx_word' id='word_1_152' title='bbox 251 1903 453 1968; x_wconf 87' lang='lat' dir='ltr'><strong>prolundissimi</strong></span> <span class='ocrx_word' id='word_1_153' title='bbox 464 1915 560 1953; x_wconf 86' lang='lat' dir='ltr'><strong>sensus</strong></span> <span class='ocrx_word' id='word_1_154' title='bbox 573 1904 600 1952; x_wconf 92' lang='lat' dir='ltr'><strong>et</strong></span> <span class='ocrx_word' id='word_1_155' title='bbox 611 1901 780 1965; x_wconf 88' lang='lat' dir='ltr'><strong>eloquentiae</strong></span> <span class='ocrx_word' id='word_1_156' title='bbox 817 1901 908 1966; x_wconf 84' lang='lat' dir='ltr'><strong>suppl.</strong></span> <span class='ocrx_word' id='word_1_157' title='bbox 926 1900 984 1952; x_wconf 86' lang='lat' dir='ltr'><strong>Vol.</strong></span> <span class='ocrx_word' id='word_1_158' title='bbox 1003 1903 1034 1952; x_wconf 91' lang='lat' dir='ltr'><strong>ll.</strong></span> <span class='ocrx_word' id='word_1_159' title='bbox 1054 1901 1082 1950; x_wconf 82' lang='lat' dir='ltr'><strong>T.</strong></span> <span class='ocrx_word' id='word_1_160' title='bbox 1101 1902 1144 1950; x_wconf 90' lang='lat' dir='ltr'><strong>lli.</strong></span> <span class='ocrx_word' id='word_1_161' title='bbox 1163 1913 1191 1964; x_wconf 90' lang='lat' dir='ltr'><strong>p.</strong></span> <span class='ocrx_word' id='word_1_162' title='bbox 1211 1898 1295 1961; x_wconf 78' lang='grc'><strong>4434.)</strong></span> <span class='ocrx_word' id='word_1_163' title='bbox 1314 1925 1342 1936; x_wconf 89' lang='lat'><strong>-·</strong></span> 
     </span>
     <span class='ocr_line' id='line_1_17' title="bbox 252 1973 1346 2039; baseline -0.005 -10"><span class='ocrx_word' id='word_1_164' title='bbox 252 1980 280 2029; x_wconf 91' lang='lat' dir='ltr'><strong>in</strong></span> <span class='ocrx_word' id='word_1_165' title='bbox 297 1979 419 2029; x_wconf 86' lang='lat' dir='ltr'><strong>Latinum</strong></span> <span class='ocrx_word' id='word_1_166' title='bbox 437 1988 591 2028; x_wconf 87' lang='lat' dir='ltr'><strong>sermonem</strong></span> <span class='ocrx_word' id='word_1_167' title='bbox 609 1979 721 2028; x_wconf 89' lang='lat' dir='ltr'><strong>conatus</strong></span> <span class='ocrx_word' id='word_1_168' title='bbox 739 1978 781 2027; x_wconf 86' lang='lat' dir='ltr'><strong>est</strong></span> <span class='ocrx_word' id='word_1_169' title='bbox 818 1977 1016 2028; x_wconf 64' lang='lat' dir='ltr'><strong>transuectum</strong></span> <span class='ocrx_word' id='word_1_170' title='bbox 1032 1976 1059 2025; x_wconf 86' lang='lat' dir='ltr'><strong>in</strong></span> <span class='ocrx_word' id='word_1_171' title='bbox 1070 1975 1126 2039; x_wconf 86' lang='lat' dir='ltr'><strong>oro]</strong></span> <span class='ocrx_word' id='word_1_172' title='bbox 1140 1973 1275 2025; x_wconf 78' lang='lat' dir='ltr'><strong>mondum</strong></span> <span class='ocrx_word' id='word_1_173' title='bbox 1288 1973 1346 2038; x_wconf 90' lang='lat' dir='ltr'><strong>qui-</strong></span> 
     </span>
     <span class='ocr_line' id='line_1_18' title="bbox 253 2049 1347 2114; baseline -0.007 -9"><span class='ocrx_word' id='word_1_174' title='bbox 253 2053 407 2104; x_wconf 84' lang='lat' dir='ltr'><strong>traaslerre.</strong></span> <span class='ocrx_word' id='word_1_175' title='bbox 438 2053 504 2102; x_wconf 83' lang='lat' dir='ltr'><strong>Nam</strong></span> <span class='ocrx_word' id='word_1_176' title='bbox 521 2051 673 2114; x_wconf 79' lang='lat' dir='ltr'><strong>tragoedias</strong></span> <span class='ocrx_word' id='word_1_177' title='bbox 691 2054 718 2102; x_wconf 86' lang='lat' dir='ltr'><strong>et</strong></span> <span class='ocrx_word' id='word_1_178' title='bbox 738 2049 781 2114; x_wconf 81' lang='lat' dir='ltr'><strong>ly·</strong></span> <span class='ocrx_word' id='word_1_179' title='bbox 818 2053 881 2103; x_wconf 88' lang='lat' dir='ltr'><strong>dem</strong></span> <span class='ocrx_word' id='word_1_180' title='bbox 894 2053 973 2103; x_wconf 89' lang='lat' dir='ltr'><strong>notus</strong></span> <span class='ocrx_word' id='word_1_181' title='bbox 982 2049 1085 2102; x_wconf 86' lang='lat' dir='ltr'><strong>civibus</strong></span> <span class='ocrx_word' id='word_1_182' title='bbox 1096 2051 1151 2102; x_wconf 87' lang='lat' dir='ltr'><strong>suis</strong></span> <span class='ocrx_word' id='word_1_183' title='bbox 1162 2049 1273 2114; x_wconf 82' lang='lat' dir='ltr'><strong>propter</strong></span> <span class='ocrx_word' id='word_1_184' title='bbox 1283 2053 1347 2113; x_wconf 75' lang='lat' dir='ltr'><strong>poe·</strong></span> 
     </span>
     <span class='ocr_line' id='line_1_19' title="bbox 253 2122 1348 2190; baseline -0.005 -12"><span class='ocrx_word' id='word_1_185' title='bbox 253 2129 308 2178; x_wconf 88' lang='lat' dir='ltr'><strong>rica</strong></span> <span class='ocrx_word' id='word_1_186' title='bbox 325 2127 445 2178; x_wconf 87' lang='lat' dir='ltr'><strong>carmina</strong></span> <span class='ocrx_word' id='word_1_187' title='bbox 462 2125 582 2176; x_wconf 86' lang='lat' dir='ltr'><strong>scrihere</strong></span> <span class='ocrx_word' id='word_1_188' title='bbox 601 2127 690 2190; x_wconf 89' lang='lat' dir='ltr'><strong>coepit</strong></span> <span class='ocrx_word' id='word_1_189' title='bbox 711 2128 782 2176; x_wconf 86' lang='lat' dir='ltr'><strong>tenr-</strong></span> <span class='ocrx_word' id='word_1_190' title='bbox 819 2129 884 2178; x_wconf 87' lang='lat' dir='ltr'><strong>tinas</strong></span> <span class='ocrx_word' id='word_1_191' title='bbox 901 2125 1010 2190; x_wconf 87' lang='lat' dir='ltr'><strong>laudes,</strong></span> <span class='ocrx_word' id='word_1_192' title='bbox 1030 2124 1078 2176; x_wconf 87' lang='lat' dir='ltr'><strong>sed</strong></span> <span class='ocrx_word' id='word_1_193' title='bbox 1097 2125 1156 2189; x_wconf 92' lang='lat' dir='ltr'><strong>qui,</strong></span> <span class='ocrx_word' id='word_1_194' title='bbox 1174 2122 1220 2173; x_wconf 89' lang='lat' dir='ltr'><strong>ubi</strong></span> <span class='ocrx_word' id='word_1_195' title='bbox 1234 2122 1348 2173; x_wconf 87' lang='lat' dir='ltr'><strong>ediderit</strong></span> 
     </span>
    </p>
   </div>
   <div class='ocr_carea' id='block_1_7' title="bbox 171 2197 1346 2267">
    <p class='ocr_par' dir='ltr' id='par_1_7' title="bbox 171 2197 1346 2267">
     <span class='ocr_line' id='line_1_20' title="bbox 171 2197 1346 2267; baseline -0.011 -7"><span class='ocrx_word' id='word_1_196' title='bbox 171 2245 175 2254; x_wconf 87' lang='lat'>.</span> <span class='ocrx_word' id='word_1_197' title='bbox 252 2201 364 2267; x_wconf 67' lang='lat' dir='ltr'><strong>poribus</strong></span> <span class='ocrx_word' id='word_1_198' title='bbox 376 2201 498 2263; x_wconf 64' lang='lat' dir='ltr'><strong>augium</strong></span> <span class='ocrx_word' id='word_1_199' title='bbox 517 2199 567 2250; x_wconf 71' lang='lat' dir='ltr'><strong>sed</strong></span> <span class='ocrx_word' id='word_1_200' title='bbox 583 2198 643 2249; x_wconf 76' lang='lat' dir='ltr'><strong>libri</strong></span> <span class='ocrx_word' id='word_1_201' title='bbox 656 2201 713 2250; x_wconf 74' lang='lat' dir='ltr'><strong>eius</strong></span> <span class='ocrx_word' id='word_1_202' title='bbox 726 2197 782 2249; x_wconf 80' lang='lat' dir='ltr'><strong>nul·</strong></span> <span class='ocrx_word' id='word_1_203' title='bbox 819 2203 951 2263; x_wconf 87' lang='lat' dir='ltr'><strong>carmlna,</strong></span> <span class='ocrx_word' id='word_1_204' title='bbox 978 2200 1054 2252; x_wconf 85' lang='lat' dir='ltr'><strong>brevi</strong></span> <span class='ocrx_word' id='word_1_205' title='bbox 1080 2212 1178 2250; x_wconf 90' lang='lat' dir='ltr'><strong>nomen</strong></span> <span class='ocrx_word' id='word_1_206' title='bbox 1205 2197 1346 2249; x_wconf 87' lang='lat' dir='ltr'><strong>vendibilis</strong></span> 
     </span>
    </p>
   </div>
   <div class='ocr_carea' id='block_1_8' title="bbox 253 2273 1350 4286">
    <p class='ocr_par' dir='ltr' id='par_1_8' title="bbox 253 2273 1349 3163">
     <span class='ocr_line' id='line_1_21' title="bbox 253 2273 1344 2342; baseline -0.003 -16"><span class='ocrx_word' id='word_1_207' title='bbox 253 2275 304 2326; x_wconf 85' lang='lat' dir='ltr'><strong>lina</strong></span> <span class='ocrx_word' id='word_1_208' title='bbox 320 2275 450 2324; x_wconf 88' lang='lat' dir='ltr'><strong>momenti</strong></span> <span class='ocrx_word' id='word_1_209' title='bbox 468 2275 570 2322; x_wconf 81' lang='lat' dir='ltr'><strong>erant.»</strong></span> <span class='ocrx_word' id='word_1_210' title='bbox 598 2274 695 2322; x_wconf 80' lang='lat' dir='ltr'><strong>Aaron.</strong></span> <span class='ocrx_word' id='word_1_211' title='bbox 726 2273 783 2322; x_wconf 78' lang='lat' dir='ltr'><strong>«Ti-</strong></span> <span class='ocrx_word' id='word_1_212' title='bbox 819 2279 915 2342; x_wconf 80' lang='lat' dir='ltr'><strong>poetae</strong></span> <span class='ocrx_word' id='word_1_213' title='bbox 932 2275 1108 2327; x_wconf 80' lang='lat' dir='ltr'><strong>merebitur.»</strong></span> <span class='ocrx_word' id='word_1_214' title='bbox 1135 2273 1297 2338; x_wconf 75' lang='lat' dir='ltr'><strong>Properti,</strong></span> <span class='ocrx_word' id='word_1_215' title='bbox 1315 2273 1344 2331; x_wconf 84' lang='lat'><strong>8,</strong></span> 
     </span>
     <span class='ocr_line' id='line_1_22' title="bbox 253 2346 1345 2414; baseline -0.005 -13"><span class='ocrx_word' id='word_1_216' title='bbox 253 2351 306 2401; x_wconf 90' lang='lat' dir='ltr'><strong>tius</strong></span> <span class='ocrx_word' id='word_1_217' title='bbox 323 2349 402 2414; x_wconf 80' lang='lat' dir='ltr'><strong>poeta</strong></span> <span class='ocrx_word' id='word_1_218' title='bbox 417 2347 460 2397; x_wconf 89' lang='lat' dir='ltr'><strong>hic</strong></span> <span class='ocrx_word' id='word_1_219' title='bbox 472 2346 555 2398; x_wconf 88' lang='lat' dir='ltr'><strong>voluit</strong></span> <span class='ocrx_word' id='word_1_220' title='bbox 571 2347 715 2397; x_wconf 87' lang='lat' dir='ltr'><strong>Pindarum</strong></span> <span class='ocrx_word' id='word_1_221' title='bbox 727 2361 783 2398; x_wconf 91' lang='lat' dir='ltr'><strong>ser·</strong></span> <span class='ocrx_word' id='word_1_222' title='bbox 819 2353 865 2402; x_wconf 77' lang='lat'><strong>³2:</strong></span> <span class='ocrx_word' id='word_1_223' title='bbox 887 2351 970 2402; x_wconf 76' lang='lat' dir='ltr'><strong>veriet</strong></span> <span class='ocrx_word' id='word_1_224' title='bbox 986 2355 1014 2401; x_wconf 83' lang='lat' dir='ltr'><strong>lu</strong></span> <span class='ocrx_word' id='word_1_225' title='bbox 1030 2362 1128 2413; x_wconf 77' lang='lat' dir='ltr'><strong>quoque</strong></span> <span class='ocrx_word' id='word_1_226' title='bbox 1143 2349 1171 2400; x_wconf 83' lang='lat' dir='ltr'><strong>in</strong></span> <span class='ocrx_word' id='word_1_227' title='bbox 1187 2361 1236 2398; x_wconf 84' lang='lat' dir='ltr'><strong>oro</strong></span> <span class='ocrx_word' id='word_1_228' title='bbox 1251 2347 1345 2397; x_wconf 72' lang='lat' dir='ltr'><strong>vimen.</strong></span> 
     </span>
     <span class='ocr_line' id='line_1_23' title="bbox 254 2421 1347 2490; baseline -0.004 -16"><span class='ocrx_word' id='word_1_229' title='bbox 254 2437 334 2474; x_wconf 89' lang='lat' dir='ltr'><strong>mone</strong></span> <span class='ocrx_word' id='word_1_230' title='bbox 352 2424 444 2473; x_wconf 82' lang='lat' dir='ltr'><strong>Latino</strong></span> <span class='ocrx_word' id='word_1_231' title='bbox 461 2425 577 2472; x_wconf 84' lang='lat' dir='ltr'><strong>vertere.</strong></span> <span class='ocrx_word' id='word_1_232' title='bbox 613 2421 724 2472; x_wconf 87' lang='lat' dir='ltr'><strong>Deridet</strong></span> <span class='ocrx_word' id='word_1_233' title='bbox 737 2435 783 2472; x_wconf 91' lang='lat' dir='ltr'><strong>an·</strong></span> <span class='ocrx_word' id='word_1_234' title='bbox 819 2426 889 2490; x_wconf 82' lang='lat' dir='ltr'><strong>virg.</strong></span> <span class='ocrx_word' id='word_1_235' title='bbox 904 2427 950 2476; x_wconf 84' lang='lat' dir='ltr'><strong>Ge.</strong></span> <span class='ocrx_word' id='word_1_236' title='bbox 964 2425 992 2486; x_wconf 86' lang='grc'><strong>3,</strong></span> <span class='ocrx_word' id='word_1_237' title='bbox 1012 2424 1040 2474; x_wconf 83' lang='lat'><strong>9:</strong></span> <span class='ocrx_word' id='word_1_238' title='bbox 1062 2425 1190 2484; x_wconf 76' lang='lat' dir='ltr'><strong>victorque</strong></span> <span class='ocrx_word' id='word_1_239' title='bbox 1205 2423 1347 2472; x_wconf 65' lang='lat' dir='ltr'><strong>mutiano-</strong></span> 
     </span>
     <span class='ocr_line' id='line_1_24' title="bbox 253 2495 1344 2563; baseline -0.005 -13"><span class='ocrx_word' id='word_1_240' title='bbox 253 2503 310 2551; x_wconf 89' lang='lat' dir='ltr'><strong>tem</strong></span> <span class='ocrx_word' id='word_1_241' title='bbox 326 2499 399 2550; x_wconf 89' lang='lat' dir='ltr'><strong>hunc</strong></span> <span class='ocrx_word' id='word_1_242' title='bbox 416 2497 552 2558; x_wconf 88' lang='lat' dir='ltr'><strong>lloratius,</strong></span> <span class='ocrx_word' id='word_1_243' title='bbox 572 2497 783 2560; x_wconf 86' lang='lat' dir='ltr'><strong>quodausnssit</strong></span> <span class='ocrx_word' id='word_1_244' title='bbox 818 2501 893 2550; x_wconf 78' lang='lat' dir='ltr'><strong>tiuare</strong></span> <span class='ocrx_word' id='word_1_245' title='bbox 914 2513 963 2563; x_wconf 76' lang='lat' dir='ltr'><strong>per</strong></span> <span class='ocrx_word' id='word_1_246' title='bbox 989 2512 1049 2562; x_wconf 84' lang='lat' dir='ltr'><strong>oro,</strong></span> <span class='ocrx_word' id='word_1_247' title='bbox 1076 2512 1109 2549; x_wconf 89' lang='lat' dir='ltr'><strong>ex</strong></span> <span class='ocrx_word' id='word_1_248' title='bbox 1138 2497 1257 2549; x_wconf 85' lang='lat' dir='ltr'><strong>Enniano</strong></span> <span class='ocrx_word' id='word_1_249' title='bbox 1287 2495 1344 2547; x_wconf 89' lang='lat' dir='ltr'><strong>illo:</strong></span> 
     </span>
     <span class='ocr_line' id='line_1_25' title="bbox 254 2571 1343 2638; baseline -0.005 -13"><span class='ocrx_word' id='word_1_250' title='bbox 254 2587 363 2625; x_wconf 85' lang='lat' dir='ltr'><strong>sacrum</strong></span> <span class='ocrx_word' id='word_1_251' title='bbox 380 2586 448 2638; x_wconf 86' lang='lat' dir='ltr'><strong>opus</strong></span> <span class='ocrx_word' id='word_1_252' title='bbox 465 2571 632 2622; x_wconf 87' lang='lat' dir='ltr'><strong>attaminare.</strong></span> <span class='ocrx_word' id='word_1_253' title='bbox 665 2571 715 2634; x_wconf 83' lang='lat' dir='ltr'><strong>(Sic</strong></span> <span class='ocrx_word' id='word_1_254' title='bbox 732 2571 780 2621; x_wconf 88' lang='lat' dir='ltr'><strong>Ed.</strong></span> <span class='ocrx_word' id='word_1_255' title='bbox 818 2576 894 2626; x_wconf 84' lang='lat' dir='ltr'><strong>volito</strong></span> <span class='ocrx_word' id='word_1_256' title='bbox 909 2575 976 2624; x_wconf 82' lang='lat' dir='ltr'><strong>uiou’</strong></span> <span class='ocrx_word' id='word_1_257' title='bbox 990 2589 1038 2638; x_wconf 78' lang='lat' dir='ltr'><strong>per</strong></span> <span class='ocrx_word' id='word_1_258' title='bbox 1050 2574 1201 2624; x_wconf 70' lang='lat' dir='ltr'><strong>crocinum.</strong></span> <span class='ocrx_word' id='word_1_259' title='bbox 1221 2574 1287 2622; x_wconf 82' lang='lat' dir='ltr'><strong>Aen.</strong></span> <span class='ocrx_word' id='word_1_260' title='bbox 1302 2571 1343 2630; x_wconf 89' lang='grc'><strong>44,</strong></span> 
     </span>
     <span class='ocr_line' id='line_1_26' title="bbox 254 2645 1345 2714; baseline -0.005 -13"><span class='ocrx_word' id='word_1_261' title='bbox 254 2651 340 2714; x_wconf 89' lang='lat' dir='ltr'><strong>princ.</strong></span> <span class='ocrx_word' id='word_1_262' title='bbox 352 2649 419 2699; x_wconf 83' lang='lat' dir='ltr'><strong>Van.</strong></span> <span class='ocrx_word' id='word_1_263' title='bbox 438 2647 523 2708; x_wconf 73' lang='lat' dir='ltr'><strong>elan,</strong></span> <span class='ocrx_word' id='word_1_264' title='bbox 542 2647 715 2698; x_wconf 71' lang='lat' dir='ltr'><strong>contaminere</strong></span> <span class='ocrx_word' id='word_1_265' title='bbox 732 2645 780 2697; x_wconf 87' lang='lat' dir='ltr'><strong>Ed.</strong></span> <span class='ocrx_word' id='word_1_266' title='bbox 819 2651 881 2700; x_wconf 72' lang='lat'><strong>235:</strong></span> <span class='ocrx_word' id='word_1_267' title='bbox 900 2649 1247 2712; x_wconf 71' lang='lat' dir='ltr'><strong>victaqueoeroroseretw.</strong></span> <span class='ocrx_word' id='word_1_268' title='bbox 1267 2649 1345 2709; x_wconf 84' lang='lat' dir='ltr'><strong>Prop.</strong></span> 
     </span>
     <span class='ocr_line' id='line_1_27' title="bbox 254 2721 1348 2786; baseline -0.003 -12"><span class='ocrx_word' id='word_1_269' title='bbox 254 2725 314 2776; x_wconf 86' lang='lat' dir='ltr'><strong>Bas.</strong></span> <span class='ocrx_word' id='word_1_270' title='bbox 334 2723 418 2785; x_wconf 78' lang='lat'><strong>⁴580.)</strong></span> <span class='ocrx_word' id='word_1_271' title='bbox 446 2724 538 2774; x_wconf 89' lang='lat' dir='ltr'><strong>Potest</strong></span> <span class='ocrx_word' id='word_1_272' title='bbox 560 2723 651 2772; x_wconf 87' lang='lat' dir='ltr'><strong>tamen</strong></span> <span class='ocrx_word' id='word_1_273' title='bbox 669 2723 695 2771; x_wconf 92' lang='lat' dir='ltr'><strong>et</strong></span> <span class='ocrx_word' id='word_1_274' title='bbox 719 2733 782 2772; x_wconf 88' lang='lat' dir='ltr'><strong>vere</strong></span> <span class='ocrx_word' id='word_1_275' title='bbox 821 2725 848 2784; x_wconf 86' lang='grc'><strong>4,</strong></span> <span class='ocrx_word' id='word_1_276' title='bbox 868 2726 895 2786; x_wconf 88' lang='grc'><strong>4,</strong></span> <span class='ocrx_word' id='word_1_277' title='bbox 913 2721 960 2774; x_wconf 72' lang='lat' dir='ltr'><strong>lt:</strong></span> <span class='ocrx_word' id='word_1_278' title='bbox 978 2725 1063 2774; x_wconf 72' lang='lat' dir='ltr'><strong>Moira</strong></span> <span class='ocrx_word' id='word_1_279' title='bbox 1079 2723 1348 2784; x_wconf 64' lang='lat' dir='ltr'><strong>wwawotaoomen</strong></span> 
     </span>
     <span class='ocr_line' id='line_1_28' title="bbox 254 2793 1347 2860; baseline -0.004 -11"><span class='ocrx_word' id='word_1_280' title='bbox 254 2798 371 2860; x_wconf 89' lang='lat' dir='ltr'><strong>laudari,</strong></span> <span class='ocrx_word' id='word_1_281' title='bbox 390 2810 453 2849; x_wconf 89' lang='lat' dir='ltr'><strong>nam</strong></span> <span class='ocrx_word' id='word_1_282' title='bbox 471 2796 568 2847; x_wconf 88' lang='lat' dir='ltr'><strong>Tiberii</strong></span> <span class='ocrx_word' id='word_1_283' title='bbox 586 2809 679 2848; x_wconf 88' lang='lat' dir='ltr'><strong>comes</strong></span> <span class='ocrx_word' id='word_1_284' title='bbox 698 2798 725 2847; x_wconf 89' lang='lat' dir='ltr'><strong>et</strong></span> <span class='ocrx_word' id='word_1_285' title='bbox 737 2797 784 2847; x_wconf 90' lang='lat' dir='ltr'><strong>do-</strong></span> <span class='ocrx_word' id='word_1_286' title='bbox 818 2801 846 2850; x_wconf 83' lang='lat' dir='ltr'><strong>in</strong></span> <span class='ocrx_word' id='word_1_287' title='bbox 863 2812 911 2850; x_wconf 86' lang='lat' dir='ltr'><strong>oro</strong></span> <span class='ocrx_word' id='word_1_288' title='bbox 930 2799 1005 2849; x_wconf 69' lang='lat' dir='ltr'><strong>vend.</strong></span> <span class='ocrx_word' id='word_1_289' title='bbox 1036 2801 1164 2848; x_wconf 82' lang='lat' dir='ltr'><strong>Perverse</strong></span> <span class='ocrx_word' id='word_1_290' title='bbox 1187 2795 1230 2847; x_wconf 90' lang='lat' dir='ltr'><strong>illa</strong></span> <span class='ocrx_word' id='word_1_291' title='bbox 1252 2793 1347 2859; x_wconf 79' lang='lat' dir='ltr'><strong>dilogia</strong></span> 
     </span>
     <span class='ocr_line' id='line_1_29' title="bbox 254 2870 1346 2937; baseline -0.005 -11"><span class='ocrx_word' id='word_1_292' title='bbox 254 2874 390 2926; x_wconf 89' lang='lat' dir='ltr'><strong>ctissimus</strong></span> <span class='ocrx_word' id='word_1_293' title='bbox 407 2873 455 2924; x_wconf 88' lang='lat' dir='ltr'><strong>luit</strong></span> <span class='ocrx_word' id='word_1_294' title='bbox 466 2877 493 2924; x_wconf 92' lang='lat' dir='ltr'><strong>et</strong></span> <span class='ocrx_word' id='word_1_295' title='bbox 504 2871 587 2936; x_wconf 85' lang='lat' dir='ltr'><strong>lyrica</strong></span> <span class='ocrx_word' id='word_1_296' title='bbox 597 2873 781 2937; x_wconf 79' lang='lat' dir='ltr'><strong>conscripsit.»</strong></span> <span class='ocrx_word' id='word_1_297' title='bbox 820 2888 874 2926; x_wconf 92' lang='lat' dir='ltr'><strong>non</strong></span> <span class='ocrx_word' id='word_1_298' title='bbox 891 2875 973 2936; x_wconf 88' lang='lat' dir='ltr'><strong>inest,</strong></span> <span class='ocrx_word' id='word_1_299' title='bbox 1000 2885 1081 2937; x_wconf 88' lang='lat' dir='ltr'><strong>quam</strong></span> <span class='ocrx_word' id='word_1_300' title='bbox 1101 2870 1219 2922; x_wconf 91' lang='lat' dir='ltr'><strong>nonnulli</strong></span> <span class='ocrx_word' id='word_1_301' title='bbox 1243 2871 1285 2922; x_wconf 90' lang='lat' dir='ltr'><strong>his</strong></span> <span class='ocrx_word' id='word_1_302' title='bbox 1302 2883 1346 2920; x_wconf 80' lang='lat' dir='ltr'><strong>vv.</strong></span> 
     </span>
     <span class='ocr_line' id='line_1_30' title="bbox 256 2945 1349 3012; baseline -0.003 -14"><span class='ocrx_word' id='word_1_303' title='bbox 256 2951 379 2999; x_wconf 81' lang='lat' dir='ltr'><strong>Ponrurr.</strong></span> <span class='ocrx_word' id='word_1_304' title='bbox 417 2949 515 2999; x_wconf 84' lang='lat' dir='ltr'><strong>«Titius</strong></span> <span class='ocrx_word' id='word_1_305' title='bbox 535 2947 678 3012; x_wconf 85' lang='lat' dir='ltr'><strong>Septimius</strong></span> <span class='ocrx_word' id='word_1_306' title='bbox 699 2945 783 3010; x_wconf 76' lang='lat' dir='ltr'><strong>lyrica</strong></span> <span class='ocrx_word' id='word_1_307' title='bbox 821 2949 953 3010; x_wconf 87' lang='lat' dir='ltr'><strong>tribuunt,</strong></span> <span class='ocrx_word' id='word_1_308' title='bbox 972 2951 1002 2999; x_wconf 92' lang='lat' dir='ltr'><strong>nt</strong></span> <span class='ocrx_word' id='word_1_309' title='bbox 1018 2949 1052 3000; x_wconf 93' lang='lat' dir='ltr'><strong>sit</strong></span> <span class='ocrx_word' id='word_1_310' title='bbox 1068 2945 1161 2999; x_wconf 88' lang='lat' dir='ltr'><strong>simul:</strong></span> <span class='ocrx_word' id='word_1_311' title='bbox 1182 2958 1246 2998; x_wconf 90' lang='lat' dir='ltr'><strong>eum</strong></span> <span class='ocrx_word' id='word_1_312' title='bbox 1262 2947 1349 2996; x_wconf 81' lang='lat' dir='ltr'><strong>inore</strong></span> 
     </span>
     <span class='ocr_line' id='line_1_31' title="bbox 255 3021 1346 3086; baseline -0.002 -14"><span class='ocrx_word' id='word_1_313' title='bbox 255 3024 374 3074; x_wconf 89' lang='lat' dir='ltr'><strong>carmina</strong></span> <span class='ocrx_word' id='word_1_314' title='bbox 392 3024 420 3073; x_wconf 91' lang='lat' dir='ltr'><strong>et</strong></span> <span class='ocrx_word' id='word_1_315' title='bbox 436 3021 586 3086; x_wconf 79' lang='lat' dir='ltr'><strong>tragoedias</strong></span> <span class='ocrx_word' id='word_1_316' title='bbox 604 3022 711 3086; x_wconf 81' lang='lat' dir='ltr'><strong>scripsit</strong></span> <span class='ocrx_word' id='word_1_317' title='bbox 727 3023 784 3072; x_wconf 81' lang='lat' dir='ltr'><strong>Au·</strong></span> <span class='ocrx_word' id='word_1_318' title='bbox 820 3023 1123 3086; x_wconf 76' lang='lat' dir='ltr'><strong>hominumorotuctibrio</strong></span> <span class='ocrx_word' id='word_1_319' title='bbox 1132 3021 1269 3072; x_wconf 68' lang='grc'><strong>(4444444444.</strong></span> <span class='ocrx_word' id='word_1_320' title='bbox 1282 3021 1346 3084; x_wconf 82' lang='lat' dir='ltr'><strong>(Liv.</strong></span> 
     </span>
     <span class='ocr_line' id='line_1_32' title="bbox 256 3095 921 3163; baseline 0.002 -13"><span class='ocrx_word' id='word_1_321' title='bbox 256 3098 325 3162; x_wconf 76' lang='lat' dir='ltr'><strong>gusti</strong></span> <span class='ocrx_word' id='word_1_322' title='bbox 341 3099 476 3163; x_wconf 87' lang='lat' dir='ltr'><strong>tempore,</strong></span> <span class='ocrx_word' id='word_1_323' title='bbox 499 3097 549 3148; x_wconf 88' lang='lat' dir='ltr'><strong>sed</strong></span> <span class='ocrx_word' id='word_1_324' title='bbox 566 3095 625 3147; x_wconf 89' lang='lat' dir='ltr'><strong>libri</strong></span> <span class='ocrx_word' id='word_1_325' title='bbox 644 3097 702 3148; x_wconf 88' lang='lat' dir='ltr'><strong>eius</strong></span> <span class='ocrx_word' id='word_1_326' title='bbox 720 3095 783 3148; x_wconf 90' lang='lat' dir='ltr'><strong>nulli</strong></span> <span class='ocrx_word' id='word_1_327' title='bbox 821 3103 851 3162; x_wconf 87' lang='grc'><strong>4,</strong></span> <span class='ocrx_word' id='word_1_328' title='bbox 870 3099 921 3163; x_wconf 82' lang='grc'>36.)</span> 
     </span>
    </p>

    <p class='ocr_par' dir='ltr' id='par_1_9' title="bbox 255 3170 1350 4286">
     <span class='ocr_line' id='line_1_33' title="bbox 256 3170 1348 3237; baseline -0.003 -13"><span class='ocrx_word' id='word_1_329' title='bbox 256 3175 369 3224; x_wconf 81' lang='lat' dir='ltr'><strong>exstant.</strong></span> <span class='ocrx_word' id='word_1_330' title='bbox 405 3173 591 3224; x_wconf 86' lang='lat' dir='ltr'><strong>Huiusautem</strong></span> <span class='ocrx_word' id='word_1_331' title='bbox 609 3173 784 3236; x_wconf 79' lang='lat' dir='ltr'><strong>insignemo-</strong></span> <span class='ocrx_word' id='word_1_332' title='bbox 854 3174 943 3226; x_wconf 88' lang='grc'><strong>40-44.</strong></span> <span class='ocrx_word' id='word_1_333' title='bbox 973 3173 1098 3237; x_wconf 64' lang='lat' dir='ltr'><strong>maudoit</strong></span> <span class='ocrx_word' id='word_1_334' title='bbox 1112 3171 1224 3236; x_wconf 75' lang='lat' dir='ltr'><strong>tamnu]</strong></span> <span class='ocrx_word' id='word_1_335' title='bbox 1247 3170 1348 3222; x_wconf 87' lang='lat' dir='ltr'><strong>Eadem</strong></span> 
     </span>
     <span class='ocr_line' id='line_1_34' title="bbox 255 3247 1345 3310; baseline -0.005 -10"><span class='ocrx_word' id='word_1_336' title='bbox 255 3251 413 3300; x_wconf 89' lang='lat' dir='ltr'><strong>numentum</strong></span> <span class='ocrx_word' id='word_1_337' title='bbox 422 3250 464 3298; x_wconf 91' lang='lat' dir='ltr'><strong>est</strong></span> <span class='ocrx_word' id='word_1_338' title='bbox 475 3247 782 3300; x_wconf 76' lang='lat' dir='ltr'><strong>inlraAriciam.»Con.</strong></span> <span class='ocrx_word' id='word_1_339' title='bbox 821 3250 1019 3302; x_wconf 86' lang='lat' dir='ltr'><strong>constructione</strong></span> <span class='ocrx_word' id='word_1_340' title='bbox 1038 3250 1118 3310; x_wconf 79' lang='lat' dir='ltr'><strong>atque</strong></span> <span class='ocrx_word' id='word_1_341' title='bbox 1136 3247 1184 3298; x_wconf 89' lang='lat' dir='ltr'><strong>Od.</strong></span> <span class='ocrx_word' id='word_1_342' title='bbox 1201 3248 1230 3308; x_wconf 87' lang='grc'><strong>4,</strong></span> <span class='ocrx_word' id='word_1_343' title='bbox 1250 3248 1297 3306; x_wconf 88' lang='grc'><strong>44,</strong></span> <span class='ocrx_word' id='word_1_344' title='bbox 1316 3247 1345 3296; x_wconf 80' lang='lat'><strong>7:</strong></span> 
     </span>
     <span class='ocr_line' id='line_1_35' title="bbox 257 3321 1346 3388; baseline -0.004 -14"><span class='ocrx_word' id='word_1_345' title='bbox 257 3323 346 3386; x_wconf 82' lang='lat' dir='ltr'><strong>Cano.)</strong></span> <span class='ocrx_word' id='word_1_346' title='bbox 371 3321 553 3373; x_wconf 82' lang='lat' dir='ltr'><strong>Confidentiae</strong></span> <span class='ocrx_word' id='word_1_347' title='bbox 571 3323 638 3384; x_wconf 89' lang='lat' dir='ltr'><strong>lam,</strong></span> <span class='ocrx_word' id='word_1_348' title='bbox 657 3334 740 3386; x_wconf 85' lang='lat' dir='ltr'><strong>quam</strong></span> <span class='ocrx_word' id='word_1_349' title='bbox 756 3323 783 3373; x_wconf 92' lang='lat' dir='ltr'><strong>in</strong></span> <span class='ocrx_word' id='word_1_350' title='bbox 817 3325 960 3388; x_wconf 62' lang='lat' dir='ltr'><strong>perimunt</strong></span> <span class='ocrx_word' id='word_1_351' title='bbox 981 3323 1138 3374; x_wconf 76' lang='lat' dir='ltr'><strong>contronuit.</strong></span> <span class='ocrx_word' id='word_1_352' title='bbox 1174 3322 1223 3372; x_wconf 90' lang='lat' dir='ltr'><strong>Od.</strong></span> <span class='ocrx_word' id='word_1_353' title='bbox 1244 3322 1275 3384; x_wconf 81' lang='grc'><strong>3,</strong></span> <span class='ocrx_word' id='word_1_354' title='bbox 1299 3321 1346 3378; x_wconf 82' lang='grc'><strong>47,</strong></span> 
     </span>
     <span class='ocr_line' id='line_1_36' title="bbox 256 3395 1346 3462; baseline -0.004 -14"><span class='ocrx_word' id='word_1_355' title='bbox 256 3399 341 3462; x_wconf 89' lang='lat' dir='ltr'><strong>prima</strong></span> <span class='ocrx_word' id='word_1_356' title='bbox 359 3397 475 3447; x_wconf 85' lang='lat' dir='ltr'><strong>editione</strong></span> <span class='ocrx_word' id='word_1_357' title='bbox 497 3395 615 3449; x_wconf 87' lang='lat' dir='ltr'><strong>laceram</strong></span> <span class='ocrx_word' id='word_1_358' title='bbox 633 3397 666 3448; x_wconf 90' lang='lat' dir='ltr'><strong>ad</strong></span> <span class='ocrx_word' id='word_1_359' title='bbox 685 3397 732 3448; x_wconf 93' lang='lat' dir='ltr'><strong>0d.</strong></span> <span class='ocrx_word' id='word_1_360' title='bbox 751 3398 781 3459; x_wconf 90' lang='grc'><strong>4,</strong></span> <span class='ocrx_word' id='word_1_361' title='bbox 820 3401 865 3450; x_wconf 79' lang='grc' dir='ltr'><strong>47ι</strong></span> <span class='ocrx_word' id='word_1_362' title='bbox 879 3398 1136 3462; x_wconf 72' lang='lat' dir='ltr'><strong>oudioeqatefroudoa</strong></span> <span class='ocrx_word' id='word_1_363' title='bbox 1147 3397 1346 3448; x_wconf 73' lang='lat' dir='ltr'><strong>Pottottoudou.</strong></span> 
     </span>
     <span class='ocr_line' id='line_1_37' title="bbox 255 3471 1347 3537; baseline 0.004 -14"><span class='ocrx_word' id='word_1_364' title='bbox 255 3473 291 3534; x_wconf 83' lang='lat'><strong>6.,</strong></span> <span class='ocrx_word' id='word_1_365' title='bbox 310 3471 415 3522; x_wconf 78' lang='lat' dir='ltr'><strong>affirmo</strong></span> <span class='ocrx_word' id='word_1_366' title='bbox 433 3472 524 3522; x_wconf 80' lang='lat' dir='ltr'><strong>Titium</strong></span> <span class='ocrx_word' id='word_1_367' title='bbox 540 3473 688 3534; x_wconf 75' lang='lat' dir='ltr'><strong>septimiano</strong></span> <span class='ocrx_word' id='word_1_368' title='bbox 711 3473 782 3522; x_wconf 91' lang='lat' dir='ltr'><strong>hunc</strong></span> <span class='ocrx_word' id='word_1_369' title='bbox 820 3473 888 3525; x_wconf 80' lang='lat' dir='ltr'><strong>nihil</strong></span> <span class='ocrx_word' id='word_1_370' title='bbox 900 3475 978 3536; x_wconf 77' lang='lat' dir='ltr'><strong>igitur</strong></span> <span class='ocrx_word' id='word_1_371' title='bbox 987 3486 1054 3537; x_wconf 83' lang='lat' dir='ltr'><strong>opus</strong></span> <span class='ocrx_word' id='word_1_372' title='bbox 1067 3473 1256 3537; x_wconf 83' lang='lat' dir='ltr'><strong>Porphyrionis</strong></span> <span class='ocrx_word' id='word_1_373' title='bbox 1266 3472 1347 3527; x_wconf 85' lang='lat' dir='ltr'><strong>coni:</strong></span> 
     </span>
     <span class='ocr_line' id='line_1_38' title="bbox 255 3545 1347 3612; baseline 0 -16"><span class='ocrx_word' id='word_1_374' title='bbox 255 3549 364 3612; x_wconf 80' lang='lat' dir='ltr'><strong>poetam</strong></span> <span class='ocrx_word' id='word_1_375' title='bbox 381 3545 508 3611; x_wconf 84' lang='lat' dir='ltr'><strong>appellari</strong></span> <span class='ocrx_word' id='word_1_376' title='bbox 532 3560 586 3597; x_wconf 92' lang='lat' dir='ltr'><strong>non</strong></span> <span class='ocrx_word' id='word_1_377' title='bbox 607 3560 697 3612; x_wconf 86' lang='lat' dir='ltr'><strong>posse.</strong></span> <span class='ocrx_word' id='word_1_378' title='bbox 735 3548 783 3598; x_wconf 85' lang='lat' dir='ltr'><strong>Et-</strong></span> <span class='ocrx_word' id='word_1_379' title='bbox 822 3549 1005 3600; x_wconf 65' lang='lat' dir='ltr'><strong>:intonatur-</strong></span> <span class='ocrx_word' id='word_1_380' title='bbox 1018 3546 1114 3599; x_wconf 86' lang='lat' dir='ltr'><strong>lacobe</strong></span> <span class='ocrx_word' id='word_1_381' title='bbox 1122 3549 1199 3611; x_wconf 89' lang='lat' dir='ltr'><strong>putat</strong></span> <span class='ocrx_word' id='word_1_382' title='bbox 1210 3547 1347 3598; x_wconf 84' lang='lat' dir='ltr'><strong>Horatium</strong></span> 
     </span>
     <span class='ocr_line' id='line_1_39' title="bbox 256 3620 1346 3688; baseline -0.002 -16"><span class='ocrx_word' id='word_1_383' title='bbox 256 3622 328 3672; x_wconf 88' lang='lat' dir='ltr'><strong>enim</strong></span> <span class='ocrx_word' id='word_1_384' title='bbox 346 3622 408 3672; x_wconf 88' lang='lat' dir='ltr'><strong>ante</strong></span> <span class='ocrx_word' id='word_1_385' title='bbox 420 3621 509 3672; x_wconf 89' lang='lat' dir='ltr'><strong>omnia</strong></span> <span class='ocrx_word' id='word_1_386' title='bbox 527 3621 553 3671; x_wconf 88' lang='lat' dir='ltr'><strong>in</strong></span> <span class='ocrx_word' id='word_1_387' title='bbox 570 3621 695 3685; x_wconf 83' lang='lat' dir='ltr'><strong>gentihus</strong></span> <span class='ocrx_word' id='word_1_388' title='bbox 707 3623 784 3685; x_wconf 79' lang='lat' dir='ltr'><strong>origi-</strong></span> <span class='ocrx_word' id='word_1_389' title='bbox 820 3624 970 3688; x_wconf 85' lang='lat' dir='ltr'><strong>respexisse</strong></span> <span class='ocrx_word' id='word_1_390' title='bbox 982 3622 1018 3673; x_wconf 89' lang='lat' dir='ltr'><strong>ad</strong></span> <span class='ocrx_word' id='word_1_391' title='bbox 1029 3620 1183 3674; x_wconf 85' lang='lat' dir='ltr'><strong>Callimachi</strong></span> <span class='ocrx_word' id='word_1_392' title='bbox 1195 3620 1259 3672; x_wconf 90' lang='lat' dir='ltr'><strong>illud</strong></span> <span class='ocrx_word' id='word_1_393' title='bbox 1268 3620 1346 3672; x_wconf 79' lang='lat' dir='ltr'><strong>nuth.</strong></span> 
     </span>
     <span class='ocr_line' id='line_1_40' title="bbox 257 3689 1349 3762; baseline -0.002 -14"><span class='ocrx_word' id='word_1_394' title='bbox 257 3697 297 3748; x_wconf 91' lang='lat' dir='ltr'><strong>nis</strong></span> <span class='ocrx_word' id='word_1_395' title='bbox 313 3709 379 3746; x_wconf 88' lang='lat' dir='ltr'><strong>vare</strong></span> <span class='ocrx_word' id='word_1_396' title='bbox 397 3698 544 3758; x_wconf 84' lang='lat' dir='ltr'><strong>Romanae,</strong></span> <span class='ocrx_word' id='word_1_397' title='bbox 569 3699 599 3747; x_wconf 93' lang='lat' dir='ltr'><strong>ut</strong></span> <span class='ocrx_word' id='word_1_398' title='bbox 622 3700 664 3748; x_wconf 87' lang='lat' dir='ltr'><strong>eet</strong></span> <span class='ocrx_word' id='word_1_399' title='bbox 686 3699 713 3748; x_wconf 88' lang='lat' dir='ltr'><strong>et</strong></span> <span class='ocrx_word' id='word_1_400' title='bbox 734 3698 784 3747; x_wconf 90' lang='lat' dir='ltr'><strong>Se·</strong></span> <span class='ocrx_word' id='word_1_401' title='bbox 820 3696 874 3748; x_wconf 88' lang='lat' dir='ltr'><strong>Pal.</strong></span> <span class='ocrx_word' id='word_1_402' title='bbox 895 3700 926 3748; x_wconf 92' lang='lat' dir='ltr'><strong>ll.</strong></span> <span class='ocrx_word' id='word_1_403' title='bbox 947 3711 974 3762; x_wconf 90' lang='lat' dir='ltr'><strong>p.</strong></span> <span class='ocrx_word' id='word_1_404' title='bbox 992 3697 1056 3749; x_wconf 75' lang='lat' dir='ltr'><strong>loe:</strong></span> <span class='ocrx_word' id='word_1_405' title='bbox 1084 3689 1144 3747; x_wconf 75' lang='grc' dir='ltr'><strong>οὔτ’</strong></span> <span class='ocrx_word' id='word_1_406' title='bbox 1162 3689 1223 3747; x_wconf 78' lang='grc' dir='ltr'><strong>ἀπό</strong></span> <span class='ocrx_word' id='word_1_407' title='bbox 1239 3712 1257 3746; x_wconf 85' lang='grc' dir='ltr'><strong><em>κ</em></strong></span> <span class='ocrx_word' id='word_1_408' title='bbox 1277 3691 1349 3762; x_wconf 83' lang='grc' dir='ltr'><em>ήνης</em></span> 
     </span>
     <span class='ocr_line' id='line_1_41' title="bbox 255 3711 1349 3837; baseline 0 -17"><span class='ocrx_word' id='word_1_409' title='bbox 255 3771 383 3836; x_wconf 85' lang='lat' dir='ltr'><strong>ptirniaet</strong></span> <span class='ocrx_word' id='word_1_410' title='bbox 394 3772 471 3834; x_wconf 81' lang='lat' dir='ltr'><strong>Titia,</strong></span> <span class='ocrx_word' id='word_1_411' title='bbox 490 3773 701 3837; x_wconf 78' lang='lat' dir='ltr'><strong>primianugusti</strong></span> <span class='ocrx_word' id='word_1_412' title='bbox 713 3773 784 3823; x_wconf 90' lang='lat' dir='ltr'><strong>tem-</strong></span> <span class='ocrx_word' id='word_1_413' title='bbox 820 3771 912 3823; x_wconf 75' lang='lat' dir='ltr'><strong>Illam·</strong></span> <span class='ocrx_word' id='word_1_414' title='bbox 932 3773 1074 3832; x_wconf 76' lang='grc' dir='ltr'><strong><em>σικχαίνω</em></strong></span> <span class='ocrx_word' id='word_1_415' title='bbox 1092 3767 1186 3822; x_wconf 73' lang='grc' dir='ltr'><em>πάντα</em></span> <span class='ocrx_word' id='word_1_416' title='bbox 1202 3767 1238 3821; x_wconf 78' lang='grc' dir='ltr'><strong>τὰ</strong></span> <span class='ocrx_word' id='word_1_417' title='bbox 1255 3711 1349 3836; x_wconf 64' lang='lat' dir='ltr'><strong>gnud-</strong></span> 
     </span>
     <span class='ocr_line' id='line_1_42' title="bbox 256 3845 1348 3912; baseline -0.001 -15"><span class='ocrx_word' id='word_1_418' title='bbox 256 3847 366 3911; x_wconf 83' lang='lat' dir='ltr'><strong>porinus</strong></span> <span class='ocrx_word' id='word_1_419' title='bbox 382 3860 493 3911; x_wconf 89' lang='lat' dir='ltr'><strong>prorsus</strong></span> <span class='ocrx_word' id='word_1_420' title='bbox 510 3848 626 3899; x_wconf 87' lang='lat' dir='ltr'><strong>inaudita</strong></span> <span class='ocrx_word' id='word_1_421' title='bbox 644 3849 721 3898; x_wconf 74' lang='lat' dir='ltr'><strong>mant</strong></span> <span class='ocrx_word' id='word_1_422' title='bbox 742 3850 783 3898; x_wconf 87' lang='lat' dir='ltr'><strong>ta·</strong></span> <span class='ocrx_word' id='word_1_423' title='bbox 821 3863 880 3900; x_wconf 83' lang='grc' dir='ltr'><strong><em>σια.</em></strong></span> <span class='ocrx_word' id='word_1_424' title='bbox 920 3849 1015 3909; x_wconf 74' lang='lat' dir='ltr'><strong>noni.»</strong></span> <span class='ocrx_word' id='word_1_425' title='bbox 1041 3848 1140 3912; x_wconf 87' lang='lat' dir='ltr'><strong>inquit,</strong></span> <span class='ocrx_word' id='word_1_426' title='bbox 1168 3847 1210 3897; x_wconf 78' lang='lat' dir='ltr'><strong>«in</strong></span> <span class='ocrx_word' id='word_1_427' title='bbox 1235 3845 1348 3898; x_wconf 87' lang='lat' dir='ltr'><strong>Pindaro</strong></span> 
     </span>
     <span class='ocr_line' id='line_1_43' title="bbox 256 3921 1348 3986; baseline -0.001 -13"><span class='ocrx_word' id='word_1_428' title='bbox 256 3921 784 3986; x_wconf 76' lang='lat' dir='ltr'><strong>lia:rutteo1uttoi,oienclttuasaan-</strong></span> <span class='ocrx_word' id='word_1_429' title='bbox 821 3923 948 3974; x_wconf 82' lang='lat' dir='ltr'><strong>inritando</strong></span> <span class='ocrx_word' id='word_1_430' title='bbox 983 3925 1054 3974; x_wconf 86' lang='lat' dir='ltr'><strong>vires</strong></span> <span class='ocrx_word' id='word_1_431' title='bbox 1087 3935 1151 3974; x_wconf 89' lang='lat' dir='ltr'><strong>suas</strong></span> <span class='ocrx_word' id='word_1_432' title='bbox 1185 3923 1348 3986; x_wconf 72' lang='lat' dir='ltr'><strong>experitur.-</strong></span> 
     </span>
     <span class='ocr_line' id='line_1_44' title="bbox 256 3996 1350 4063; baseline 0 -17"><span class='ocrx_word' id='word_1_433' title='bbox 256 3997 317 4058; x_wconf 79' lang='lat' dir='ltr'><strong>tiua,</strong></span> <span class='ocrx_word' id='word_1_434' title='bbox 337 3997 413 4047; x_wconf 79' lang='lat' dir='ltr'><strong>Tttitu</strong></span> <span class='ocrx_word' id='word_1_435' title='bbox 429 3998 571 4061; x_wconf 56' lang='lat' dir='ltr'><strong>Quintia.</strong></span> <span class='ocrx_word' id='word_1_436' title='bbox 601 3996 657 4048; x_wconf 76' lang='lat' dir='ltr'><strong>Alia</strong></span> <span class='ocrx_word' id='word_1_437' title='bbox 680 4010 724 4048; x_wconf 87' lang='lat' dir='ltr'><strong>res</strong></span> <span class='ocrx_word' id='word_1_438' title='bbox 742 4000 784 4050; x_wconf 90' lang='lat' dir='ltr'><strong>est</strong></span> <span class='ocrx_word' id='word_1_439' title='bbox 822 4000 971 4063; x_wconf 70' lang='lat' dir='ltr'><strong>(alloretins</strong></span> <span class='ocrx_word' id='word_1_440' title='bbox 982 4000 1009 4050; x_wconf 91' lang='lat' dir='ltr'><strong>iu</strong></span> <span class='ocrx_word' id='word_1_441' title='bbox 1021 3999 1062 4050; x_wconf 85' lang='lat' dir='ltr'><strong>his</strong></span> <span class='ocrx_word' id='word_1_442' title='bbox 1071 4012 1115 4048; x_wconf 86' lang='lat' dir='ltr'><strong>vv.</strong></span> <span class='ocrx_word' id='word_1_443' title='bbox 1126 3998 1184 4050; x_wconf 87' lang='lat' dir='ltr'><strong>Titii</strong></span> <span class='ocrx_word' id='word_1_444' title='bbox 1193 3996 1279 4048; x_wconf 84' lang='lat' dir='ltr'><strong>audax</strong></span> <span class='ocrx_word' id='word_1_445' title='bbox 1291 3997 1350 4048; x_wconf 90' lang='lat' dir='ltr'><strong>Pin-</strong></span> 
     </span>
     <span class='ocr_line' id='line_1_45' title="bbox 257 4070 1347 4133; baseline 0.002 -13"><span class='ocrx_word' id='word_1_446' title='bbox 257 4073 283 4121; x_wconf 91' lang='lat' dir='ltr'><strong>in</strong></span> <span class='ocrx_word' id='word_1_447' title='bbox 301 4070 453 4123; x_wconf 83' lang='lat' dir='ltr'><strong>nominibus</strong></span> <span class='ocrx_word' id='word_1_448' title='bbox 470 4071 565 4124; x_wconf 87' lang='lat' dir='ltr'><strong>italicis</strong></span> <span class='ocrx_word' id='word_1_449' title='bbox 581 4073 681 4123; x_wconf 72' lang='lat' dir='ltr'><strong>iterim</strong></span> <span class='ocrx_word' id='word_1_450' title='bbox 702 4073 784 4123; x_wconf 86' lang='lat' dir='ltr'><strong>Stati·</strong></span> <span class='ocrx_word' id='word_1_451' title='bbox 820 4074 917 4126; x_wconf 86' lang='lat' dir='ltr'><strong>darnm</strong></span> <span class='ocrx_word' id='word_1_452' title='bbox 929 4073 1049 4125; x_wconf 90' lang='lat' dir='ltr'><strong>imitandi</strong></span> <span class='ocrx_word' id='word_1_453' title='bbox 1061 4073 1180 4125; x_wconf 88' lang='lat' dir='ltr'><strong>studium</strong></span> <span class='ocrx_word' id='word_1_454' title='bbox 1191 4071 1347 4133; x_wconf 87' lang='lat' dir='ltr'><strong>admiratur,</strong></span> 
     </span>
     <span class='ocr_line' id='line_1_46' title="bbox 257 4147 1347 4214; baseline 0 -18"><span class='ocrx_word' id='word_1_455' title='bbox 257 4147 318 4208; x_wconf 79' lang='lat' dir='ltr'><strong>ttua,</strong></span> <span class='ocrx_word' id='word_1_456' title='bbox 336 4147 436 4197; x_wconf 66' lang='lat' dir='ltr'><strong>Morta</strong></span> <span class='ocrx_word' id='word_1_457' title='bbox 451 4148 563 4210; x_wconf 72' lang='lat' dir='ltr'><strong>Plotina,</strong></span> <span class='ocrx_word' id='word_1_458' title='bbox 583 4149 682 4200; x_wconf 70' lang='grc'><strong>44444444</strong></span> <span class='ocrx_word' id='word_1_459' title='bbox 699 4149 784 4214; x_wconf 72' lang='lat' dir='ltr'><strong>Bouo-</strong></span> <span class='ocrx_word' id='word_1_460' title='bbox 821 4147 981 4210; x_wconf 78' lang='lat' dir='ltr'><strong>conlaudat,</strong></span> <span class='ocrx_word' id='word_1_461' title='bbox 992 4147 1347 4212; x_wconf 79' lang='lat' dir='ltr'><strong>nequevituporat.·0arar.</strong></span> 
     </span>
     <span class='ocr_line' id='line_1_47' title="bbox 258 4221 1350 4286; baseline -0.001 -15"><span class='ocrx_word' id='word_1_462' title='bbox 258 4223 316 4272; x_wconf 75' lang='lat' dir='ltr'><strong>tius.</strong></span> <span class='ocrx_word' id='word_1_463' title='bbox 346 4221 399 4272; x_wconf 87' lang='lat' dir='ltr'><strong>Clr.</strong></span> <span class='ocrx_word' id='word_1_464' title='bbox 413 4223 547 4274; x_wconf 85' lang='lat' dir='ltr'><strong>Drakenb.</strong></span> <span class='ocrx_word' id='word_1_465' title='bbox 560 4224 594 4275; x_wconf 90' lang='lat' dir='ltr'><strong>ad</strong></span> <span class='ocrx_word' id='word_1_466' title='bbox 613 4224 667 4274; x_wconf 76' lang='lat' dir='ltr'><strong>liv.</strong></span> <span class='ocrx_word' id='word_1_467' title='bbox 680 4223 727 4286; x_wconf 89' lang='grc'><strong>44,</strong></span> <span class='ocrx_word' id='word_1_468' title='bbox 741 4223 781 4276; x_wconf 90' lang='grc'><strong>44.</strong></span> <span class='ocrx_word' id='word_1_469' title='bbox 821 4224 919 4285; x_wconf 84' lang='lat' dir='ltr'><strong>Nimio,</strong></span> <span class='ocrx_word' id='word_1_470' title='bbox 943 4226 973 4274; x_wconf 92' lang='lat' dir='ltr'><strong>nt</strong></span> <span class='ocrx_word' id='word_1_471' title='bbox 990 4223 1109 4284; x_wconf 88' lang='lat' dir='ltr'><strong>videtur,</strong></span> <span class='ocrx_word' id='word_1_472' title='bbox 1132 4223 1256 4274; x_wconf 88' lang='lat' dir='ltr'><strong>acumine</strong></span> <span class='ocrx_word' id='word_1_473' title='bbox 1273 4221 1350 4272; x_wconf 86' lang='lat' dir='ltr'><strong>Wei-</strong></span> 
     </span>
    </p>
   </div>
   <div class='ocr_carea' id='block_1_9' title="bbox 259 4295 1348 4364">
    <p class='ocr_par' dir='ltr' id='par_1_10' title="bbox 259 4295 1348 4364">
     <span class='ocr_line' id='line_1_48' title="bbox 259 4295 1348 4364; baseline -0.004 -16"><span class='ocrx_word' id='word_1_474' title='bbox 259 4299 399 4348; x_wconf 88' lang='lat' dir='ltr'><strong>Praeteree</strong></span> <span class='ocrx_word' id='word_1_475' title='bbox 412 4299 554 4363; x_wconf 87' lang='lat' dir='ltr'><strong>Septimius</strong></span> <span class='ocrx_word' id='word_1_476' title='bbox 572 4297 627 4362; x_wconf 87' lang='lat' dir='ltr'><strong>ille,</strong></span> <span class='ocrx_word' id='word_1_477' title='bbox 646 4313 728 4364; x_wconf 87' lang='lat' dir='ltr'><strong>quom</strong></span> <span class='ocrx_word' id='word_1_478' title='bbox 740 4300 784 4352; x_wconf 84' lang='lat' dir='ltr'><strong>Ti·</strong></span> <span class='ocrx_word' id='word_1_479' title='bbox 821 4299 897 4350; x_wconf 87' lang='lat' dir='ltr'><strong>chert</strong></span> <span class='ocrx_word' id='word_1_480' title='bbox 914 4301 987 4350; x_wconf 81' lang='lat' dir='ltr'><strong>Poet.</strong></span> <span class='ocrx_word' id='word_1_481' title='bbox 1007 4301 1063 4350; x_wconf 85' lang='lat' dir='ltr'><strong>Lat.</strong></span> <span class='ocrx_word' id='word_1_482' title='bbox 1077 4311 1103 4362; x_wconf 83' lang='lat' dir='ltr'><strong>p.</strong></span> <span class='ocrx_word' id='word_1_483' title='bbox 1117 4297 1178 4364; x_wconf 73' lang='lat'><strong>³⁸⁵}</strong></span> <span class='ocrx_word' id='word_1_484' title='bbox 1207 4296 1306 4359; x_wconf 68' lang='lat' dir='ltr'><strong>could,</strong></span> <span class='ocrx_word' id='word_1_485' title='bbox 1325 4295 1348 4346; x_wconf 83' lang='lat' dir='ltr'><strong>oi</strong></span> 
     </span>
    </p>
   </div>
   <div class='ocr_carea' id='block_1_10' title="bbox 0 0 1608 4974">
    <p class='ocr_par' dir='ltr' id='par_1_11' title="bbox 0 0 1608 4974">
     <span class='ocr_line' id='line_1_49' title="bbox 0 0 1608 4974; baseline 0 0"><span class='ocrx_word' id='word_1_486' title='bbox 0 0 1608 4974; x_wconf 95' lang='lat' dir='ltr'><strong> </strong></span> 
     </span>
    </p>
   </div>
  </div>
 </body>
</html>
