3174 4974
295 444 356 509 cot
658 446 787 498 uoarru
804 445 1024 506 nrrsrouanuu
1130 417 1144 444 '

337 603 472 670 Vincere
496 601 655 670 Caecilius
678 603 845 690 gravitate,
868 604 1035 670 Terentius
1058 613 1135 669 arte.

337 725 404 791 Hos
426 723 541 792 ediscit
563 733 595 790 et
616 723 676 790 hos
698 733 767 791 arto
790 724 906 812 stipata
928 723 1052 791 theatro
1340 725 1382 790 60

338 847 468 933 Spectet
488 847 588 912 lloma
610 855 741 932 potens;
763 844 861 912 habet
881 845 941 912 hos
963 853 1177 932 numeratque
1200 849 1313 931 poetas

336 967 384 1033 Ad
407 975 550 1033 nostmm
573 976 700 1054 tempus
722 966 789 1032 Livi
813 967 978 1056 scriptoris
1001 965 1042 1033 ab
1065 986 1156 1033 aevo.

336 1087 501 1155 interdum
521 1086 636 1175 volgus
659 1095 783 1155 rectum
804 1087 908 1166 videt,
932 1089 982 1156 est
1003 1088 1059 1154 ubi
1081 1099 1203 1176 peceat.

336 1209 369 1276 Si
392 1221 519 1277 veteres
542 1209 585 1275 ita
607 1209 740 1276 miratur
761 1208 936 1297 laudatque
959 1217 1087 1298 politas,

335 1333 374 1400 Ut
396 1330 471 1396 nihil
493 1330 663 1408 anteierat,
687 1328 763 1395 nihil
788 1329 849 1397 illis
872 1341 1053 1419 comperet;
1076 1342 1176 1400 errat:
1339 1337 1381 1400 445

358 1530 398 1579 64.
411 1530 476 1578 tioii
486 1528 526 1579 bE
538 1531 565 1580 et
577 1531 631 1580 tres
643 1529 779 1590 Schmidli,
797 1530 856 1580 Levi
866 1531 892 1580 S.
913 1531 1022 1594 (Uinea,
1041 1531 1075 1593 c.)
1089 1558 1117 1568 -
1130 1531 1171 1582 63.
1182 1537 1266 1594 peccet
1276 1545 1345 1584 corr.

325 1605 354 1654 Ε.
373 1605 468 1668 (peceat
485 1603 592 1654 firment
608 1605 689 1655 etiem
707 1602 791 1656 codd.
811 1605 894 1654 nostri
914 1603 985 1668 bScp
1005 1607 1033 1656 et
1052 1617 1094 1668 pr.
1113 1605 1142 1666 E,
1165 1606 1230 1657 item
1253 1620 1347 1658 omnes

325 1679 441 1729 Pettierii
457 1682 485 1728 et
501 1677 646 1740 Schmidii.)

324 1845 366 1896 tto.
395 1846 524 1909 Caeciius]
551 1847 581 1898 C.
603 1845 733 1898 Caecilius
759 1848 819 1898 Ste-
855 1849 916 1909 mis,
935 1847 1034 1912 qulbus
1044 1843 1125 1914 πάθη
1137 1849 1282 1912 excitabat,
1299 1850 1383 1900 Nocit-

292 1921 359 1982 tius,
386 1921 490 1971 untione
507 1920 620 1972 insuber
636 1919 740 1983 Gallus,
759 1934 819 1973 ser-
856 1922 943 1973 dnrcla

292 2009 342 2046 rus
359 2007 473 2058 genere,
500 1997 575 2046 Ennii
592 1995 741 2056 familiaria,
768 2010 820 2061 po-
888 1997 978 2046 ct-ea
996 1997 1063 2059 erto]
1078 1999 1189 2062 propter
1199 2000 1381 2063 spectatorum

292 2069 404 2121 steriore
430 2071 505 2134 parte
531 2069 614 2121 seculi
638 2072 749 2121 Romani
773 2071 816 2120 vt.
856 2069 1061 2122 multitudinem.
1072 2072 1382 2137 Cl.Epp.l,l9‚ll:spis·

292 2143 382 2192 lloruit
404 2146 432 2193 et
448 2156 517 2194 euno
534 2147 596 2209 post
613 2144 689 2194 Ennii
706 2143 817 2205 obitum,
854 2147 1010 2196 siemoetris
1025 2173 1054 2183 -
1066 2147 1159 2212 adimit]
1173 2147 1342 2211 atreqnenter
1353 2153 1382 2200 et

292 2229 316 2266 a.
330 2231 356 2266 u.
370 2230 393 2268 c.
410 2218 482 2279 tac,
501 2220 623 2268 mortuus
634 2221 685 2268 est.
716 2217 819 2268 Clade
855 2219 969 2284 legendo
981 2223 1009 2270 et
1018 2221 1191 2285 spectando.»
1208 2222 1278 2273 Vera
1290 2225 1381 2275 autem

292 2293 347 2354 opt.
365 2303 426 2354 geu.
444 2291 496 2341 dic.
514 2293 544 2352 4,
563 2293 594 2342 2:
622 2293 677 2343 licet
699 2294 781 2342 dicere
797 2298 821 2344 et
855 2295 931 2356 ratio,
943 2307 991 2344 eur
1002 2297 1141 2360 tantopere
1149 2299 1382 2362 amarenturapo-

291 2365 402 2414 Ennius
417 2379 542 2416 mamiato
558 2367 656 2428 epicam
668 2369 781 2428 peilam,
799 2371 820 2417 ti
855 2367 918 2432 pulo
935 2369 1046 2432 poene,
1064 2382 1133 2433 quos
1146 2374 1295 2432 enumeret,
1314 2371 1382 2423 haec

291 2439 333 2488 coi
348 2439 387 2488 tto
402 2440 514 2502 4444444444,
540 2447 563 2491 et
585 2441 723 2491 mimum
739 2441 820 2505 tropi
856 2445 927 2503 eret,
946 2441 1019 2504 quod
1036 2445 1218 2507 postaoeium
1235 2446 1380 2509 tragoedia,

291 2525 349 2562 ouen
368 2517 392 2562 et
408 2514 544 2564 Caecilium
564 2516 671 2578 fortene
687 2516 817 2565 conicum.
855 2519 916 2582 post
932 2516 1068 2568 Afranium
1080 2519 1220 2570 comoedia
1233 2519 1323 2571 Latine
1334 2520 1382 2571 de·

292 2587 345 2638 Sed
361 2587 434 2638 idem
451 2587 486 2638 ed
502 2591 556 2638 Att.
572 2590 604 2650 4,
621 2589 650 2650 il,
669 2589 713 2638 tu:
737 2589 820 2638 molita
856 2595 1009 2654 generarat,
1022 2605 1073 2643 nec
1086 2605 1118 2642 ao
1130 2605 1184 2656 quo
1198 2594 1304 2658 scripsit
1314 2597 1382 2646 um-

292 2667 382 2712 auctor
399 2663 542 2714 Latinitatis
553 2669 596 2714 ert.
625 2661 820 2714 Volcatiusse-
855 2677 922 2730 pore
937 2663 991 2716 ulla
1012 2679 1098 2730 prope
1116 2665 1204 2716 tabula
1220 2680 1284 2718 vere
1301 2667 1381 2720 leude

292 2736 389 2800 digitus
406 2736 477 2801 apud
495 2737 559 2788 Gell.
573 2739 619 2799 tt,
638 2735 686 2788 at:
713 2738 819 2789 Caecilio
856 2739 935 2804 digne
950 2741 1088 2805 prodierat
1096 2743 1205 2805 praeter
1217 2743 1284 2792 Varii
1295 2743 1383 2806 Thye-

289 2813 498 2875 pelmornstetuo
510 2813 735 2876 daedmucomico,
747 2814 821 2864 Plau·
856 2817 941 2874 stem3
967 2827 1030 2866 nem
1052 2817 1133 2867 etiam
1154 2817 1236 2867 Asinii
1258 2815 1381 2869 Pollionis

290 2892 330 2938 tut
346 2889 467 2937 4444444444
481 2888 556 2950 sudio
566 2893 703 2951 recuperet
717 2893 818 2938 aeterua
856 2890 1008 2954 tragoediae
1026 2891 1105 2942 nimis
1122 2891 1206 2942 dume
1223 2893 1251 2942 et
1268 2904 1381 2957 asperae

292 2962 393 3012 Charis.
406 2975 433 3026 p.
448 2964 511 3012 ata:
523 2955 617 3027 Ἣθη,
638 2967 666 3011 ut
682 2963 720 3012 eit
739 2963 820 3013 Verre
856 2964 938 3016 luisse
954 2965 1079 3016 videntur
1093 2965 1136 3016 vel
1159 2965 1254 3018 saltem
1274 2966 1381 3018 lectioni

291 3037 427 3086 datatim
443 3049 556 3088 romono
572 3036 625 3088 tit.
641 3039 680 3098 tt,
697 3038 761 3088 melli
774 3039 820 3089 olii
856 3051 937 3103 qnam
959 3052 1058 3091 scenae
1081 3042 1197 3105 aptiores
1214 3054 1302 3105 neque
1319 3042 1382 3093 atti-

291 3123 393 3162 eervore
413 3113 527 3162 cmwenit
550 3125 627 3174 pamm
644 3113 746 3174 44444440,
774 3114 819 3162 Te-
855 3114 925 3176 gisse
945 3112 1069 3166 laudibus
1090 3116 1201 3180 poeticis
1219 3117 1381 3169 Pacuvlauas

290 3186 385 3247 restio,
409 3186 499 3246 Attoe;
526 3183 607 3252 πάθη
627 3201 687 3238 uero
712 3187 817 3249 ircim,
855 3191 936 3253 atque
948 3191 1089 3241 Aenianes:
1109 3190 1143 3241 de
1152 3190 1280 3241 Fundanii
1289 3193 1380 3243 eutem

290 3260 394 3322 tadeo,
427 3261 550 3312 0444444444
575 3263 651 3324 [erik
677 3267 816 3313 inerter-out¹
855 3265 994 3315 meritisin
1007 3265 1146 3316 comoedia
1162 3263 1382 3316 nihilaliudoon-

291 3335 376 3385 Varro
400 3336 471 3399 apud
494 3338 561 3386 Non.
586 3337 612 3387 in
629 3349 654 3387 v.
671 3338 774 3388 Poscere
789 3351 816 3402 p.
854 3339 916 3398 stet,
929 3339 979 3390 nisi
991 3339 1128 3389 lioratinm
1140 3339 1165 3389 ei
1180 3338 1250 3389 bene
1263 3340 1379 3404 cepisse.

291 3409 349 3460 344.
363 3410 413 3460 tt:
432 3410 629 3474 lncrprmterttis
640 3413 819 3476 Caecilitnpo-
855 3411 916 3474 (Sat.
931 3413 959 3474 4,
978 3413 1024 3472 to,
1043 3412 1095 3476 ta.)
1114 3439 1142 3450 -·
1160 3414 1224 3478 tivi]
1244 3415 1309 3464 livii
1324 3415 1381 3465 Aa·

291 3485 337 3534 scit
348 3485 477 3546 poleam,
497 3486 525 3535 iu
542 3486 615 3536 4444444·
633 3487 772 3550 Taedio,
791 3489 818 3538 ie
854 3485 968 3549 dramni,
987 3487 1134 3548 Tarentini,
1152 3488 1311 3548 muldeina,
1329 3487 1381 3539 sal-

291 3558 445 3610 temonibus
459 3559 571 3610 4444444444.
587 3589 614 3597 -
635 3561 768 3626 Teredon]
787 3565 815 3611 P.
854 3563 910 3612 tem
926 3561 969 3632 ibi
980 3575 996 3611 e
1006 3563 1131 3613 Romanis
1148 3564 1234 3627 capti,
1253 3565 1311 3614 eC.
1325 3563 1381 3626 [pc-

291 3634 431 3684 Terentius
447 3632 511 3683 Aler
521 3635 679 3698 Karthagine
695 3639 772 3686 natus
791 3649 816 3687 e.
853 3635 906 3686 tius
929 3649 1010 3699 quam
1033 3650 1049 3686 e
1070 3637 1115 3700 li.)
1141 3638 1214 3688 Livio
1234 3635 1380 3688 Salinatore

290 3721 317 3758 u.
338 3721 361 3757 c.
380 3707 438 3758 559.
456 3711 578 3760 mortuus
599 3712 642 3760 est
662 3711 688 3760 in
705 3710 817 3761 Arcadio
854 3709 889 3760 ob
907 3711 1003 3774 ingenii
1016 3711 1141 3762 meritum
1155 3711 1279 3762 libertate
1289 3711 1382 3762 donati

290 3794 314 3830 a.
328 3781 385 3832 tea.
413 3783 452 3832 Da
470 3797 503 3834 eo
521 3784 644 3835 Afranius
661 3784 732 3848 apud
749 3785 818 3835 Sue·
854 3785 878 3848 (a
894 3797 948 3849 quo
965 3785 1031 3836 tivit
1047 3798 1146 3836 nomeu
1163 3787 1324 3850 assumpsit).
1355 3787 1380 3837 ls

290 3856 525 3908 ton.Vit.Ter.5:
553 3858 664 3908 Yermtio
680 3859 818 3908 4444444444-
853 3872 877 3909 e.
896 3873 924 3910 n.
940 3871 964 3910 c.
984 3860 1058 3920 tit..
1085 3873 1155 3910 anno
1178 3863 1240 3911 ente
1266 3860 1380 3912 [4444444444

290 3931 338 3982 lem
354 3932 420 3982 44444
436 3933 587 3995 compium.
613 3933 710 3984 contre
725 3933 818 3984 Volca-
853 3935 960 3995 nalum,
978 3935 1081 3998 primns
1092 3936 1193 3986 Itomae
1206 3933 1323 3986 tabulam
1334 3934 1382 3986 do-

292 4006 356 4056 tiua:
381 4007 408 4056 in
425 4012 495 4058 sesto
511 4008 624 4070 sepriterr
639 4008 683 4058 ios
699 4009 752 4059 loco
771 4009 817 4060 Te-
853 4007 917 4066 cuit,
930 4008 1134 4072 odysseemqne
1146 4009 1173 4060 in
1185 4009 1306 4060 Latinum
1317 4021 1382 4060 cen-

290 4079 399 4130 rentiut:
425 4081 451 4131 in
474 4081 571 4145 quibus
589 4083 714 4134 omnibus
731 4083 816 4135 hahes
852 4082 1067 4134 vartitversibus
1079 4084 1216 4135 Saturniis.
1237 4084 1294 4134 Cic.
1305 4083 1378 4134 Brut.

290 4156 518 4217 comparationum
553 4156 663 4208 istarum
693 4155 815 4222 exempla
853 4157 899 4217 ta,
912 4157 958 4207 tt:
977 4159 1087 4220 otum
1103 4158 1197 4209 totino
1212 4164 1248 4210 ert
1263 4159 1299 4208 sie
1312 4163 1381 4208 tore·

291 4227 432 4278 Horatiano
463 4229 522 4281 loco
553 4242 685 4295 perquam
710 4230 814 4282 similia.
853 4245 930 4295 quom
947 4247 1010 4296 oper
1031 4233 1134 4296 aliquod
1148 4233 1272 4295 1444444444,
1295 4238 1319 4284 44
1334 4233 1380 4282 tt-

291 4327 320 4338 —
337 4303 473 4366 poena]
501 4307 694 4358 sententiarum
722 4306 816 4370 impri-
851 4306 1188 4370 uieenesoirtloenonrotie
1200 4309 1300 4374 44444444,
1313 4319 1380 4371 paee
