<?xml version="1.0" encoding="UTF-8"?>
<!DOCTYPE html PUBLIC "-//W3C//DTD XHTML 1.0 Transitional//EN"
    "http://www.w3.org/TR/xhtml1/DTD/xhtml1-transitional.dtd">
<html xmlns="http://www.w3.org/1999/xhtml" xml:lang="en" lang="en">
 <head>
  <title>
</title>
<meta http-equiv="Content-Type" content="text/html;charset=utf-8" />
  <meta name='ocr-system' content='tesseract 3.04.00' />
  <meta name='ocr-capabilities' content='ocr_page ocr_carea ocr_par ocr_line ocrx_word'/>
</head>
<body>
  <div class='ocr_page' id='page_1' title='image "./qhoratiusflaccu01baitgoog_0067.png"; bbox 0 0 3130 4966; ppageno 0'>
   <div class='ocr_carea' id='block_1_1' title="bbox 317 436 1076 506">
    <p class='ocr_par' dir='ltr' id='par_1_1' title="bbox 317 436 1076 506">
     <span class='ocr_line' id='line_1_1' title="bbox 317 436 1076 506; baseline 0.003 -14"><span class='ocrx_word' id='word_1_1' title='bbox 317 439 357 506; x_wconf 70' lang='lat'><strong>52</strong></span> <span class='ocrx_word' id='word_1_2' title='bbox 697 438 827 490; x_wconf 78' lang='lat' dir='ltr'><strong>aonam</strong></span> <span class='ocrx_word' id='word_1_3' title='bbox 843 436 1024 490; x_wconf 75' lang='lat' dir='ltr'><strong>sunasnou</strong></span> <span class='ocrx_word' id='word_1_4' title='bbox 1070 485 1076 494; x_wconf 94' lang='lat'><strong>.</strong></span> 
     </span>
    </p>
   </div>
   <div class='ocr_carea' id='block_1_2' title="bbox 224 591 1199 1653">
    <p class='ocr_par' dir='ltr' id='par_1_2' title="bbox 224 591 1199 925">
     <span class='ocr_line' id='line_1_2' title="bbox 316 591 1199 686; baseline -0.007 -22"><span class='ocrx_word' id='word_1_5' title='bbox 316 594 490 686; x_wconf 64' lang='lat' dir='ltr'><strong>Sisyphum</strong></span> <span class='ocrx_word' id='word_1_6' title='bbox 513 591 599 662; x_wconf 90' lang='lat' dir='ltr'><strong>huno</strong></span> <span class='ocrx_word' id='word_1_7' title='bbox 620 615 733 662; x_wconf 84' lang='lat' dir='ltr'><strong>aarum</strong></span> <span class='ocrx_word' id='word_1_8' title='bbox 754 593 896 661; x_wconf 90' lang='lat' dir='ltr'><strong>distortis</strong></span> <span class='ocrx_word' id='word_1_9' title='bbox 919 592 1086 674; x_wconf 88' lang='lat' dir='ltr'><strong>eruribus;</strong></span> <span class='ocrx_word' id='word_1_10' title='bbox 1111 591 1199 659; x_wconf 83' lang='lat' dir='ltr'><strong>ilhrm</strong></span> 
     </span>
     <span class='ocr_line' id='line_1_3' title="bbox 224 713 1114 804; baseline -0.006 -20"><span class='ocrx_word' id='word_1_11' title='bbox 224 798 227 804; x_wconf 70' lang='lat'><em>,</em></span> <span class='ocrx_word' id='word_1_12' title='bbox 315 716 455 784; x_wconf 84' lang='lat' dir='ltr'><strong>Balbutit</strong></span> <span class='ocrx_word' id='word_1_13' title='bbox 474 737 636 795; x_wconf 79' lang='lat' dir='ltr'><strong><em>scaurum,</em></strong></span> <span class='ocrx_word' id='word_1_14' title='bbox 660 717 769 804; x_wconf 85' lang='lat' dir='ltr'><strong>pravis</strong></span> <span class='ocrx_word' id='word_1_15' title='bbox 792 714 905 782; x_wconf 86' lang='lat' dir='ltr'><strong>sultam</strong></span> <span class='ocrx_word' id='word_1_16' title='bbox 926 714 1010 782; x_wconf 84' lang='lat' dir='ltr'><strong>male</strong></span> <span class='ocrx_word' id='word_1_17' title='bbox 1033 713 1114 781; x_wconf 85' lang='lat' dir='ltr'><strong>talis.</strong></span> 
     </span>
     <span class='ocr_line' id='line_1_4' title="bbox 315 837 1074 925; baseline -0.008 -18"><span class='ocrx_word' id='word_1_18' title='bbox 315 839 448 906; x_wconf 84' lang='lat' dir='ltr'><strong>Parcius</strong></span> <span class='ocrx_word' id='word_1_19' title='bbox 469 838 521 905; x_wconf 90' lang='lat' dir='ltr'><strong>hio</strong></span> <span class='ocrx_word' id='word_1_20' title='bbox 543 838 634 905; x_wconf 92' lang='lat' dir='ltr'><strong>vivit:</strong></span> <span class='ocrx_word' id='word_1_21' title='bbox 656 837 742 925; x_wconf 69' lang='lat' dir='ltr'><strong>fraqi</strong></span> <span class='ocrx_word' id='word_1_22' title='bbox 763 837 897 904; x_wconf 84' lang='lat' dir='ltr'><strong>dicatur.</strong></span> <span class='ocrx_word' id='word_1_23' title='bbox 942 838 1074 923; x_wconf 90' lang='lat' dir='ltr'><strong>Ineptus</strong></span> 
     </span>
    </p>

    <p class='ocr_par' dir='ltr' id='par_1_3' title="bbox 314 956 1194 1532">
     <span class='ocr_line' id='line_1_5' title="bbox 316 956 1143 1046; baseline -0.002 -21"><span class='ocrx_word' id='word_1_24' title='bbox 316 960 354 1026; x_wconf 88' lang='lat' dir='ltr'><strong>Et</strong></span> <span class='ocrx_word' id='word_1_25' title='bbox 375 959 542 1029; x_wconf 81' lang='lat' dir='ltr'><strong>iactantior</strong></span> <span class='ocrx_word' id='word_1_26' title='bbox 562 958 614 1025; x_wconf 89' lang='lat' dir='ltr'><strong>hio</strong></span> <span class='ocrx_word' id='word_1_27' title='bbox 636 956 735 1046; x_wconf 84' lang='lat' dir='ltr'><strong>paulo</strong></span> <span class='ocrx_word' id='word_1_28' title='bbox 757 969 822 1026; x_wconf 90' lang='lat' dir='ltr'><strong>est:</strong></span> <span class='ocrx_word' id='word_1_29' title='bbox 845 959 1009 1023; x_wconf 71' lang='lat' dir='ltr'><strong>ammanus</strong></span> <span class='ocrx_word' id='word_1_30' title='bbox 1031 957 1143 1024; x_wconf 85' lang='lat' dir='ltr'><strong>amieis</strong></span> 
     </span>
     <span class='ocr_line' id='line_1_6' title="bbox 314 1076 1194 1167; baseline -0.005 -18"><span class='ocrx_word' id='word_1_31' title='bbox 314 1080 456 1149; x_wconf 84' lang='lat' dir='ltr'><strong>Postulat</strong></span> <span class='ocrx_word' id='word_1_32' title='bbox 477 1091 514 1148; x_wconf 92' lang='lat' dir='ltr'><strong>ut</strong></span> <span class='ocrx_word' id='word_1_33' title='bbox 532 1081 690 1148; x_wconf 84' lang='lat' dir='ltr'><strong>videatur.</strong></span> <span class='ocrx_word' id='word_1_34' title='bbox 734 1080 772 1146; x_wconf 78' lang='lat' dir='ltr'><strong>At</strong></span> <span class='ocrx_word' id='word_1_35' title='bbox 794 1087 844 1146; x_wconf 90' lang='lat' dir='ltr'><strong>est</strong></span> <span class='ocrx_word' id='word_1_36' title='bbox 865 1076 1076 1146; x_wconf 81' lang='lat' dir='ltr'>truculentior</span> <span class='ocrx_word' id='word_1_37' title='bbox 1097 1087 1194 1167; x_wconf 64' lang='lat' dir='ltr'><strong>atalae</strong></span> 
     </span>
     <span class='ocr_line' id='line_1_7' title="bbox 314 1199 1168 1290; baseline -0.007 -20"><span class='ocrx_word' id='word_1_38' title='bbox 314 1202 390 1270; x_wconf 89' lang='lat' dir='ltr'><strong>Plus</strong></span> <span class='ocrx_word' id='word_1_39' title='bbox 413 1223 520 1290; x_wconf 84' lang='lat' dir='ltr'><strong>aequo</strong></span> <span class='ocrx_word' id='word_1_40' title='bbox 543 1201 639 1268; x_wconf 93' lang='lat' dir='ltr'><strong>liber:</strong></span> <span class='ocrx_word' id='word_1_41' title='bbox 662 1201 795 1289; x_wconf 80' lang='lat' dir='ltr'><strong>simplam</strong></span> <span class='ocrx_word' id='word_1_42' title='bbox 815 1200 972 1287; x_wconf 71' lang='lat' dir='ltr'><strong>sortisque</strong></span> <span class='ocrx_word' id='word_1_43' title='bbox 994 1199 1168 1280; x_wconf 82' lang='lat' dir='ltr'><strong>habeatur3</strong></span> 
     </span>
     <span class='ocr_line' id='line_1_8' title="bbox 315 1319 1150 1408; baseline -0.008 -16"><span class='ocrx_word' id='word_1_44' title='bbox 315 1324 445 1392; x_wconf 85' lang='lat' dir='ltr'><strong>Caldior</strong></span> <span class='ocrx_word' id='word_1_45' title='bbox 466 1334 531 1392; x_wconf 90' lang='lat' dir='ltr'><strong>est:</strong></span> <span class='ocrx_word' id='word_1_46' title='bbox 555 1345 642 1390; x_wconf 81' lang='lat' dir='ltr'><strong>aeres</strong></span> <span class='ocrx_word' id='word_1_47' title='bbox 664 1323 747 1391; x_wconf 93' lang='lat' dir='ltr'><strong>inter</strong></span> <span class='ocrx_word' id='word_1_48' title='bbox 768 1330 965 1389; x_wconf 87' lang='lat' dir='ltr'><strong>numeretur.</strong></span> <span class='ocrx_word' id='word_1_49' title='bbox 1010 1319 1150 1408; x_wconf 85' lang='lat' dir='ltr'><strong>Opinor‚</strong></span> 
     </span>
     <span class='ocr_line' id='line_1_9' title="bbox 315 1442 1159 1532; baseline -0.006 -20"><span class='ocrx_word' id='word_1_50' title='bbox 315 1446 404 1513; x_wconf 81' lang='lat' dir='ltr'><strong>llaec</strong></span> <span class='ocrx_word' id='word_1_51' title='bbox 426 1465 480 1513; x_wconf 87' lang='lat' dir='ltr'><strong>res</strong></span> <span class='ocrx_word' id='word_1_52' title='bbox 503 1454 535 1512; x_wconf 91' lang='lat' dir='ltr'><strong>et</strong></span> <span class='ocrx_word' id='word_1_53' title='bbox 557 1444 672 1532; x_wconf 84' lang='lat' dir='ltr'><strong>iungit,</strong></span> <span class='ocrx_word' id='word_1_54' title='bbox 697 1443 822 1511; x_wconf 87' lang='lat' dir='ltr'><strong>iunctos</strong></span> <span class='ocrx_word' id='word_1_55' title='bbox 844 1452 877 1511; x_wconf 93' lang='lat' dir='ltr'><strong>et</strong></span> <span class='ocrx_word' id='word_1_56' title='bbox 898 1452 1006 1510; x_wconf 86' lang='lat' dir='ltr'><strong>servat</strong></span> <span class='ocrx_word' id='word_1_57' title='bbox 1027 1442 1159 1510; x_wconf 83' lang='lat' dir='ltr'><strong>amicos.</strong></span> 
     </span>
    </p>

    <p class='ocr_par' dir='ltr' id='par_1_4' title="bbox 261 1565 1032 1653">
     <span class='ocr_line' id='line_1_10' title="bbox 261 1565 1032 1653; baseline -0.003 -21"><span class='ocrx_word' id='word_1_58' title='bbox 261 1601 263 1608; x_wconf 27' lang='grc' dir='ltr'><strong><em>ι</em></strong></span> <span class='ocrx_word' id='word_1_59' title='bbox 314 1567 353 1635; x_wconf 78' lang='lat' dir='ltr'><strong>At</strong></span> <span class='ocrx_word' id='word_1_60' title='bbox 374 1587 434 1634; x_wconf 90' lang='lat' dir='ltr'><strong>nos</strong></span> <span class='ocrx_word' id='word_1_61' title='bbox 456 1567 590 1633; x_wconf 87' lang='lat' dir='ltr'><strong>virtutes</strong></span> <span class='ocrx_word' id='word_1_62' title='bbox 612 1565 701 1653; x_wconf 86' lang='lat' dir='ltr'><strong>ipsas</strong></span> <span class='ocrx_word' id='word_1_63' title='bbox 724 1565 910 1632; x_wconf 80' lang='lat' dir='ltr'><strong>invertimus</strong></span> <span class='ocrx_word' id='word_1_64' title='bbox 934 1573 1032 1652; x_wconf 87' lang='lat' dir='ltr'><strong>atque</strong></span> 
     </span>
    </p>
   </div>
   <div class='ocr_carea' id='block_1_3' title="bbox 379 1755 546 1808">
    <p class='ocr_par' dir='ltr' id='par_1_5' title="bbox 379 1755 546 1808">
     <span class='ocr_line' id='line_1_11' title="bbox 379 1755 546 1808; baseline -0.036 0"><span class='ocrx_word' id='word_1_65' title='bbox 379 1755 420 1808; x_wconf 81' lang='lat' dir='ltr'><strong>ts.</strong></span> <span class='ocrx_word' id='word_1_66' title='bbox 439 1755 507 1805; x_wconf 81' lang='lat' dir='ltr'><strong>uotis</strong></span> <span class='ocrx_word' id='word_1_67' title='bbox 523 1766 546 1803; x_wconf 90' lang='lat' dir='ltr'><strong>a.</strong></span> 
     </span>
    </p>
   </div>
   <div class='ocr_carea' id='block_1_4' title="bbox 314 1922 1411 4363">
    <p class='ocr_par' dir='ltr' id='par_1_6' title="bbox 314 1922 1411 4363">
     <span class='ocr_line' id='line_1_12' title="bbox 314 1922 1402 1989; baseline 0.002 -16"><span class='ocrx_word' id='word_1_68' title='bbox 314 1923 442 1989; x_wconf 71' lang='lat' dir='ltr'><strong>stsaptm]</strong></span> <span class='ocrx_word' id='word_1_69' title='bbox 455 1925 504 1977; x_wconf 69' lang='lat' dir='ltr'><strong>«u.</strong></span> <span class='ocrx_word' id='word_1_70' title='bbox 518 1923 631 1975; x_wconf 80' lang='lat' dir='ltr'><strong>Antonio</strong></span> <span class='ocrx_word' id='word_1_71' title='bbox 644 1923 782 1974; x_wconf 88' lang='lat' dir='ltr'><strong>triumviro</strong></span> <span class='ocrx_word' id='word_1_72' title='bbox 793 1933 841 1988; x_wconf 86' lang='lat' dir='ltr'><strong>pu·</strong></span> <span class='ocrx_word' id='word_1_73' title='bbox 878 1922 922 1972; x_wconf 77' lang='lat' dir='ltr'><strong>t&#39;l:</strong></span> <span class='ocrx_word' id='word_1_74' title='bbox 949 1923 993 1983; x_wconf 78' lang='lat' dir='ltr'><strong>qui</strong></span> <span class='ocrx_word' id='word_1_75' title='bbox 1014 1927 1073 1984; x_wconf 70' lang='lat' dir='ltr'><strong>aest,</strong></span> <span class='ocrx_word' id='word_1_76' title='bbox 1097 1925 1193 1985; x_wconf 73' lang='lat' dir='ltr'><strong>tomas</strong></span> <span class='ocrx_word' id='word_1_77' title='bbox 1210 1923 1270 1984; x_wconf 80' lang='lat' dir='ltr'><strong>quid</strong></span> <span class='ocrx_word' id='word_1_78' title='bbox 1282 1925 1402 1988; x_wconf 81' lang='lat' dir='ltr'><strong>postulat,</strong></span> 
     </span>
     <span class='ocr_line' id='line_1_13' title="bbox 315 1996 1404 2062; baseline 0 -12"><span class='ocrx_word' id='word_1_79' title='bbox 315 1998 387 2050; x_wconf 90' lang='lat' dir='ltr'><strong>milio</strong></span> <span class='ocrx_word' id='word_1_80' title='bbox 406 1999 487 2048; x_wconf 89' lang='lat' dir='ltr'><strong>luisse</strong></span> <span class='ocrx_word' id='word_1_81' title='bbox 499 1997 596 2048; x_wconf 87' lang='lat' dir='ltr'><strong>dieitur</strong></span> <span class='ocrx_word' id='word_1_82' title='bbox 607 1998 676 2048; x_wconf 85' lang='lat' dir='ltr'><strong>intra</strong></span> <span class='ocrx_word' id='word_1_83' title='bbox 687 1996 840 2062; x_wconf 84' lang='lat' dir='ltr'><strong>bipedalem</strong></span> <span class='ocrx_word' id='word_1_84' title='bbox 876 2009 928 2046; x_wconf 83' lang='lat' dir='ltr'><strong>noa</strong></span> <span class='ocrx_word' id='word_1_85' title='bbox 943 1998 1010 2047; x_wconf 79' lang='lat' dir='ltr'><strong>uidet</strong></span> <span class='ocrx_word' id='word_1_86' title='bbox 1025 2002 1070 2047; x_wconf 89' lang='lat' dir='ltr'><strong>aut</strong></span> <span class='ocrx_word' id='word_1_87' title='bbox 1087 1997 1167 2059; x_wconf 77' lang='lat' dir='ltr'><strong>ptura</strong></span> <span class='ocrx_word' id='word_1_88' title='bbox 1183 1997 1295 2058; x_wconf 80' lang='lat' dir='ltr'><strong>loquitur</strong></span> <span class='ocrx_word' id='word_1_89' title='bbox 1310 2004 1357 2049; x_wconf 84' lang='lat' dir='ltr'><strong>aut</strong></span> <span class='ocrx_word' id='word_1_90' title='bbox 1378 2013 1404 2050; x_wconf 86' lang='lat' dir='ltr'><strong>ss</strong></span> 
     </span>
     <span class='ocr_line' id='line_1_14' title="bbox 315 2071 1404 2136; baseline -0.002 -10"><span class='ocrx_word' id='word_1_91' title='bbox 315 2076 457 2132; x_wconf 84' lang='lat' dir='ltr'><strong>staturam,</strong></span> <span class='ocrx_word' id='word_1_92' title='bbox 471 2085 553 2136; x_wconf 85' lang='lat' dir='ltr'><strong>quem</strong></span> <span class='ocrx_word' id='word_1_93' title='bbox 565 2071 623 2134; x_wconf 88' lang='lat' dir='ltr'><strong>ipse</strong></span> <span class='ocrx_word' id='word_1_94' title='bbox 635 2071 779 2135; x_wconf 80' lang='lat' dir='ltr'><strong>Sisyphum</strong></span> <span class='ocrx_word' id='word_1_95' title='bbox 791 2084 841 2135; x_wconf 84' lang='lat' dir='ltr'><strong>sp·</strong></span> <span class='ocrx_word' id='word_1_96' title='bbox 878 2076 983 2122; x_wconf 72' lang='lat' dir='ltr'><strong>asmatat</strong></span> <span class='ocrx_word' id='word_1_97' title='bbox 999 2077 1045 2121; x_wconf 84' lang='lat' dir='ltr'><strong>aut</strong></span> <span class='ocrx_word' id='word_1_98' title='bbox 1067 2085 1168 2134; x_wconf 73' lang='lat' dir='ltr'><strong>sonsa,</strong></span> <span class='ocrx_word' id='word_1_99' title='bbox 1193 2071 1339 2134; x_wconf 73' lang='lat' dir='ltr'><strong>quanam</strong></span> <span class='ocrx_word' id='word_1_100' title='bbox 1355 2079 1404 2136; x_wconf 79' lang='lat' dir='ltr'><strong>ost,</strong></span> 
     </span>
     <span class='ocr_line' id='line_1_15' title="bbox 314 2143 1406 2212; baseline -0.001 -14"><span class='ocrx_word' id='word_1_101' title='bbox 314 2145 430 2212; x_wconf 82' lang='lat' dir='ltr'><strong>pellebat</strong></span> <span class='ocrx_word' id='word_1_102' title='bbox 456 2145 490 2195; x_wconf 95' lang='lat' dir='ltr'><strong>ob</strong></span> <span class='ocrx_word' id='word_1_103' title='bbox 517 2145 614 2208; x_wconf 76' lang='lat' dir='ltr'><strong>ingenii</strong></span> <span class='ocrx_word' id='word_1_104' title='bbox 637 2143 839 2195; x_wconf 69' lang='lat' dir='ltr'><strong>calliditatem.»</strong></span> <span class='ocrx_word' id='word_1_105' title='bbox 876 2146 916 2195; x_wconf 78' lang='lat' dir='ltr'><strong>osi</strong></span> <span class='ocrx_word' id='word_1_106' title='bbox 936 2145 1066 2210; x_wconf 67' lang='lat' dir='ltr'><strong>diurnitatis</strong></span> <span class='ocrx_word' id='word_1_107' title='bbox 1081 2147 1120 2195; x_wconf 84' lang='lat' dir='ltr'><strong>ost</strong></span> <span class='ocrx_word' id='word_1_108' title='bbox 1141 2147 1264 2196; x_wconf 78' lang='lat' dir='ltr'><strong>commodi</strong></span> <span class='ocrx_word' id='word_1_109' title='bbox 1279 2148 1406 2198; x_wconf 73' lang='lat' dir='ltr'><strong>rationum</strong></span> 
     </span>
     <span class='ocr_line' id='line_1_16' title="bbox 316 2217 1406 2285; baseline 0 -13"><span class='ocrx_word' id='word_1_110' title='bbox 316 2223 401 2272; x_wconf 83' lang='lat' dir='ltr'><strong>Couu.</strong></span> <span class='ocrx_word' id='word_1_111' title='bbox 420 2221 500 2277; x_wconf 85' lang='lat' dir='ltr'><strong>Cnuo.</strong></span> <span class='ocrx_word' id='word_1_112' title='bbox 521 2247 548 2256; x_wconf 89' lang='lat'><em>-</em></span> <span class='ocrx_word' id='word_1_113' title='bbox 571 2217 670 2282; x_wconf 81' lang='lat' dir='ltr'><strong>aarum]</strong></span> <span class='ocrx_word' id='word_1_114' title='bbox 695 2219 840 2269; x_wconf 88' lang='lat' dir='ltr'><strong>introrsum</strong></span> <span class='ocrx_word' id='word_1_115' title='bbox 877 2233 928 2268; x_wconf 85' lang='lat' dir='ltr'><strong>aaa</strong></span> <span class='ocrx_word' id='word_1_116' title='bbox 943 2219 1015 2269; x_wconf 78' lang='lat' dir='ltr'><strong>naua</strong></span> <span class='ocrx_word' id='word_1_117' title='bbox 1032 2225 1077 2270; x_wconf 86' lang='lat' dir='ltr'><strong>aut</strong></span> <span class='ocrx_word' id='word_1_118' title='bbox 1093 2221 1198 2282; x_wconf 76' lang='lat' dir='ltr'><strong>deniqne</strong></span> <span class='ocrx_word' id='word_1_119' title='bbox 1214 2221 1242 2270; x_wconf 84' lang='lat' dir='ltr'><strong>ia</strong></span> <span class='ocrx_word' id='word_1_120' title='bbox 1258 2221 1344 2282; x_wconf 82' lang='lat' dir='ltr'><strong>aliquo</strong></span> <span class='ocrx_word' id='word_1_121' title='bbox 1360 2235 1406 2285; x_wconf 71' lang='lat' dir='ltr'><strong>aa·</strong></span> 
     </span>
     <span class='ocr_line' id='line_1_17' title="bbox 315 2292 1403 2359; baseline 0 -15"><span class='ocrx_word' id='word_1_122' title='bbox 315 2295 421 2345; x_wconf 87' lang='lat' dir='ltr'><strong>retortis</strong></span> <span class='ocrx_word' id='word_1_123' title='bbox 438 2292 567 2358; x_wconf 87' lang='lat' dir='ltr'><strong>pedihus,</strong></span> <span class='ocrx_word' id='word_1_124' title='bbox 586 2293 707 2343; x_wconf 73' lang='lat' dir='ltr'><strong>amatam</strong></span> <span class='ocrx_word' id='word_1_125' title='bbox 723 2293 767 2354; x_wconf 80' lang='lat' dir='ltr'><strong>qui</strong></span> <span class='ocrx_word' id='word_1_126' title='bbox 783 2304 842 2342; x_wconf 59' lang='lat' dir='ltr'><strong>ow</strong></span> <span class='ocrx_word' id='word_1_127' title='bbox 877 2305 936 2343; x_wconf 71' lang='lat' dir='ltr'><strong>aare</strong></span> <span class='ocrx_word' id='word_1_128' title='bbox 953 2297 999 2343; x_wconf 88' lang='lat' dir='ltr'><strong>aut</strong></span> <span class='ocrx_word' id='word_1_129' title='bbox 1014 2293 1176 2344; x_wconf 79' lang='lat' dir='ltr'><strong>iaaoaciaaas</strong></span> <span class='ocrx_word' id='word_1_130' title='bbox 1193 2299 1239 2344; x_wconf 84' lang='lat' dir='ltr'><strong>aut</strong></span> <span class='ocrx_word' id='word_1_131' title='bbox 1254 2295 1348 2345; x_wconf 73' lang='lat' dir='ltr'><strong>multia</strong></span> <span class='ocrx_word' id='word_1_132' title='bbox 1358 2300 1403 2359; x_wconf 82' lang='lat' dir='ltr'><strong>ost,</strong></span> 
     </span>
     <span class='ocr_line' id='line_1_18' title="bbox 314 2366 1405 2435; baseline 0 -15"><span class='ocrx_word' id='word_1_133' title='bbox 314 2383 369 2420; x_wconf 86' lang='lat' dir='ltr'><strong>aaa</strong></span> <span class='ocrx_word' id='word_1_134' title='bbox 386 2369 472 2430; x_wconf 79' lang='lat' dir='ltr'><strong>lunas,</strong></span> <span class='ocrx_word' id='word_1_135' title='bbox 492 2366 601 2420; x_wconf 83' lang='lat' dir='ltr'><strong>Martial.</strong></span> <span class='ocrx_word' id='word_1_136' title='bbox 612 2369 650 2430; x_wconf 71' lang='lat'><strong>2,</strong></span> <span class='ocrx_word' id='word_1_137' title='bbox 670 2368 710 2417; x_wconf 79' lang='lat'><strong>35.</strong></span> <span class='ocrx_word' id='word_1_138' title='bbox 733 2367 842 2417; x_wconf 77' lang='lat' dir='ltr'><strong>Sotad-</strong></span> <span class='ocrx_word' id='word_1_139' title='bbox 877 2367 1013 2429; x_wconf 78' lang='lat' dir='ltr'><strong>isiaoptus</strong></span> <span class='ocrx_word' id='word_1_140' title='bbox 1029 2367 1129 2417; x_wconf 63' lang='lat' dir='ltr'><strong>dicitm</strong></span> <span class='ocrx_word' id='word_1_141' title='bbox 1151 2395 1179 2404; x_wconf 94' lang='lat'>-</span> <span class='ocrx_word' id='word_1_142' title='bbox 1192 2369 1335 2435; x_wconf 68' lang='lat' dir='ltr'><strong>ammanus]</strong></span> <span class='ocrx_word' id='word_1_143' title='bbox 1349 2369 1405 2420; x_wconf 76' lang='lat' dir='ltr'><strong>«le-</strong></span> 
     </span>
     <span class='ocr_line' id='line_1_19' title="bbox 315 2441 1405 2509; baseline 0 -15"><span class='ocrx_word' id='word_1_144' title='bbox 315 2445 445 2509; x_wconf 76' lang='lat' dir='ltr'><strong>ysioltea</strong></span> <span class='ocrx_word' id='word_1_145' title='bbox 462 2443 543 2503; x_wconf 89' lang='lat' dir='ltr'><strong>Voss,</strong></span> <span class='ocrx_word' id='word_1_146' title='bbox 570 2442 752 2492; x_wconf 80' lang='lat' dir='ltr'><strong>Grdtsalsiar</strong></span> <span class='ocrx_word' id='word_1_147' title='bbox 776 2443 841 2491; x_wconf 75' lang='lat' dir='ltr'><strong>Pis·</strong></span> <span class='ocrx_word' id='word_1_148' title='bbox 878 2441 956 2506; x_wconf 89' lang='lat' dir='ltr'><strong>pidus</strong></span> <span class='ocrx_word' id='word_1_149' title='bbox 974 2443 1054 2505; x_wconf 85' lang='lat' dir='ltr'><strong>atque</strong></span> <span class='ocrx_word' id='word_1_150' title='bbox 1072 2441 1200 2492; x_wconf 79' lang='lat' dir='ltr'><strong>facetus.»</strong></span> <span class='ocrx_word' id='word_1_151' title='bbox 1221 2469 1248 2479; x_wconf 87' lang='lat'><em>-</em></span> <span class='ocrx_word' id='word_1_152' title='bbox 1265 2444 1405 2493; x_wconf 83' lang='lat' dir='ltr'><strong>amicis--</strong></span> 
     </span>
     <span class='ocr_line' id='line_1_20' title="bbox 317 2515 1405 2580; baseline 0.003 -14"><span class='ocrx_word' id='word_1_153' title='bbox 317 2529 386 2578; x_wconf 92' lang='lat' dir='ltr'><strong>sow,</strong></span> <span class='ocrx_word' id='word_1_154' title='bbox 420 2516 612 2567; x_wconf 79' lang='lat' dir='ltr'><strong>Taktalaltaa</strong></span> <span class='ocrx_word' id='word_1_155' title='bbox 643 2515 780 2566; x_wconf 85' lang='lat' dir='ltr'><strong>ilirohaer.</strong></span> <span class='ocrx_word' id='word_1_156' title='bbox 811 2539 838 2550; x_wconf 92' lang='lat'>-</span> <span class='ocrx_word' id='word_1_157' title='bbox 876 2515 1001 2580; x_wconf 81' lang='lat' dir='ltr'><strong>uideatur]</strong></span> <span class='ocrx_word' id='word_1_158' title='bbox 1020 2516 1059 2566; x_wconf 89' lang='lat' dir='ltr'><strong>Cl.</strong></span> <span class='ocrx_word' id='word_1_159' title='bbox 1078 2529 1104 2566; x_wconf 87' lang='lat' dir='ltr'><strong>v.</strong></span> <span class='ocrx_word' id='word_1_160' title='bbox 1122 2515 1163 2566; x_wconf 82' lang='lat' dir='ltr'><strong>i3.</strong></span> <span class='ocrx_word' id='word_1_161' title='bbox 1183 2515 1224 2567; x_wconf 84' lang='lat' dir='ltr'><strong>tt.</strong></span> <span class='ocrx_word' id='word_1_162' title='bbox 1244 2517 1405 2569; x_wconf 71' lang='lat' dir='ltr'><strong>ott-uolt</strong></span> 
     </span>
     <span class='ocr_line' id='line_1_21' title="bbox 315 2588 1404 2655; baseline 0.002 -15"><span class='ocrx_word' id='word_1_163' title='bbox 315 2589 434 2655; x_wconf 81' lang='lat' dir='ltr'><strong>Balbatit]</strong></span> <span class='ocrx_word' id='word_1_164' title='bbox 448 2588 598 2640; x_wconf 83' lang='lat' dir='ltr'><strong>cuiusmodi</strong></span> <span class='ocrx_word' id='word_1_165' title='bbox 609 2590 788 2654; x_wconf 80' lang='lat' dir='ltr'><strong>pronuntiatio</strong></span> <span class='ocrx_word' id='word_1_166' title='bbox 801 2591 841 2639; x_wconf 89' lang='lat' dir='ltr'><strong>te·</strong></span> <span class='ocrx_word' id='word_1_167' title='bbox 878 2592 1049 2641; x_wconf 86' lang='lat' dir='ltr'><strong>construere:</strong></span> <span class='ocrx_word' id='word_1_168' title='bbox 1080 2591 1249 2641; x_wconf 81' lang='lat' dir='ltr'><strong>«concinnus</strong></span> <span class='ocrx_word' id='word_1_169' title='bbox 1267 2590 1404 2653; x_wconf 85' lang='lat' dir='ltr'><strong>videatur,</strong></span> 
     </span>
     <span class='ocr_line' id='line_1_22' title="bbox 315 2655 1403 2729; baseline -0.006 -13"><span class='ocrx_word' id='word_1_170' title='bbox 315 2667 373 2716; x_wconf 86' lang='lat' dir='ltr'><strong>neri</strong></span> <span class='ocrx_word' id='word_1_171' title='bbox 390 2663 489 2729; x_wconf 84' lang='lat' dir='ltr'><strong>aliquid</strong></span> <span class='ocrx_word' id='word_1_172' title='bbox 506 2664 589 2715; x_wconf 84' lang='lat' dir='ltr'><strong>hahet</strong></span> <span class='ocrx_word' id='word_1_173' title='bbox 610 2666 637 2714; x_wconf 89' lang='lat' dir='ltr'><strong>ia</strong></span> <span class='ocrx_word' id='word_1_174' title='bbox 655 2662 751 2715; x_wconf 78' lang='lat' dir='ltr'><strong>talibus</strong></span> <span class='ocrx_word' id='word_1_175' title='bbox 769 2655 841 2714; x_wconf 75' lang='lat' dir='ltr'><strong>siao-</strong></span> <span class='ocrx_word' id='word_1_176' title='bbox 878 2664 947 2714; x_wconf 89' lang='lat' dir='ltr'><strong>siout</strong></span> <span class='ocrx_word' id='word_1_177' title='bbox 963 2662 1080 2727; x_wconf 86' lang='lat' dir='ltr'><strong>postulat</strong></span> <span class='ocrx_word' id='word_1_178' title='bbox 1091 2665 1237 2714; x_wconf 85' lang='lat' dir='ltr'><strong>concinnus</strong></span> <span class='ocrx_word' id='word_1_179' title='bbox 1249 2664 1360 2715; x_wconf 75' lang='lat' dir='ltr'><strong>videri.»</strong></span> <span class='ocrx_word' id='word_1_180' title='bbox 1375 2693 1403 2702; x_wconf 92' lang='lat'>-</span> 
     </span>
     <span class='ocr_line' id='line_1_23' title="bbox 314 2737 1407 2810; baseline 0.002 -22"><span class='ocrx_word' id='word_1_181' title='bbox 314 2739 500 2810; x_wconf 78' lang='grc' dir='ltr'><strong>κορισμασιν.</strong></span> <span class='ocrx_word' id='word_1_182' title='bbox 530 2763 556 2774; x_wconf 91' lang='grc'><strong>-</strong></span> <span class='ocrx_word' id='word_1_183' title='bbox 581 2738 714 2802; x_wconf 71' lang='lat' dir='ltr'><strong>statuum]</strong></span> <span class='ocrx_word' id='word_1_184' title='bbox 734 2737 842 2788; x_wconf 74' lang='lat' dir='ltr'><strong>«Scauri</strong></span> <span class='ocrx_word' id='word_1_185' title='bbox 878 2739 1088 2788; x_wconf 76' lang='lat' dir='ltr'><strong>astauoalsatior</strong></span> <span class='ocrx_word' id='word_1_186' title='bbox 1104 2738 1167 2803; x_wconf 83' lang='lat' dir='ltr'><strong>oet]</strong></span> <span class='ocrx_word' id='word_1_187' title='bbox 1187 2737 1317 2790; x_wconf 74' lang='lat' dir='ltr'><strong>«ferocius</strong></span> <span class='ocrx_word' id='word_1_188' title='bbox 1329 2741 1407 2790; x_wconf 86' lang='lat' dir='ltr'><strong>otin-</strong></span> 
     </span>
     <span class='ocr_line' id='line_1_24' title="bbox 316 2811 1406 2877; baseline 0.002 -13"><span class='ocrx_word' id='word_1_189' title='bbox 316 2814 455 2874; x_wconf 87' lang='lat' dir='ltr'><strong>diountar,</strong></span> <span class='ocrx_word' id='word_1_190' title='bbox 473 2813 520 2877; x_wconf 85' lang='lat' dir='ltr'><strong>qui</strong></span> <span class='ocrx_word' id='word_1_191' title='bbox 537 2811 603 2863; x_wconf 80' lang='lat' dir='ltr'><strong>talos</strong></span> <span class='ocrx_word' id='word_1_192' title='bbox 619 2811 722 2864; x_wconf 83' lang='lat' dir='ltr'><strong>habent</strong></span> <span class='ocrx_word' id='word_1_193' title='bbox 733 2815 841 2863; x_wconf 84' lang='lat' dir='ltr'><strong>exstan-</strong></span> <span class='ocrx_word' id='word_1_194' title='bbox 878 2811 1006 2864; x_wconf 88' lang='lat' dir='ltr'><strong>solentius</strong></span> <span class='ocrx_word' id='word_1_195' title='bbox 1023 2825 1053 2862; x_wconf 88' lang='lat' dir='ltr'><strong>se</strong></span> <span class='ocrx_word' id='word_1_196' title='bbox 1072 2811 1149 2862; x_wconf 82' lang='lat' dir='ltr'><strong>etiert</strong></span> <span class='ocrx_word' id='word_1_197' title='bbox 1170 2815 1210 2874; x_wconf 84' lang='lat' dir='ltr'><strong>et,</strong></span> <span class='ocrx_word' id='word_1_198' title='bbox 1234 2814 1361 2877; x_wconf 83' lang='lat' dir='ltr'><strong>quioquid</strong></span> <span class='ocrx_word' id='word_1_199' title='bbox 1379 2815 1406 2866; x_wconf 84' lang='lat' dir='ltr'><strong>in</strong></span> 
     </span>
     <span class='ocr_line' id='line_1_25' title="bbox 315 2875 1405 2950; baseline -0.002 -10"><span class='ocrx_word' id='word_1_200' title='bbox 315 2892 365 2940; x_wconf 80' lang='lat' dir='ltr'><strong>tes.</strong></span> <span class='ocrx_word' id='word_1_201' title='bbox 395 2885 444 2938; x_wconf 78' lang='lat' dir='ltr'><strong>Alii</strong></span> <span class='ocrx_word' id='word_1_202' title='bbox 461 2887 553 2937; x_wconf 87' lang='lat' dir='ltr'><strong>dicunt</strong></span> <span class='ocrx_word' id='word_1_203' title='bbox 568 2901 673 2938; x_wconf 86' lang='lat' dir='ltr'><strong>scauros</strong></span> <span class='ocrx_word' id='word_1_204' title='bbox 694 2875 767 2950; x_wconf 85' lang='lat' dir='ltr'><strong>esse&#39;,</strong></span> <span class='ocrx_word' id='word_1_205' title='bbox 796 2887 842 2950; x_wconf 88' lang='lat' dir='ltr'><strong>qui</strong></span> <span class='ocrx_word' id='word_1_206' title='bbox 878 2885 993 2937; x_wconf 85' lang='lat' dir='ltr'><strong>buccam</strong></span> <span class='ocrx_word' id='word_1_207' title='bbox 1004 2888 1090 2948; x_wconf 88' lang='lat' dir='ltr'><strong>venit,</strong></span> <span class='ocrx_word' id='word_1_208' title='bbox 1109 2886 1188 2950; x_wconf 80' lang='lat' dir='ltr'><strong>paulo</strong></span> <span class='ocrx_word' id='word_1_209' title='bbox 1205 2886 1315 2939; x_wconf 86' lang='lat' dir='ltr'><strong>liberius</strong></span> <span class='ocrx_word' id='word_1_210' title='bbox 1328 2891 1355 2939; x_wconf 91' lang='lat' dir='ltr'><strong>et</strong></span> <span class='ocrx_word' id='word_1_211' title='bbox 1366 2890 1405 2938; x_wconf 90' lang='lat' dir='ltr'><strong>in-</strong></span> 
     </span>
     <span class='ocr_line' id='line_1_26' title="bbox 316 2959 1407 3014; baseline 0.002 -2"><span class='ocrx_word' id='word_1_212' title='bbox 316 2961 416 3012; x_wconf 87' lang='lat' dir='ltr'><strong>habent</strong></span> <span class='ocrx_word' id='word_1_213' title='bbox 428 2960 494 3012; x_wconf 83' lang='lat' dir='ltr'><strong>talos</strong></span> <span class='ocrx_word' id='word_1_214' title='bbox 506 2961 629 3012; x_wconf 87' lang='lat' dir='ltr'><strong>inversos</strong></span> <span class='ocrx_word' id='word_1_215' title='bbox 641 2963 668 3011; x_wconf 87' lang='lat' dir='ltr'><strong>et</strong></span> <span class='ocrx_word' id='word_1_216' title='bbox 680 2963 840 3012; x_wconf 76' lang='lat' dir='ltr'><strong>tortuosos.»</strong></span> <span class='ocrx_word' id='word_1_217' title='bbox 879 2959 1073 3012; x_wconf 84' lang='lat' dir='ltr'><strong>consideratius</strong></span> <span class='ocrx_word' id='word_1_218' title='bbox 1085 2960 1195 3010; x_wconf 77' lang='lat' dir='ltr'><strong>effutit.»</strong></span> <span class='ocrx_word' id='word_1_219' title='bbox 1214 2963 1294 3012; x_wconf 80' lang='lat' dir='ltr'><strong>Dosa.</strong></span> <span class='ocrx_word' id='word_1_220' title='bbox 1310 2989 1337 2998; x_wconf 99' lang='lat'><em>-</em></span> <span class='ocrx_word' id='word_1_221' title='bbox 1348 2963 1407 3014; x_wconf 80' lang='lat' dir='ltr'><strong>siat-</strong></span> 
     </span>
     <span class='ocr_line' id='line_1_27' title="bbox 316 3033 1406 3100; baseline -0.001 -13"><span class='ocrx_word' id='word_1_222' title='bbox 316 3038 408 3087; x_wconf 82' lang='lat' dir='ltr'><strong>Scaon.</strong></span> <span class='ocrx_word' id='word_1_223' title='bbox 443 3035 699 3100; x_wconf 77' lang='lat' dir='ltr'><strong>Kiumpstisslaia.</strong></span> <span class='ocrx_word' id='word_1_224' title='bbox 734 3035 842 3086; x_wconf 83' lang='lat' dir='ltr'><strong>Praeci-</strong></span> <span class='ocrx_word' id='word_1_225' title='bbox 875 3035 945 3100; x_wconf 66' lang='lat' dir='ltr'><strong>aar]</strong></span> <span class='ocrx_word' id='word_1_226' title='bbox 960 3037 1083 3100; x_wconf 77' lang='lat' dir='ltr'><strong>aspertus</strong></span> <span class='ocrx_word' id='word_1_227' title='bbox 1095 3036 1123 3084; x_wconf 89' lang='lat' dir='ltr'><strong>et</strong></span> <span class='ocrx_word' id='word_1_228' title='bbox 1133 3033 1168 3084; x_wconf 84' lang='lat' dir='ltr'><strong>ab</strong></span> <span class='ocrx_word' id='word_1_229' title='bbox 1180 3036 1253 3086; x_wconf 92' lang='lat' dir='ltr'><strong>omni</strong></span> <span class='ocrx_word' id='word_1_230' title='bbox 1265 3035 1406 3086; x_wconf 86' lang='lat' dir='ltr'><strong>mendacio</strong></span> 
     </span>
     <span class='ocr_line' id='line_1_28' title="bbox 315 3107 1409 3176; baseline 0.002 -16"><span class='ocrx_word' id='word_1_231' title='bbox 315 3124 369 3176; x_wconf 84' lang='lat' dir='ltr'><strong>pua</strong></span> <span class='ocrx_word' id='word_1_232' title='bbox 380 3110 459 3161; x_wconf 91' lang='lat' dir='ltr'><strong>huius</strong></span> <span class='ocrx_word' id='word_1_233' title='bbox 470 3109 522 3161; x_wconf 93' lang='lat' dir='ltr'><strong>looi</strong></span> <span class='ocrx_word' id='word_1_234' title='bbox 532 3109 672 3161; x_wconf 87' lang='lat' dir='ltr'><strong>urbanitas</strong></span> <span class='ocrx_word' id='word_1_235' title='bbox 684 3111 710 3160; x_wconf 92' lang='lat' dir='ltr'><strong>in</strong></span> <span class='ocrx_word' id='word_1_236' title='bbox 719 3123 753 3160; x_wconf 87' lang='lat' dir='ltr'><strong>oo</strong></span> <span class='ocrx_word' id='word_1_237' title='bbox 762 3111 841 3171; x_wconf 82' lang='lat' dir='ltr'><strong>inest,</strong></span> <span class='ocrx_word' id='word_1_238' title='bbox 880 3108 1011 3171; x_wconf 66' lang='lat' dir='ltr'><strong>alienustu</strong></span> <span class='ocrx_word' id='word_1_239' title='bbox 1031 3122 1100 3160; x_wconf 79' lang='lat' dir='ltr'><strong>«uon</strong></span> <span class='ocrx_word' id='word_1_240' title='bbox 1115 3107 1296 3160; x_wconf 86' lang='lat' dir='ltr'><strong>dissimulator</strong></span> <span class='ocrx_word' id='word_1_241' title='bbox 1309 3111 1355 3160; x_wconf 82' lang='lat' dir='ltr'><strong>aut</strong></span> <span class='ocrx_word' id='word_1_242' title='bbox 1366 3122 1409 3162; x_wconf 84' lang='lat' dir='ltr'><strong>as-</strong></span> 
     </span>
     <span class='ocr_line' id='line_1_29' title="bbox 317 3183 1408 3249; baseline -0.001 -14"><span class='ocrx_word' id='word_1_243' title='bbox 317 3185 390 3249; x_wconf 84' lang='lat' dir='ltr'><strong>quod</strong></span> <span class='ocrx_word' id='word_1_244' title='bbox 406 3187 497 3249; x_wconf 85' lang='lat' dir='ltr'><strong>patres</strong></span> <span class='ocrx_word' id='word_1_245' title='bbox 514 3187 555 3237; x_wconf 88' lang='lat' dir='ltr'><strong>isti</strong></span> <span class='ocrx_word' id='word_1_246' title='bbox 573 3185 794 3249; x_wconf 81' lang='lat' dir='ltr'><strong>indulgentissimi</strong></span> <span class='ocrx_word' id='word_1_247' title='bbox 805 3185 843 3235; x_wconf 88' lang='lat' dir='ltr'><strong>si·</strong></span> <span class='ocrx_word' id='word_1_248' title='bbox 879 3186 1014 3245; x_wconf 84' lang='lat' dir='ltr'><strong>sentator,</strong></span> <span class='ocrx_word' id='word_1_249' title='bbox 1033 3184 1082 3234; x_wconf 85' lang='lat' dir='ltr'><strong>sad</strong></span> <span class='ocrx_word' id='word_1_250' title='bbox 1094 3185 1152 3246; x_wconf 85' lang='lat' dir='ltr'><strong>qui,</strong></span> <span class='ocrx_word' id='word_1_251' title='bbox 1166 3183 1239 3247; x_wconf 87' lang='lat' dir='ltr'><strong>quod</strong></span> <span class='ocrx_word' id='word_1_252' title='bbox 1250 3185 1355 3246; x_wconf 84' lang='lat' dir='ltr'><strong>sentiat,</strong></span> <span class='ocrx_word' id='word_1_253' title='bbox 1369 3185 1408 3235; x_wconf 93' lang='lat' dir='ltr'><strong>di·</strong></span> 
     </span>
     <span class='ocr_line' id='line_1_30' title="bbox 317 3258 1406 3323; baseline 0 -13"><span class='ocrx_word' id='word_1_254' title='bbox 317 3258 373 3310; x_wconf 91' lang='lat' dir='ltr'><strong>mul</strong></span> <span class='ocrx_word' id='word_1_255' title='bbox 390 3261 593 3323; x_wconf 76' lang='lat' dir='ltr'><strong>cognominibus</strong></span> <span class='ocrx_word' id='word_1_256' title='bbox 610 3261 729 3323; x_wconf 78' lang='lat' dir='ltr'><strong>gentium</strong></span> <span class='ocrx_word' id='word_1_257' title='bbox 746 3261 844 3310; x_wconf 79' lang='lat' dir='ltr'><strong>Roma·</strong></span> <span class='ocrx_word' id='word_1_258' title='bbox 881 3261 949 3308; x_wconf 82' lang='lat' dir='ltr'><strong>eat.»</strong></span> <span class='ocrx_word' id='word_1_259' title='bbox 968 3259 1052 3309; x_wconf 75' lang='lat' dir='ltr'><strong>Cous.</strong></span> <span class='ocrx_word' id='word_1_260' title='bbox 1067 3259 1145 3315; x_wconf 81' lang='lat' dir='ltr'><strong>Cano.</strong></span> <span class='ocrx_word' id='word_1_261' title='bbox 1158 3285 1186 3294; x_wconf 99' lang='lat'><em>-</em></span> <span class='ocrx_word' id='word_1_262' title='bbox 1198 3259 1406 3323; x_wconf 76' lang='lat' dir='ltr'><strong>Cottius-aoros]</strong></span> 
     </span>
     <span class='ocr_line' id='line_1_31' title="bbox 318 3331 1357 3397; baseline 0 -13"><span class='ocrx_word' id='word_1_263' title='bbox 318 3345 414 3384; x_wconf 84' lang='lat' dir='ltr'><strong>narum</strong></span> <span class='ocrx_word' id='word_1_264' title='bbox 440 3335 504 3384; x_wconf 87' lang='lat' dir='ltr'><strong>ortis</strong></span> <span class='ocrx_word' id='word_1_265' title='bbox 525 3335 617 3396; x_wconf 90' lang='lat' dir='ltr'><strong>utique</strong></span> <span class='ocrx_word' id='word_1_266' title='bbox 641 3347 674 3384; x_wconf 82' lang='lat' dir='ltr'><strong>ex</strong></span> <span class='ocrx_word' id='word_1_267' title='bbox 691 3331 844 3383; x_wconf 87' lang='lat' dir='ltr'><strong>huiusmodi</strong></span> <span class='ocrx_word' id='word_1_268' title='bbox 881 3332 996 3393; x_wconf 62' lang='lat' dir='ltr'><strong>Coimus,</strong></span> <span class='ocrx_word' id='word_1_269' title='bbox 1013 3332 1130 3394; x_wconf 61' lang='lat' dir='ltr'><strong>titsiffl</strong></span> <span class='ocrx_word' id='word_1_270' title='bbox 1148 3345 1222 3393; x_wconf 81' lang='lat' dir='ltr'><strong>acer,</strong></span> <span class='ocrx_word' id='word_1_271' title='bbox 1242 3333 1357 3397; x_wconf 70' lang='lat' dir='ltr'><strong>[auria.</strong></span> 
     </span>
     <span class='ocr_line' id='line_1_32' title="bbox 318 3406 1406 3469; baseline 0 -11"><span class='ocrx_word' id='word_1_272' title='bbox 318 3407 387 3458; x_wconf 79' lang='lat' dir='ltr'><strong>vitiis</strong></span> <span class='ocrx_word' id='word_1_273' title='bbox 405 3409 522 3457; x_wconf 88' lang='lat' dir='ltr'><strong>utuntur.</strong></span> <span class='ocrx_word' id='word_1_274' title='bbox 914 3406 1002 3456; x_wconf 74' lang='lat' dir='ltr'><strong>tto-tt.</strong></span> <span class='ocrx_word' id='word_1_275' title='bbox 1030 3407 1135 3454; x_wconf 71' lang='lat' dir='ltr'><strong>uirtutes</strong></span> <span class='ocrx_word' id='word_1_276' title='bbox 1159 3406 1228 3468; x_wconf 72' lang='lat' dir='ltr'><strong>ipsas</strong></span> <span class='ocrx_word' id='word_1_277' title='bbox 1251 3408 1406 3469; x_wconf 76' lang='lat' dir='ltr'><strong>taust-timus]</strong></span> 
     </span>
     <span class='ocr_line' id='line_1_33' title="bbox 352 3478 1408 3545; baseline 0.001 -15"><span class='ocrx_word' id='word_1_278' title='bbox 352 3478 441 3532; x_wconf 75' lang='lat' dir='ltr'><strong>itt-tt.</strong></span> <span class='ocrx_word' id='word_1_279' title='bbox 464 3480 543 3545; x_wconf 71' lang='lat' dir='ltr'><strong>[rimi]</strong></span> <span class='ocrx_word' id='word_1_280' title='bbox 566 3479 790 3541; x_wconf 70' lang='lat' dir='ltr'><strong>Plout.1lsin.t‚</strong></span> <span class='ocrx_word' id='word_1_281' title='bbox 813 3479 843 3540; x_wconf 87' lang='grc'><strong>3,</strong></span> <span class='ocrx_word' id='word_1_282' title='bbox 881 3481 936 3531; x_wconf 78' lang='lat' dir='ltr'><strong>liv.</strong></span> <span class='ocrx_word' id='word_1_283' title='bbox 955 3480 1000 3540; x_wconf 63' lang='grc' dir='ltr'><strong>Ἠ,</strong></span> <span class='ocrx_word' id='word_1_284' title='bbox 1024 3480 1070 3530; x_wconf 65' lang='lat' dir='ltr'><strong>ii:</strong></span> <span class='ocrx_word' id='word_1_285' title='bbox 1095 3479 1136 3542; x_wconf 81' lang='lat' dir='ltr'><strong>(ll.</strong></span> <span class='ocrx_word' id='word_1_286' title='bbox 1156 3481 1285 3532; x_wconf 79' lang='lat' dir='ltr'><strong>Minucius</strong></span> <span class='ocrx_word' id='word_1_287' title='bbox 1308 3483 1339 3542; x_wconf 85' lang='lat' dir='ltr'><strong>Q.</strong></span> <span class='ocrx_word' id='word_1_288' title='bbox 1358 3483 1408 3532; x_wconf 85' lang='lat' dir='ltr'><strong>Fa·</strong></span> 
     </span>
     <span class='ocr_line' id='line_1_34' title="bbox 318 3554 1408 3619; baseline 0 -14"><span class='ocrx_word' id='word_1_289' title='bbox 318 3555 364 3606; x_wconf 73' lang='lat'><strong>22:</strong></span> <span class='ocrx_word' id='word_1_290' title='bbox 387 3566 466 3616; x_wconf 74' lang='lat' dir='ltr'><strong>masto</strong></span> <span class='ocrx_word' id='word_1_291' title='bbox 480 3555 567 3618; x_wconf 73' lang='lat' dir='ltr'><strong>flctma</strong></span> <span class='ocrx_word' id='word_1_292' title='bbox 582 3567 690 3617; x_wconf 80' lang='lat' dir='ltr'><strong>rtsqaam</strong></span> <span class='ocrx_word' id='word_1_293' title='bbox 705 3565 784 3615; x_wconf 74' lang='lat' dir='ltr'><strong>aequo</strong></span> <span class='ocrx_word' id='word_1_294' title='bbox 801 3554 845 3616; x_wconf 76' lang='lat' dir='ltr'><strong>pi·</strong></span> <span class='ocrx_word' id='word_1_295' title='bbox 881 3555 965 3617; x_wconf 68' lang='lat' dir='ltr'><strong>bium)</strong></span> <span class='ocrx_word' id='word_1_296' title='bbox 986 3566 1037 3616; x_wconf 73' lang='lat' dir='ltr'><strong>aro</strong></span> <span class='ocrx_word' id='word_1_297' title='bbox 1058 3558 1204 3604; x_wconf 74' lang='lat' dir='ltr'><strong>cunctatore</strong></span> <span class='ocrx_word' id='word_1_298' title='bbox 1223 3569 1334 3619; x_wconf 68' lang='lat' dir='ltr'><strong>seuam,</strong></span> <span class='ocrx_word' id='word_1_299' title='bbox 1359 3569 1408 3618; x_wconf 78' lang='lat' dir='ltr'><strong>asu</strong></span> 
     </span>
     <span class='ocr_line' id='line_1_35' title="bbox 319 3629 1410 3694; baseline 0 -14"><span class='ocrx_word' id='word_1_300' title='bbox 319 3635 387 3680; x_wconf 81' lang='lat' dir='ltr'><strong>ottaa</strong></span> <span class='ocrx_word' id='word_1_301' title='bbox 403 3642 482 3691; x_wconf 79' lang='lat' dir='ltr'><strong>aequo</strong></span> <span class='ocrx_word' id='word_1_302' title='bbox 492 3630 613 3691; x_wconf 75' lang='lat' dir='ltr'><strong>scriptun</strong></span> <span class='ocrx_word' id='word_1_303' title='bbox 624 3633 659 3679; x_wconf 83' lang='lat' dir='ltr'><strong>ost</strong></span> <span class='ocrx_word' id='word_1_304' title='bbox 669 3629 696 3680; x_wconf 87' lang='lat' dir='ltr'><strong>ia</strong></span> <span class='ocrx_word' id='word_1_305' title='bbox 711 3629 845 3691; x_wconf 73' lang='lat' dir='ltr'><strong>poematis,</strong></span> <span class='ocrx_word' id='word_1_306' title='bbox 881 3633 956 3680; x_wconf 81' lang='lat' dir='ltr'><strong>cauto</strong></span> <span class='ocrx_word' id='word_1_307' title='bbox 973 3629 1100 3690; x_wconf 74' lang='lat' dir='ltr'><strong>timidum,</strong></span> <span class='ocrx_word' id='word_1_308' title='bbox 1124 3629 1246 3694; x_wconf 61' lang='lat' dir='ltr'><strong>minumus</strong></span> <span class='ocrx_word' id='word_1_309' title='bbox 1260 3631 1345 3680; x_wconf 77' lang='lat' dir='ltr'><strong>uicina</strong></span> <span class='ocrx_word' id='word_1_310' title='bbox 1357 3631 1410 3680; x_wconf 60' lang='lat' dir='ltr'><strong>ais*-</strong></span> 
     </span>
     <span class='ocr_line' id='line_1_36' title="bbox 323 3703 1409 3766; baseline 0.002 -12"><span class='ocrx_word' id='word_1_311' title='bbox 323 3705 367 3754; x_wconf 81' lang='lat' dir='ltr'><strong>uti</strong></span> <span class='ocrx_word' id='word_1_312' title='bbox 391 3703 449 3755; x_wconf 80' lang='lat' dir='ltr'><strong>latta</strong></span> <span class='ocrx_word' id='word_1_313' title='bbox 474 3704 534 3754; x_wconf 77' lang='lat' dir='ltr'><strong>borso</strong></span> <span class='ocrx_word' id='word_1_314' title='bbox 558 3707 621 3766; x_wconf 73' lang='lat' dir='ltr'><strong>aaut</strong></span> <span class='ocrx_word' id='word_1_315' title='bbox 644 3716 702 3752; x_wconf 84' lang='lat' dir='ltr'><strong>eum</strong></span> <span class='ocrx_word' id='word_1_316' title='bbox 725 3703 846 3766; x_wconf 72' lang='lat' dir='ltr'><strong>utiquam</strong></span> <span class='ocrx_word' id='word_1_317' title='bbox 882 3703 975 3754; x_wconf 79' lang='lat' dir='ltr'><strong>totitas</strong></span> <span class='ocrx_word' id='word_1_318' title='bbox 989 3703 1066 3764; x_wconf 85' lang='lat' dir='ltr'><strong>uitia,</strong></span> <span class='ocrx_word' id='word_1_319' title='bbox 1088 3703 1261 3766; x_wconf 80' lang='lat' dir='ltr'><strong>ooatpoilabat.</strong></span> <span class='ocrx_word' id='word_1_320' title='bbox 1295 3704 1354 3755; x_wconf 86' lang='lat' dir='ltr'><strong>Vid.</strong></span> <span class='ocrx_word' id='word_1_321' title='bbox 1373 3705 1409 3756; x_wconf 84' lang='lat' dir='ltr'><strong>ad</strong></span> 
     </span>
     <span class='ocr_line' id='line_1_37' title="bbox 321 3776 1407 3843; baseline -0.001 -13"><span class='ocrx_word' id='word_1_322' title='bbox 321 3785 436 3840; x_wconf 76' lang='lat' dir='ltr'><strong>mimate,</strong></span> <span class='ocrx_word' id='word_1_323' title='bbox 455 3791 520 3841; x_wconf 77' lang='lat' dir='ltr'><strong>qaas</strong></span> <span class='ocrx_word' id='word_1_324' title='bbox 535 3778 606 3841; x_wconf 66' lang='lat' dir='ltr'><strong>statui</strong></span> <span class='ocrx_word' id='word_1_325' title='bbox 617 3777 737 3838; x_wconf 75' lang='lat' dir='ltr'><strong>assumit,</strong></span> <span class='ocrx_word' id='word_1_326' title='bbox 755 3776 844 3838; x_wconf 85' lang='lat' dir='ltr'><strong>idest,</strong></span> <span class='ocrx_word' id='word_1_327' title='bbox 882 3793 908 3828; x_wconf 87' lang='lat' dir='ltr'><strong>v.</strong></span> <span class='ocrx_word' id='word_1_328' title='bbox 923 3778 964 3828; x_wconf 82' lang='lat' dir='ltr'><strong>at.</strong></span> <span class='ocrx_word' id='word_1_329' title='bbox 980 3804 1008 3814; x_wconf 91' lang='lat'><strong>-·</strong></span> <span class='ocrx_word' id='word_1_330' title='bbox 1023 3777 1155 3828; x_wconf 75' lang='lat' dir='ltr'><strong>Siaouam</strong></span> <span class='ocrx_word' id='word_1_331' title='bbox 1164 3791 1186 3828; x_wconf 90' lang='lat' dir='ltr'><strong>c.</strong></span> <span class='ocrx_word' id='word_1_332' title='bbox 1198 3791 1244 3828; x_wconf 88' lang='lat' dir='ltr'><strong>uas</strong></span> <span class='ocrx_word' id='word_1_333' title='bbox 1257 3779 1407 3843; x_wconf 71' lang='lat' dir='ltr'><strong>incrustare]</strong></span> 
     </span>
     <span class='ocr_line' id='line_1_38' title="bbox 323 3849 1409 3918; baseline 0.004 -18"><span class='ocrx_word' id='word_1_334' title='bbox 323 3866 407 3918; x_wconf 63' lang='lat' dir='ltr'><strong>aquae</strong></span> <span class='ocrx_word' id='word_1_335' title='bbox 419 3853 474 3904; x_wconf 89' lang='lat' dir='ltr'><strong>suis</strong></span> <span class='ocrx_word' id='word_1_336' title='bbox 486 3851 633 3903; x_wconf 84' lang='lat' dir='ltr'><strong>rationibus</strong></span> <span class='ocrx_word' id='word_1_337' title='bbox 644 3849 783 3902; x_wconf 73' lang='lat' dir='ltr'><strong>consulit»</strong></span> <span class='ocrx_word' id='word_1_338' title='bbox 796 3854 848 3902; x_wconf 85' lang='lat' dir='ltr'><strong>No-</strong></span> <span class='ocrx_word' id='word_1_339' title='bbox 885 3853 974 3904; x_wconf 75' lang='lat' dir='ltr'><strong>«Adeo</strong></span> <span class='ocrx_word' id='word_1_340' title='bbox 1000 3853 1120 3916; x_wconf 76' lang='lat' dir='ltr'><strong>perversi</strong></span> <span class='ocrx_word' id='word_1_341' title='bbox 1138 3865 1245 3913; x_wconf 84' lang='lat' dir='ltr'><strong>sumus.</strong></span> <span class='ocrx_word' id='word_1_342' title='bbox 1272 3853 1302 3903; x_wconf 90' lang='lat' dir='ltr'><strong>ut</strong></span> <span class='ocrx_word' id='word_1_343' title='bbox 1327 3853 1409 3904; x_wconf 83' lang='lat' dir='ltr'><strong>etlam</strong></span> 
     </span>
     <span class='ocr_line' id='line_1_39' title="bbox 321 3925 1409 3994; baseline -0.001 -15"><span class='ocrx_word' id='word_1_344' title='bbox 321 3931 381 3979; x_wconf 87' lang='lat' dir='ltr'><strong>vius</strong></span> <span class='ocrx_word' id='word_1_345' title='bbox 392 3928 477 3978; x_wconf 84' lang='lat' dir='ltr'><strong>Bothii</strong></span> <span class='ocrx_word' id='word_1_346' title='bbox 489 3941 515 3991; x_wconf 92' lang='lat' dir='ltr'><strong>p.</strong></span> <span class='ocrx_word' id='word_1_347' title='bbox 529 3929 574 3979; x_wconf 80' lang='lat'><strong>50:</strong></span> <span class='ocrx_word' id='word_1_348' title='bbox 593 3927 847 3991; x_wconf 66' lang='lat' dir='ltr'><strong>saramania:</strong></span> <span class='ocrx_word' id='word_1_349' title='bbox 884 3939 982 3994; x_wconf 88' lang='lat' dir='ltr'><strong>puram</strong></span> <span class='ocrx_word' id='word_1_350' title='bbox 1000 3939 1048 3976; x_wconf 83' lang='lat' dir='ltr'><strong>vos</strong></span> <span class='ocrx_word' id='word_1_351' title='bbox 1060 3929 1185 3990; x_wconf 86' lang='lat' dir='ltr'><strong>corrupto</strong></span> <span class='ocrx_word' id='word_1_352' title='bbox 1199 3925 1288 3990; x_wconf 81' lang='lat' dir='ltr'><strong>aliquo</strong></span> <span class='ocrx_word' id='word_1_353' title='bbox 1305 3926 1409 3991; x_wconf 83' lang='lat' dir='ltr'><strong>liquore</strong></span> 
     </span>
     <span class='ocr_line' id='line_1_40' title="bbox 321 3999 1410 4068; baseline 0.001 -17"><span class='ocrx_word' id='word_1_354' title='bbox 321 4003 392 4068; x_wconf 68' lang='lat' dir='ltr'><strong>[usqi</strong></span> <span class='ocrx_word' id='word_1_355' title='bbox 416 4007 452 4052; x_wconf 82' lang='lat' dir='ltr'><strong>est</strong></span> <span class='ocrx_word' id='word_1_356' title='bbox 474 4003 556 4053; x_wconf 78' lang='lat' dir='ltr'><strong>taam.</strong></span> <span class='ocrx_word' id='word_1_357' title='bbox 591 4001 657 4052; x_wconf 87' lang='lat' dir='ltr'><strong>Vide</strong></span> <span class='ocrx_word' id='word_1_358' title='bbox 681 4001 789 4053; x_wconf 89' lang='lat' dir='ltr'><strong>omnino</strong></span> <span class='ocrx_word' id='word_1_359' title='bbox 812 4001 847 4051; x_wconf 91' lang='lat' dir='ltr'><strong>de</strong></span> <span class='ocrx_word' id='word_1_360' title='bbox 885 4003 996 4066; x_wconf 85' lang='lat' dir='ltr'><strong>eiusque</strong></span> <span class='ocrx_word' id='word_1_361' title='bbox 1018 4001 1136 4053; x_wconf 85' lang='lat' dir='ltr'><strong>taooihus</strong></span> <span class='ocrx_word' id='word_1_362' title='bbox 1159 3999 1296 4052; x_wconf 82' lang='lat' dir='ltr'><strong>obducere</strong></span> <span class='ocrx_word' id='word_1_363' title='bbox 1316 4002 1410 4066; x_wconf 86' lang='lat' dir='ltr'><strong>cupia-</strong></span> 
     </span>
     <span class='ocr_line' id='line_1_41' title="bbox 323 4073 1407 4141; baseline -0.001 -13"><span class='ocrx_word' id='word_1_364' title='bbox 323 4078 375 4128; x_wconf 89' lang='lat' dir='ltr'><strong>hoo</strong></span> <span class='ocrx_word' id='word_1_365' title='bbox 397 4076 513 4141; x_wconf 85' lang='lat' dir='ltr'><strong>epitheto</strong></span> <span class='ocrx_word' id='word_1_366' title='bbox 536 4078 591 4128; x_wconf 86' lang='lat' dir='ltr'><strong>Cio.</strong></span> <span class='ocrx_word' id='word_1_367' title='bbox 609 4077 687 4126; x_wconf 87' lang='lat' dir='ltr'><strong>Taso.</strong></span> <span class='ocrx_word' id='word_1_368' title='bbox 705 4075 733 4134; x_wconf 87' lang='grc'><strong>3,</strong></span> <span class='ocrx_word' id='word_1_369' title='bbox 752 4077 782 4137; x_wconf 85' lang='grc'><strong>8,</strong></span> <span class='ocrx_word' id='word_1_370' title='bbox 802 4076 849 4125; x_wconf 64' lang='lat' dir='ltr'><strong>tdb</strong></span> <span class='ocrx_word' id='word_1_371' title='bbox 885 4087 972 4127; x_wconf 75' lang='lat' dir='ltr'><strong>mus.»</strong></span> <span class='ocrx_word' id='word_1_372' title='bbox 1006 4077 1049 4125; x_wconf 86' lang='lat' dir='ltr'><strong>Sic</strong></span> <span class='ocrx_word' id='word_1_373' title='bbox 1071 4073 1173 4140; x_wconf 85' lang='lat' dir='ltr'><strong>explico</strong></span> <span class='ocrx_word' id='word_1_374' title='bbox 1195 4077 1306 4141; x_wconf 86' lang='lat' dir='ltr'><strong>propter</strong></span> <span class='ocrx_word' id='word_1_375' title='bbox 1324 4073 1407 4127; x_wconf 82' lang='lat' dir='ltr'><strong>Lucil.</strong></span> 
     </span>
     <span class='ocr_line' id='line_1_42' title="bbox 325 4148 1408 4213; baseline -0.001 -12"><span class='ocrx_word' id='word_1_376' title='bbox 325 4151 365 4201; x_wconf 79' lang='lat' dir='ltr'><strong>ts.</strong></span> <span class='ocrx_word' id='word_1_377' title='bbox 395 4149 424 4213; x_wconf 85' lang='lat' dir='ltr'><strong>l,</strong></span> <span class='ocrx_word' id='word_1_378' title='bbox 449 4151 493 4212; x_wconf 81' lang='lat' dir='ltr'><strong>ld,</strong></span> <span class='ocrx_word' id='word_1_379' title='bbox 516 4149 849 4212; x_wconf 73' lang='lat' dir='ltr'><strong>so.-1aaptas]«nego-</strong></span> <span class='ocrx_word' id='word_1_380' title='bbox 882 4150 930 4208; x_wconf 74' lang='lat' dir='ltr'><strong>ts,</strong></span> <span class='ocrx_word' id='word_1_381' title='bbox 955 4148 983 4198; x_wconf 82' lang='lat'><strong>3:</strong></span> <span class='ocrx_word' id='word_1_382' title='bbox 1010 4163 1071 4200; x_wconf 86' lang='lat' dir='ltr'><strong>aam</strong></span> <span class='ocrx_word' id='word_1_383' title='bbox 1094 4149 1144 4199; x_wconf 83' lang='lat' dir='ltr'><strong>aul</strong></span> <span class='ocrx_word' id='word_1_384' title='bbox 1169 4150 1315 4213; x_wconf 82' lang='lat' dir='ltr'><strong>(tamquam</strong></span> <span class='ocrx_word' id='word_1_385' title='bbox 1339 4149 1408 4210; x_wconf 73' lang='lat' dir='ltr'><strong>meh</strong></span> 
     </span>
     <span class='ocr_line' id='line_1_43' title="bbox 325 4221 1408 4288; baseline -0.002 -12"><span class='ocrx_word' id='word_1_386' title='bbox 325 4227 409 4276; x_wconf 89' lang='lat' dir='ltr'><strong>tiosus</strong></span> <span class='ocrx_word' id='word_1_387' title='bbox 432 4223 545 4286; x_wconf 82' lang='lat' dir='ltr'><strong>ardalio,</strong></span> <span class='ocrx_word' id='word_1_388' title='bbox 571 4225 616 4288; x_wconf 92' lang='lat' dir='ltr'><strong>qui</strong></span> <span class='ocrx_word' id='word_1_389' title='bbox 637 4223 716 4274; x_wconf 87' lang='lat' dir='ltr'><strong>nobis</strong></span> <span class='ocrx_word' id='word_1_390' title='bbox 738 4236 847 4288; x_wconf 85' lang='lat' dir='ltr'><strong>operam</strong></span> <span class='ocrx_word' id='word_1_391' title='bbox 886 4221 929 4273; x_wconf 79' lang='lat' dir='ltr'><strong>alii</strong></span> <span class='ocrx_word' id='word_1_392' title='bbox 953 4222 1002 4288; x_wconf 84' lang='lat' dir='ltr'><strong>usi)</strong></span> <span class='ocrx_word' id='word_1_393' title='bbox 1017 4223 1161 4287; x_wconf 67' lang='lat' dir='ltr'><strong>reqionum</strong></span> <span class='ocrx_word' id='word_1_394' title='bbox 1184 4224 1234 4273; x_wconf 85' lang='lat' dir='ltr'><strong>illis</strong></span> <span class='ocrx_word' id='word_1_395' title='bbox 1257 4225 1408 4274; x_wconf 75' lang='lat' dir='ltr'><strong>laostutatu’</strong></span> 
     </span>
     <span class='ocr_line' id='line_1_44' title="bbox 326 4297 1411 4363; baseline -0.002 -11"><span class='ocrx_word' id='word_1_396' title='bbox 326 4300 529 4352; x_wconf 73' lang='lat' dir='ltr'><strong>summouit.»</strong></span> <span class='ocrx_word' id='word_1_397' title='bbox 564 4299 619 4352; x_wconf 87' lang='lat' dir='ltr'><strong>Clo.</strong></span> <span class='ocrx_word' id='word_1_398' title='bbox 641 4299 675 4351; x_wconf 87' lang='lat' dir='ltr'><strong>de</strong></span> <span class='ocrx_word' id='word_1_399' title='bbox 697 4299 741 4350; x_wconf 85' lang='lat' dir='ltr'><strong>Or.</strong></span> <span class='ocrx_word' id='word_1_400' title='bbox 763 4299 793 4360; x_wconf 76' lang='lat'><strong>2.</strong></span> <span class='ocrx_word' id='word_1_401' title='bbox 816 4297 848 4360; x_wconf 83' lang='lat' dir='ltr'><strong>l,</strong></span> <span class='ocrx_word' id='word_1_402' title='bbox 886 4297 956 4348; x_wconf 74' lang='lat' dir='ltr'><strong>calta</strong></span> <span class='ocrx_word' id='word_1_403' title='bbox 975 4298 1060 4349; x_wconf 71' lang='lat' dir='ltr'><strong>morto</strong></span> <span class='ocrx_word' id='word_1_404' title='bbox 1081 4300 1149 4363; x_wconf 83' lang='lat' dir='ltr'><strong>(vino</strong></span> <span class='ocrx_word' id='word_1_405' title='bbox 1171 4297 1331 4361; x_wconf 79' lang='lat' dir='ltr'><strong>acidissimo)</strong></span> <span class='ocrx_word' id='word_1_406' title='bbox 1349 4311 1411 4350; x_wconf 62' lang='lat' dir='ltr'><strong>aaa</strong></span> 
     </span>
    </p>
   </div>
   <div class='ocr_carea' id='block_1_5' title="bbox 0 0 1583 4966">
    <p class='ocr_par' dir='ltr' id='par_1_7' title="bbox 0 0 1583 4966">
     <span class='ocr_line' id='line_1_45' title="bbox 0 0 1583 4966; baseline 0 0"><span class='ocrx_word' id='word_1_407' title='bbox 0 0 1583 4966; x_wconf 95' lang='lat' dir='ltr'><strong> </strong></span> 
     </span>
    </p>
   </div>
  </div>
 </body>
</html>
