3090 4974
554 445 613 496 ara.
634 447 663 496 ιι.
688 445 786 498 srrsr.
804 447 835 498 ιι.
1179 447 1241 512 659

199 581 362 670 Gracchus
384 613 419 668 ut
442 601 493 668 hic
516 600 575 678 illi,
599 602 681 668 soret
703 601 777 669 huic
798 612 833 668 ut
855 602 977 670 Mucius
1000 601 1062 668 ille.
1172 629 1175 636 ⁴

198 727 261 806 Qui
284 725 390 790 minus
412 733 542 810 argutos
565 733 659 790 vexat
681 723 770 790 luror
791 726 851 790 iste
873 725 1010 812 poetas?
1199 727 1240 790 90

198 846 348 930 Carmina
370 865 546 933 compono,
571 844 623 910 hic
644 843 765 932 elegos.
812 845 980 912 «Mirabile
1002 848 1073 912 visu

200 965 432 1054 Caelatumque
454 985 569 1032 novem
591 966 691 1032 Musis
713 967 837 1054 opust»
874 966 1013 1054 Adspice
1035 967 1188 1055 primum,

188 1165 313 1230 suspicio.
334 1191 362 1201 -
394 1165 434 1214 Aia
457 1169 485 1214 at
505 1163 605 1214 Musas
624 1163 662 1213 itti
682 1162 752 1222 bSd,
775 1164 890 1214 Pottien'i
907 1175 939 1215 ac
957 1164 1083 1216 Schmidii
1099 1179 1205 1228 amnes.

188 1240 290 1290 Veneta
308 1238 381 1290 itai.
401 1241 429 1289 et
446 1240 487 1290 ct.
509 1263 536 1276 -
555 1238 680 1302 tutaret,
698 1239 755 1289 laic
766 1239 854 1289 minus
865 1242 938 1289 recte
951 1251 1012 1290 cum
1023 1240 1155 1292 nonnullis
1166 1243 1208 1293 di·

189 1315 279 1365 stinxit
294 1328 316 1364 s.
336 1314 499 1365 adversatur
515 1327 611 1366 versuo
628 1326 747 1364 caesura.
777 1339 805 1350 -
834 1314 873 1362 90.
892 1318 975 1364 versat
992 1313 1125 1366 Bentleius
1143 1329 1208 1366 con-

189 1390 298 1440 iecturt.
319 1417 346 1426 —
366 1391 406 1440 92.
425 1391 608 1452 sacratiorisque
625 1386 759 1440 Bentleius
776 1388 845 1438 coni.

155 1557 269 1609 ationem
286 1559 425 1618 omittere,
443 1558 479 1606 ita
495 1559 526 1607 ut
541 1557 578 1606 Ti.
592 1554 633 1606 vel
648 1556 678 1606 C.
749 1554 838 1605 stt-ot.
857 1555 1239 1620 Canmmcet.1·staiim,ubt

155 1632 291 1682 Gracchus
307 1628 426 1698 γενικῶς
442 1643 491 1695 pro
508 1629 600 1681 illustri
618 1643 680 1680 ora·
717 1641 766 1680 nos
778 1630 972 1693 conspicimus,
990 1629 1057 1682 alter
1068 1631 1240 1685 alterioccla-

156 1709 229 1766 tore,
255 1708 358 1758 liucius
374 1719 423 1771 pro
440 1705 601 1770 peritissimo
619 1705 679 1753 icto
717 1704 786 1752 mat:
807 1703 930 1754 Carmina
948 1706 993 1754 tua
1009 1703 1106 1767 lyrica,
1125 1709 1162 1758 tui
1173 1707 1240 1772 elegi

154 1785 280 1846 ponatur.
295 1782 368 1844 (Nost
382 1781 422 1832 cio
430 1781 537 1840 Mamas,
550 1781 590 1830 cio
601 1779 681 1829 Grac-
716 1779 779 1827 suut
789 1788 856 1841 opus
868 1790 978 1841 prorsus
988 1779 1151 1842 perrectum,
1164 1787 1240 1846 quasi

154 1854 235 1918 etro.)
249 1855 375 1905 Ceterum
387 1853 531 1904 lectionem
541 1855 680 1916 receptam
717 1851 825 1902 attusia
841 1852 908 1915 ipsis
918 1853 1056 1914 casloim,
1074 1854 1163 1917 idest,
1183 1869 1241 1908 ma-

155 1930 212 1980 aree
232 1935 261 1979 at
281 1930 380 1980 Maesa
396 1929 450 1989 tto,
477 1941 547 1992 quae
564 1929 592 1982 in
609 1926 680 1978 uallo
717 1937 767 1988 gna
790 1939 853 1976 cum
870 1930 927 1978 arte
944 1925 1111 1980 elaboratum
1128 1944 1161 1980 ec
1177 1945 1241 1996 pro-

155 2004 221 2056 Cod.
243 2005 349 2069 reperta
370 2015 431 2054 esse
453 2001 574 2062 videtur,
601 2004 681 2052 Lam·
717 2001 810 2064 pterea
821 2013 926 2050 samma
939 2001 1113 2054 admiratione
1121 2003 1239 2068 dignum.

156 2079 218 2128 bino
236 2079 289 2142 (qui
306 2077 341 2129 de
352 2079 481 2128 varietate
493 2078 571 2140 tecet)
589 2075 681 2126 tribuit
718 2073 766 2136 (Cl.
784 2087 853 2137 quae
875 2075 901 2124 ia
918 2075 1006 2126 Dianio
1028 2077 1170 2128 universali
1186 2085 1241 2130 Au-

154 2152 302 2213 Bentieius‚
315 2151 680 2215 Britannicocuningbamius
717 2151 828 2212 amano
850 2149 928 2200 huius
949 2151 1031 2215 ipsius
1049 2151 1110 2202 anni
1127 2156 1194 2218 App.
1213 2169 1239 2218 p.

154 2227 310 2280 Animadvv.
324 2239 351 2290 p.
364 2227 405 2276 77.
423 2228 461 2277 Ac
472 2228 540 2277 teste
555 2226 606 2276 Fae
618 2237 679 2274 eom
717 2222 791 2274 stit.
809 2221 950 2286 legantur:
967 2225 1070 2276 «Nelea
1079 2227 1186 2278 Platea's
1196 2243 1241 2278 aa·

155 2301 264 2352 exbibet
281 2301 443 2352 Bntanoicus
461 2313 485 2350 a.
500 2300 573 2350 toto.
592 2299 678 2360 tcto,
716 2297 961 2360 tiltpadacbteriand
970 2299 1116 2363 pesonam,
1128 2303 1241 2354 ιιιῑοαιιι

155 2391 222 2442 quas
234 2377 300 2428 Edd.
311 2376 461 2438 Schneiger
472 2387 525 2425 uon
536 2375 677 2424 memorat.
716 2373 778 2422 lira
794 2373 993 2436 patriacensis
1009 2375 1135 2426 Disticben
1150 2379 1242 2440 molen

155 2454 223 2502 Sane
247 2455 302 2502 tam
319 2451 475 2500 inconcinna
493 2451 534 2500 est
550 2447 679 2498 librorum
716 2446 826 2496 Helbel's
842 2447 1010 2498 tendentattme
1022 2449 1174 2502 Hecarneter
1188 2453 1242 2504 eine

155 2527 240 2586 lectio,
254 2531 283 2576 ut
295 2527 356 2590 post
366 2524 515 2575 Bentleium
526 2535 607 2574 nemo
618 2534 679 2572 eam
717 2521 830 2585 trascipe
846 2522 950 2586 Ficum
972 2523 1072 2574 Eedem
1084 2526 1198 2590 imagine
1209 2533 1239 2578 A.

154 2603 306 2652 restituerit.
322 2625 349 2636 -
369 2601 417 2662 (iat
432 2599 523 2660 mistro]
545 2598 617 2657 «Qua
634 2609 679 2646 ra·
717 2598 745 2645 P.
758 2595 819 2646 ttt:
839 2597 871 2645 Et
887 2597 1077 2648 momatur
1087 2599 1241 2652 ἰιιοιιαιηα-

155 2677 224 2726 tione
241 2689 263 2727 s.
283 2674 418 2738 quomodo
436 2673 567 2724 minuet»
594 2668 677 2722 Plaut.
716 2671 878 2721 weverae.
892 2671 1136 2733 CrinagorasAnth.
1148 2675 1239 2726 Palll.

154 2751 283 2815 Amphitr.
303 2746 371 2800 Prol.
390 2749 435 2798 76:
463 2748 512 2809 Qui
526 2747 609 2796 mineo
624 2745 679 2794 Ea-
717 2743 818 2807 prs&
837 2739 973 2813 τορευτὸν
984 2738 1074 2808 ἔπος.)
1099 2747 1240 2806 lam‚cum

154 2826 209 2875 ἀιιιι
224 2825 339 2874 histrioni
359 2823 391 2872 sit
412 2822 469 2882 tea,
497 2833 561 2882 mica
583 2831 679 2868 ιιιιιιιιιο
717 2819 824 2868 mutuas
841 2816 934 2868 leudes
951 2818 1182 2880 siccumulamas,
1200 2825 1242 2872 vi-

152 2899 231 2949 ciro?
255 2899 309 2948 Cio.
330 2910 381 2961 pro
402 2894 472 2947 Cael.
495 2895 540 2954 22,
560 2893 605 2944 ot:
631 2893 681 2954 (iai
716 2891 1243 2959 cissimnossuperbiainssamus.»Egre-

153 2975 236 3024 misas
251 2973 317 3022 enin
333 2971 443 3021 Liciniae
453 2967 680 3032 mmpretondipo-
716 2967 758 3030 gia
779 2980 841 3019 cum
862 2969 946 3018 ironia
963 2981 992 3020 se
1010 2969 1067 3032 ipse
1085 2972 1242 3035 aequipamt

154 3050 202 3099 tait
211 3075 226 3086 -
236 3047 273 3096 -?
290 3046 329 3097 Cl.
342 3047 396 3096 Sat.
409 3046 434 3106 2,
448 3044 473 3104 a,
483 3043 541 3094 stt.
559 3043 585 3103 2,
597 3043 622 3104 7,
636 3041 677 3092 96.
716 3044 797 3106 atque
815 3043 948 3093 immiscet
957 3045 1097 3106 poetarum
1110 3041 1144 3093 illi
1156 3047 1242 3094 cater-

154 3124 208 3187 (atn
233 3135 285 3186 qua
311 3133 340 3170 re
365 3120 454 3170 minus
476 3117 561 3168 insani
582 3117 679 3180 poetae
716 3129 779 3178 vae,
798 3129 880 3180 quam
897 3115 1009 3168 deridet.
1025 3145 1053 3154 —
1068 3117 1240 3183 obpos1ttiro

155 3199 257 3247 suntin
284 3193 398 3259 explicat
420 3193 576 3258 Porphyrio.
611 3191 679 3240 Voss
717 3203 781 3242 casa
798 3189 909 3254 accidit,
927 3193 957 3241 ut
973 3192 1053 3242 etiam
1069 3192 1177 3242 Horatio
1194 3207 1242 3242 an·

154 3272 383 3322 cumconvertat:
404 3268 459 3318 Wie
470 3265 553 3318 man?
568 3265 680 3328 weoiper
717 3265 826 3328 tinnitus
850 3263 1061 3316 attribuerentur
1083 3265 1164 3330 elegi,
1190 3267 1239 3318 sed

151 3345 223 3410 pleat
239 3345 410 3408 bellstirooiipe
421 3343 519 3406 Sdnper
530 3341 575 3391 dor
587 3339 680 3390 Wabn·
714 3340 843 3404 oolpms,
861 3341 929 3391 teste
943 3341 1069 3390 Suetonio
1081 3341 1106 3391 in
1119 3341 1177 3392 Vita
1189 3343 1240 3392 lio·

153 3420 227 3471 soa?
251 3417 386 3470 Schmidio
408 3418 447 3470 sic
470 3416 621 3468 distinxisse
638 3415 679 3463 vi·
716 3415 783 3464 ratii.
799 3439 826 3451 -
845 3427 934 3464 aoaoo
948 3414 1034 3478 Musis]
1053 3414 1102 3465 «ab
1114 3415 1240 3466 omnibus

154 3494 245 3544 detur:
265 3493 333 3556 Qui?
348 3493 505 3556 minascet.)
519 3516 548 3527 -
566 3488 678 3553 ανριιιω]
715 3490 796 3541 ltusis
812 3488 928 3554 ideoque
948 3488 1126 3540 absolutum.»
1154 3492 1240 3542 Minus

155 3581 313 3629 sconowe.»
325 3571 355 3618 at
365 3570 457 3621 Musae
469 3567 543 3630 ipsae
555 3561 590 3615 δι’
602 3557 679 3630 ᾠδῆς
716 3567 791 3614 recte
808 3561 851 3614 alii
868 3565 1033 3628 interpretati
1049 3566 1112 3614 suot
1130 3565 1171 3627 (ex
1187 3566 1240 3614 La-

154 3639 229 3705 ridoc
240 3641 351 3709 λίγειαι.
376 3642 439 3694 Plat.
452 3641 566 3692 Phaedr.
579 3653 606 3704 p.
619 3639 676 3690 237.
715 3640 791 3690 ciono
802 3639 868 3688 Adv.
883 3638 939 3689 ind.
952 3639 977 3689 8.
988 3653 993 3686 :
1006 3635 1240 3708 κιθάραν-λίθοις

153 3719 184 3767 A.
203 3717 242 3768 Cl.
254 3717 302 3768 Od.
315 3717 341 3777 t,
355 3717 379 3778 o,
392 3717 439 3766 so:
458 3717 553 3766 Doctor
570 3719 679 3777 ornatae
714 3712 857 3776 ποικίλως
868 3713 1101 3778 κεκοσμημένην,
1114 3711 1239 3764 Μουσῶν

152 3791 241 3856 men
267 3792 379 3852 Abolla,
406 3789 505 3840 Phoebe.
530 3817 558 3826 -
583 3788 677 3852 aaut]
713 3785 821 3856 μεταξὺ
846 3790 896 3840 καὶ
917 3782 1093 3850 ’Λπόλλωνος
1114 3789 1164 3839 teat
1178 3781 1239 3858 'Op-

156 3866 248 3928 Utique
274 3866 355 3914 etiam
379 3877 406 3913 v.
423 3867 507 3914 cerm
523 3863 679 3918 conveniret
714 3867 793 3928 φέως
809 3864 1064 3934 ἐντετορευμένων,
1070 3863 1081 3927 l
1107 3875 1195 3926 «opus
1213 3865 1238 3912 in

153 3942 316 4002 sanandae,
335 3941 373 3991 uti
390 3940 575 3992 demonstrant
588 3951 679 3988 exem-
714 3951 768 4002 quo
794 3939 911 3991 caelatae
937 3939 1094 4001 comparent
1121 3938 1238 4000 ipserum

153 4014 195 4081 pla
213 4029 228 4066 a
245 4013 364 4067 Benileto
380 4012 456 4066 allata
474 4017 501 4064 et
514 4015 679 4063 Graecorum
714 4015 850 4064 Musarum
859 4009 1240 4076 imagines.»Beotleiusinad-

154 4088 287 4160 στροβετν
310 4089 442 4154 (Aeschyl.
460 4087 579 4153 Choepb.
599 4088 676 4138 tuot:
714 4089 847 4138 notatione
858 4085 951 4137 adbl.
962 4085 1032 4136 etad
1041 4083 1237 4136 colliminio.

154 4165 234 4226 Τίνες
250 4178 285 4215 aa
301 4159 385 4228 δόξαι
401 4191 415 4202 -
426 4191 441 4201 -
457 4157 676 4233 Στροβοῡσιν,·),
715 4158 1138 4223 Bloml.suamcoui.sicesplicat:
1150 4159 1240 4224 «Aspi-

153 4251 249 4290 verum
270 4241 314 4290 eet
330 4239 483 4290 coniectura
503 4249 614 4302 prorsus
631 4249 678 4288 su·
715 4249 756 4297 ce,
770 4246 832 4285 cum
844 4237 943 4298 quanto
956 4234 1024 4285 tastu
1034 4235 1236 4298 circumspecte

154 4325 331 4376 pervacanea.
715 4321 776 4362 mus
792 4321 859 4374 opus
876 4309 934 4360 visa
955 4307 1077 4360 mirabile
1095 4310 1123 4358 et
1141 4319 1237 4358 novem
