3022 4984
785 447 914 500 HOMTII

469 602 548 676 Πρὸς
564 601 641 656 ταῦτ’
661 600 711 654 ize
728 603 783 669 μὲν
800 601 869 676 πῦρ,
888 601 939 654 ἴτω
956 602 988 655 δὲ
1003 597 1159 671 φάσγανα·

467 689 600 760 Πίμπρη,
617 685 740 740 κάταιθε
757 685 883 761 σάρκας,
901 685 1086 755 ἐμπλήσθητί
1101 703 1160 754 μου

468 774 564 826 Πίνων
580 769 713 824 κελαινὸν
730 765 822 837 αἷμα·
840 769 953 844 πρόσθε
969 771 1025 843 γὰρ
1041 769 1119 822 κάτω

468 855 526 923 Γῆς
543 854 615 908 εἶσιν
632 851 739 929 ἄστρα,
757 854 794 924 γῆ
811 856 833 906 δ’
850 851 941 907 ἄνετα
958 857 1000 920 είς
1016 857 1133 927 αἰθέρα,

468 941 541 1012 Πρίν
558 938 590 1006 ἐξ
606 939 678 1005 ἐμοῦ
697 955 745 992 σοι
761 937 835 991 θῶπ·
853 934 1020 1006 ἀπαντῆσαι
1036 935 1132 1006 λόγον.

306 1024 398 1079 Πάλιν
414 1021 465 1076 τὸν
482 1019 572 1076 αῦτὸν
588 1022 749 1076 σπουδαῖον
766 1018 823 1086 οῦχ
841 1019 927 1095 ὁρᾷς,
953 1017 1000 1075 ύτι
1016 1018 1084 1075 οῦδὲ
1101 1019 1293 1089 πωλούμενος
1310 1021 1393 1093 θερά-

307 1125 367 1160 πων
385 1105 458 1160 εἶναι
473 1106 565 1172 δοκεῖ,
584 1103 790 1174 καταπλήττων
806 1103 876 1170 τοῦς
893 1102 1037 1178 ὁρῶντας,
1056 1103 1096 1170 ὦς
1113 1101 1149 1158 ού
1165 1105 1262 1172 μόνον
1281 1101 1393 1157 ἐλεύθε-

306 1210 356 1266 ρος
373 1188 428 1255 ύν,
446 1187 518 1244 ἀλλὰ
536 1193 585 1243 καί
601 1187 744 1257 δεσπότης
754 1187 895 1256 ἐσόμενος
905 1188 958 1242 τοῦ
971 1191 1130 1260 πριαμένου
1139 1207 1150 1252 ,·
1163 1185 1194 1241 Ὁ
1204 1187 1281 1258 γοῦν
1289 1185 1393 1262 Ἑρμῆς

306 1277 513 1344 πυνθανομένῳ
531 1277 557 1326 εί
572 1272 687 1338 φαῦλός
703 1274 796 1335 ἐστιν,
815 1268 1019 1346 ἀποκρίνεται·

464 1353 586 1410 Ἢκιστα
602 1357 730 1422 φαῦλος,
748 1351 822 1408 ἀλλὰ
839 1355 896 1410 πᾶν
912 1351 1095 1419 τοῦναντίον,

467 1439 634 1513 Πρόσχημα
650 1438 758 1507 σεμνὸς
774 1436 828 1493 κού
846 1439 993 1503 ταπεινός,
1012 1436 1071 1492 οῦδ*
1087 1433 1162 1508 ἄγαν

467 1521 612 1593 Εῦογκος,
630 1520 670 1590 ὥς
687 1521 725 1580 ἂν
741 1523 859 1590 δοῦλος,
877 1520 951 1576 ἀλλὰ
968 1525 1018 1576 καί
1034 1521 1142 1590 στολὴν

465 1603 566 1661 ’ίδόντι
583 1605 715 1683 λαμπρὸς
731 1611 781 1661 καί
798 1605 874 1678 ξύλῳ
891 1605 1072 1681 δραστήριος.

309 1691 370 1745 εἶτα
388 1691 490 1746 πάλιν·

470 1772 570 1841 Οῦδείς
586 1775 608 1827 δ’
624 1777 655 1842 ἐς
671 1775 773 1842 οἴκους
788 1773 931 1839 δεσπότας
947 1770 1102 1839 ἀμείνονας

469 1859 566 1914 Αὑτοῦ
584 1863 726 1933 πρίασθαι
741 1858 894 1924 βούλεται·
916 1859 950 1911 σὲ
967 1859 989 1910 δ
1006 1857 1128 1932 εἰσορῶν

469 1944 533 2010 Πᾶς
549 1961 592 2008 τις
608 1944 752 1997 δέδοικεν·
771 1939 855 2012 ὄμμα
870 1940 926 2016 γὰρ
943 1941 1032 2016 πυρός
1048 1945 1159 2012 γίμεις,

469 2028 582 2101 Ταῦρος
599 2027 715 2092 λέοντος
732 2023 772 2092 ὥς
788 2027 901 2090 βλέπων
918 2025 990 2099 πρός
1006 2025 1144 2093 ἐμβολήν.

307 2111 367 2164 Εἶτ’
385 2113 506 2182 ἐπιλέγει
522 2110 557 2164 τό
574 2105 649 2178 ἦθος
665 2108 773 2174 αὐτοῦ,

718 2195 773 2248 σοῦ
791 2201 948 2268 κατηγορεί

469 2278 625 2348 Σιγῶντος,
643 2275 684 2344 ὥς
701 2277 761 2347 εἴης
777 2275 817 2331 ἂν
833 2275 889 2340 οῦχ
906 2276 1050 2346 ῦπήκοος,

470 2361 595 2415 Τόσσειν
611 2362 643 2415 δὲ
658 2362 770 2428 μᾶλλον
787 2360 808 2430 ἢ
824 2361 1028 2415 ’πιτοὶσσεσθαι
1044 2361 1149 2427 θέλοις.

372 2449 411 2499 Ad
435 2447 551 2499 eandem
567 2447 684 2499 sabulum
705 2447 826 2498 referunt
841 2447 925 2499 verbe
942 2461 958 2499 ε
976 2447 1084 2499 Philone
1102 2447 1177 2498 alluta
1195 2447 1260 2498 ibid.
1282 2464 1310 2514 p.
1330 2451 1394 2507 ³⁰0..

308 2545 378 2595 quen
397 2543 462 2582 sane
480 2529 585 2582 Herculi
603 2530 683 2581 tribui
699 2533 827 2596 possunt:

469 2609 541 2682 Ἕγώ
558 2613 582 2665 δ’
600 2613 728 2681 ἐμαυτοῦ
745 2617 794 2666 καί
812 2612 909 2668 κλύειν
926 2613 1095 2682 ἐπίσταμαι,

462 2691 574 2770 οἈρχειν
590 2699 616 2749 θ’
635 2695 762 2765 ὁμοίως,
780 2693 884 2772 τάρετῇ
902 2698 1113 2766 σταθμώμενος

471 2781 513 2834 Τὰ
531 2780 632 2834 πάντα.
660 2785 746 2847 Pergit
763 2782 836 2835 Philo
853 2784 912 2838 loeo
929 2785 1035 2850 priore:

370 2867 448 2919 Ἐπεί
473 2866 504 2919 δὲ
528 2869 579 2919 καί
604 2869 762 2948 πριαμένου
786 2865 898 2931 Συλέως
916 2869 957 2931 είς
976 2861 1066 2938 ἀγρὸν
1082 2865 1234 2934 ἐπέμφθη,
1260 2865 1397 2933 διέδειξεν

307 2946 403 3023 ἔργοις
426 2947 461 3002 τό
482 2949 535 3018 τῆς
560 2948 677 3015 φύσεως
694 2945 868 3002 ἀδούλωτον.
908 2948 965 3002 Τόν
980 2951 1035 3016 μὲν
1052 2947 1107 3022 γὰρ
1123 2943 1244 3024 ἄριστον
1259 2949 1322 3003 τῶν
1340 2953 1399 3004 ε’κει·

308 3033 420 3105 ταύρων
440 3033 610 3100 καταθύσας
626 3035 671 3086 Διί
695 3030 844 3107 πρόφασιν
861 3028 1015 3096 εῦωχεῖτο·
1046 3031 1137 3087 πολύν
1157 3033 1180 3085 δ’
1199 3031 1283 3086 οἳνον
1301 3035 1397 3102 ἐμφο-

307 3115 402 3190 ρήσας
421 3113 545 3190 ἀθρόον,
573 3111 605 3170 εύ
626 3116 707 3185 μάλα
723 3117 907 3183 κατακλιθείς
923 3113 1098 3191 ἤκρατίζετο.
1134 3118 1223 3171 Συλεῑ
1236 3118 1267 3170 δὲ
1285 3115 1396 3184 ἀφικο-

306 3204 385 3270 μένῳ
401 3203 451 3254 καί
466 3201 730 3263 δυσανασχετοῦντι
746 3203 794 3256 ε’πί
809 3217 841 3254 τε
857 3199 891 3276 τῇ
909 3199 1006 3276 βλάβη
1023 3205 1074 3254 καί
1090 3201 1125 3277 τῇ
1142 3201 1195 3256 τοῦ
1211 3201 1395 3276 θεράποντος

307 3281 438 3358 ῥᾳθυμίᾳ
453 3287 504 3338 καί
520 3287 567 3341 ἐπί
583 3284 618 3360 τῇ
637 3286 752 3360 περιττῇ
769 3283 1002 3358 καταφρονήσει,
1027 3287 1119 3356 μηδὲν
1141 3285 1216 3354 μήτε
1233 3285 1287 3354 τῆς
1303 3285 1396 3362 χρόας

307 3369 382 3438 μήτε
398 3361 440 3424 ὦν
456 3367 576 3443 ῗπραττε
591 3368 763 3438 μεταβαλὼν
780 3366 978 3438 εύτολμότατά
994 3389 1084 3439 φησι,

471 3454 593 3522 Κλίθητι
609 3457 660 3506 καί
677 3459 804 3522 πίωμεν·
823 3453 964 3524 ἐντούτῳ
982 3455 1014 3508 δέ
1028 3471 1087 3522 μου

471 3535 531 3605 Τὴν
547 3545 647 3611 πεῖραν
664 3535 752 3604 εὐθύς
768 3535 903 3605 λάμβαν’,
921 3541 948 3591 εἰ
963 3543 1098 3612 κρείττων
1114 3533 1183 3592 ἐ’σει.

373 3625 462 3676 Priore
478 3622 555 3676 vides
571 3637 652 3688 quem
669 3623 868 3696 τραγικώτατα
885 3639 963 3685 εεεες
991 3627 1177 3689 argumentum
1202 3627 1295 3675 contre
1314 3639 1331 3676 a
1349 3638 1394 3676 οσ-

308 3709 378 3759 mico
404 3706 541 3772 paululum
566 3709 752 3760 tantummodo
775 3708 876 3760 dlslens
897 3711 986 3761 inesse
1010 3710 1036 3760 in
1055 3713 1130 3760 lauro
1147 3707 1190 3759 illo
1209 3711 1342 3770 mucleto,
1369 3710 1393 3757 in

306 3792 419 3855 prandio
440 3793 520 3855 atque
542 3792 675 3856 pontione
693 3789 813 3842 Herculis
833 3793 906 3844 humi
924 3794 1013 3854 sinuli,
1039 3793 1066 3843 in
1083 3791 1204 3843 eiusdem
1221 3791 1393 3843 altercaliene

309 3889 370 3926 curn
388 3874 475 3938 Syleo.
510 3876 548 3925 Ex
564 3874 615 3925 alio
632 3874 710 3926 huius
728 3875 856 3928 dremeiis
873 3873 932 3927 loeo
948 3874 990 3928 vel
1008 3889 1061 3927 uno
1079 3877 1105 3926 in
1117 3875 1201 3926 verbo
1212 3877 1392 3940 persentimus

309 3957 440 4008 elementa
457 3959 592 4010 sermonis
607 3957 719 4007 comici:

472 4037 668 4106 Βαυβώμεν
686 4037 879 4106 εἰσελθόντες·
898 4037 1065 4113 ἅπόμορξαι
1082 4043 1168 4095 σίθεν

472 4121 513 4176 Τὰ
530 4122 649 4196 δάκρυα.

373 4209 472 4259 Verum
489 4209 561 4273 qnod
579 4211 634 4261 ίοίο
651 4211 702 4261 hoc
719 4223 816 4274 genere
835 4223 887 4261 uon
906 4211 969 4262 sutis
985 4213 1128 4276 perspeclo
1141 4223 1224 4275 prope
1237 4209 1389 4260 incredibile

308 4291 441 4352 videniur,
460 4290 494 4340 ed
511 4293 584 4342 iocos
601 4306 686 4356 paene
704 4293 854 4345 obscoenos
872 4294 1071 4346 descenderunt
1088 4299 1115 4345 εί
1132 4293 1280 4357 Aeschylus
1297 4296 1324 4344 ei
1340 4295 1388 4343 So-
