3090 4974
606 450 666 500 sits
686 449 830 500 poetici.

217 603 350 672 Romani
372 603 482 670 tollent
504 602 630 690 equites
653 603 845 690 peditesque
868 605 1067 672 cachinnum.

218 726 366 792 intererit
387 722 520 790 multum
541 723 678 790 divusoe
701 722 850 811 loquetur
872 745 912 792 on
935 727 1045 802 heroe,

218 847 402 912 lietumsne
424 865 525 912 senex
546 865 586 910 au
609 844 715 910 adhuc
736 843 873 912 florente
895 847 1025 914 iuventa
1201 847 1262 915 ll5
1296 853 1299 858 '

218 965 389 1043 Fervidus‚
413 975 446 1031 et
467 974 612 1031 matrona
633 975 749 1052 potens
771 986 811 1032 en
834 966 948 1034 sedula
969 967 1088 1045 nutrix,

218 1089 417 1154 llercatorne
440 1107 542 1172 vagus
564 1085 708 1154 cultorne
729 1087 862 1154 virentis
884 1088 993 1176 agelli,

210 1247 352 1298 Lambinus
364 1247 525 1297 coniectura.
541 1271 569 1282 -
588 1247 645 1296 tte.
663 1246 694 1310 et]
712 1259 747 1296 oo
763 1247 881 1311 quinque
899 1248 980 1311 liegii,
999 1247 1053 1298 duo
1070 1249 1230 1312 llocbederi,

210 1324 270 1380 bct.
283 1327 306 1372 st
317 1335 352 1371 on
364 1337 391 1371 κ.
412 1322 519 1383 (lituos,
539 1321 631 1378 nostri,
650 1321 730 1370 etiam
747 1321 775 1381 E,
794 1320 939 1372 Bentleiani
957 1335 1052 1374 omnes
1069 1326 1176 1388 praeter
1192 1327 1229 1388 κ.)

212 1423 237 1432 -
254 1395 358 1458 potens]
384 1408 477 1457 pareres
498 1407 529 1444 er
555 1405 607 1444 nnc
630 1393 729 1444 Codice
752 1395 811 1445 Fen.
833 1423 860 1432 -
880 1397 937 1446 lli.
954 1398 1060 1460 otqentis
1076 1411 1105 1460 c,
1124 1403 1231 1464 septem

210 1472 281 1534 liegii
299 1468 410 1533 aliique,
429 1470 455 1520 F.

178 1624 288 1674 nilestae
306 1619 500 1686 interpolationi
513 1619 654 1682 debentur,
673 1621 703 1670 ut
738 1633 801 1670 vera
819 1619 927 1672 differre
942 1622 1011 1672 inter
1021 1635 1051 1673 se
1063 1635 1203 1674 sermones
1215 1623 1264 1674 de-

177 1701 295 1749 Dnnaane
319 1697 438 1758 toqomrsr
461 1697 557 1745 Brome
580 1693 700 1758 (bamb),
738 1707 815 1745 orum
827 1696 980 1746 ethereum
993 1697 1017 1746 in
1031 1697 1173 1759 tragoediis
1185 1699 1265 1748 Grae·

178 1774 294 1823 Davusne
310 1772 429 1832 loquetur
444 1771 549 1820 bernano
561 1769 700 1832 (lendin),
738 1769 797 1820 ciet
818 1769 921 1833 Quippe
938 1769 972 1820 illi
993 1769 1093 1835 (Apollo
1110 1773 1264 1823 etltinervn

177 1848 274 1896 decom
289 1847 409 1906 loquatur
425 1858 460 1894 on
473 1845 530 1894 irus
547 1841 701 1906 (Erasmus),
738 1843 764 1893 in
782 1843 987 1906 Eumenidibus,
1006 1845 1122 1896 Minerva
1135 1847 1161 1897 in
1172 1848 1262 1906 Aiace,

177 1921 243 1970 ratio
255 1919 348 1970 baberi
360 1919 460 1982 nequit.
482 1919 596 1968 Externa
607 1917 703 1966 utrius-
738 1918 820 1967 Diena
832 1918 858 1967 in
871 1917 1028 1983 Hippolyto,
1047 1921 1140 1984 ceteri)
1157 1933 1223 1986 prae
1234 1933 1264 1970 se

178 2007 230 2059 que
242 1993 360 2044 lectionis
372 1993 515 2043 auctoritas
527 1992 583 2042 iere
593 1992 700 2055 parest.
739 1990 826 2041 lerunt
843 1992 934 2042 nescio
952 1992 1018 2055 quid
1036 1993 1197 2044 sublimioris
1213 1995 1265 2058 spi·

178 2066 379 2119 Commentatbr
404 2067 485 2130 Cruq.
516 2065 579 2129 legit
604 2065 703 2114 divesne
739 2065 822 2126 ritus,
852 2064 912 2130 plus
939 2079 1021 2130 quam
1048 2069 1170 2129 humani,
1201 2081 1264 2118 vere

178 2144 233 2192 sive
250 2143 369 2202 dimerse,
388 2141 535 2204 Porphyrio
553 2138 703 2190 Hochederi
739 2137 876 2202 coelestis,
896 2141 995 2204 quippe
1013 2142 1056 2205 qui
1073 2154 1178 2193 summe
1191 2145 1265 2192 tran-

158 2218 203 2267 -in
228 2215 355 2266 lemmate
380 2215 490 2280 quidem
513 2215 626 2278 divesne,
653 2212 702 2264 sed
739 2211 866 2277 quiditate
883 2216 964 2276 atque
978 2218 1087 2266 aeterne
1100 2216 1263 2268 beatitudine

179 2289 298 2342 scholion
315 2291 403 2355 ipsum
421 2289 601 2350 demonstrat,
633 2287 699 2338 Edit.
739 2288 923 2352 pertruantur,
942 2289 1007 2340 dum
1023 2289 1065 2342 vel
1083 2293 1205 2342 aestuent
1222 2291 1263 2341 rel

177 2363 324 2430 principem
341 2365 470 2414 Venetam
486 2363 559 2415 tier.
574 2364 646 2413 recte
659 2375 704 2412 ex·
740 2362 892 2414 mortalium
930 2365 1099 2427 aegrimoniis
1134 2364 1264 2429 malisque

179 2439 270 2488 bibere
287 2440 420 2498 Decretum
445 2452 506 2489 nam
530 2438 620 2488 neseio
638 2437 703 2501 quid
740 2439 1266 2503 eonllictnnlurheroee.(Plutarcb.Com·

178 2514 259 2578 garrit
271 2513 305 2563 de
317 2513 476 2564 lienendro:
494 2512 587 2578 «Apud
597 2514 704 2563 Menen—
740 2525 797 2576 par.
812 2513 945 2577 aristoph.
961 2516 988 2564 st
999 2514 1134 2565 Menandri
1146 2515 1170 2575 l,
1181 2515 1207 2566 6.
1219 2515 1262 2566 ed.

178 2589 257 2638 dmm
278 2587 411 2638 inducitur
436 2601 543 2649 servus,
571 2587 704 2637 inducitur
741 2587 858 2637 Francol.
881 2601 906 2650 p.
928 2587 985 2638 85³.
1008 2589 1055 2638 D.:
1085 2581 1181 2659 ὥσπερ
1205 2584 1265 2638 ἀπὸ

178 2661 245 2712 liber
262 2661 374 2725 loquens
391 2663 420 2712 et
435 2664 486 2712 boc
504 2661 545 2712 ille
564 2661 703 2724 indulgen·
739 2657 848 2731 κλήρου
865 2655 1005 2724 ἀπονέμει
1022 2666 1083 2723 τοῖς
1100 2659 1266 2748 προσώποις

179 2740 220 2788 ter
234 2734 435 2800 etinconeplto‚
455 2734 703 2786 utomuiadomino
740 2731 776 2784 rei
801 2731 1005 2805 προστυχόντα
1028 2733 1086 2784 τῶν
1110 2733 1266 2800 ονομάτων

179 2809 334 2876 simpliciter
342 2811 463 2860 intentur.
483 2813 575 2872 ltaque
585 2822 638 2873 qno
648 2821 704 2859 mo·
739 2809 789 2858 nat
807 2803 861 2859 οὐκ
878 2803 915 2858 ἂν
936 2806 1097 2875 διαγνοίης,
1124 2807 1181 2859 εἴτε
1203 2805 1266 2873 υἱός

179 2885 213 2935 do
239 2883 441 2948 (qaodonunodo)
467 2883 541 2935 illurn
566 2885 703 2934 excuset.»
740 2881 818 2934 ἐστιν
830 2881 886 2934 εἴτε
897 2879 991 2955 πατὴρ
1003 2881 1051 2933 εἴπ’
1063 2877 1201 2954 ἄγροικος
1210 2882 1266 2934 εἴτε

180 2960 309 3024 Equidem
332 2961 441 3023 propter
463 2960 513 3010 bos
537 2959 704 3022 potissimum
741 2953 827 3020 θεὸς
852 2955 908 3008 εἴτε
939 2955 1029 3030 γραῦς
1054 2955 1110 3009 εἴτε
1135 2951 1223 3029 ἥρως
1248 2953 1266 3008 ὁ

179 3035 295 3085 rationes
312 3035 413 3084 divom
430 3032 554 3097 praetuli,
575 3033 638 3096 quie
653 3045 705 3096 per
740 3029 966 3100 διαλεγόμενος.)

180 3111 264 3158 totum
275 3109 303 3158 b.
316 3107 334 3158 l.
347 3108 381 3158 de
393 3107 527 3171 tragoedia
539 3107 605 3170 agit,
624 3121 639 3156 a
652 3119 705 3169 qua
775 3109 896 3158 rte-tls.
914 3109 1153 3173 Mammenses]
1163 3109 1221 3159 Vid.
1232 3110 1266 3160 ad

180 3183 274 3232 transit
289 3181 323 3231 nd
340 3183 449 3244 Satyros
461 3196 486 3231 v.
500 3183 573 3240 2204
592 3181 655 3232 setis
667 3182 705 3230 in·
742 3181 791 3232 Od.
804 3181 829 3242 l,
842 3181 867 3241 l.
880 3184 921 3232 bb.
941 3184 1011 3246 virg.
1025 3186 1090 3234 Aeo.
1103 3184 1127 3246 9,
1140 3183 1201 3235 aio:
1221 3198 1268 3234 nn-

180 3257 371 3307 convenieoter
388 3257 466 3318 igitur
481 3256 525 3305 bic
543 3257 706 3306 immiscere-
741 3257 780 3306 nis
795 3257 883 3320 mavia
899 3262 975 3319 atque
990 3258 1069 3307 enirm
1084 3264 1200 3308 maneres
1209 3259 1267 3308 Ale-

181 3333 223 3381 tor
240 3343 354 3394 persona
372 3332 491 3390 comica,
517 3343 580 3380 cnm
598 3333 704 3380 ceterae
742 3336 784 3382 tea.
801 3359 827 3366 -
841 3332 943 3382 tanente
954 3333 1080 3398 Fasides]
1100 3335 1142 3384 Sic
1153 3329 1267 3398 ἡλικίας

180 3418 275 3456 omnes
300 3405 349 3454 rite
375 3404 409 3454 ad
431 3404 595 3468 tragoediam
612 3403 706 3454 reterri
741 3401 864 3470 ζεούσης
880 3405 973 3457 Achill.
992 3409 1048 3458 Tat.
1067 3422 1093 3473 p.
1106 3409 1147 3459 90.
1162 3410 1264 3461 iacobs.

180 3479 290 3543 possint.
325 3479 368 3528 Sic
394 3482 467 3529 recte
494 3480 545 3528 inm
569 3481 645 3530 lason
671 3478 705 3528 de
745 3507 772 3517 -
791 3485 911 3530 marom
924 3481 1020 3546 petens]
1039 3495 1123 3545 «quae
1141 3483 1268 3534 domesti-

181 3556 275 3604 Nores:
296 3555 398 3604 «Danaa
415 3555 534 3604 cenricus
550 3553 651 3604 alienus
664 3556 707 3604 est
743 3568 804 3605 cum
822 3557 898 3618 quasi
915 3557 1056 3620 imperium
1074 3559 1159 3617 tenet,
1177 3559 1217 3608 ‹tie
1227 3571 1268 3621 pe-

181 3631 249 3680 inter
274 3627 390 3690 reliquas
414 3631 527 3692 tragicas
548 3643 705 3694 personas·
742 3631 850 3680 distende
865 3631 1021 3694 delufres.»
1048 3631 1165 3683 luvenal.
1180 3634 1204 3692 t,
1220 3633 1265 3682 ὅθι

180 3707 218 3754 Ac
234 3703 354 3767 proiecto
371 3716 482 3766 prorsus
499 3703 616 3754 absorde
634 3704 707 3754 vide-
744 3706 859 3756 demerit
874 3711 995 3756 monam
1007 3710 1103 3768 poteras.
1126 3733 1154 3743 -
1182 3707 1269 3757 sedulo

182 3783 224 3829 tur
240 3773 387 3840 ἀντίθεσις
397 3777 495 3828 servoli
509 3780 604 3829 comici
617 3781 645 3828 et
655 3781 707 3828 tra·
742 3781 840 3843 amrin]
867 3782 897 3831 ut
922 3779 962 3830 llla
985 3780 1077 3831 Cilissa
1100 3782 1126 3830 in
1144 3781 1269 3844 aeschyli

180 3854 230 3917 gici
256 3851 354 3902 bernis.
387 3852 507 3914 Denique
534 3851 706 3904 intolerabilis
745 3855 1057 3920 coequalemque
1073 3854 1140 3906 aline
1160 3857 1185 3906 in
1204 3859 1269 3908 Tre·

182 3928 245 3978 mibi
265 3926 361 3978 saltem
384 3925 490 3976 videtur
507 3925 629 3976 eiusdem
647 3939 708 3977 ser·
744 3931 838 3981 cbioiis
856 3934 884 3980 et
900 3929 1057 3994 llippolyto:
1068 3955 1095 3966 -
1112 3933 1269 3983 noemam

180 4002 233 4054 vuli
250 4003 316 4054 Davi
333 4002 456 4065 repetitio
475 4015 498 4050 v.
514 4001 572 4050 237.
604 4002 633 4050 V.
648 4001 705 4050 227.
743 4005 832 4068 υαρας]
850 4007 879 4055 ut
895 3999 1023 4076 ἔμπορος
1036 4006 1060 4055 io
1073 4003 1226 4056 Philocteta.
1240 4033 1266 4043 -·

181 4081 271 4129 nutem
297 4091 351 4129 non
376 4081 561 4142 opponuntur,
589 4075 653 4136 sed,
681 4077 709 4125 ut
744 4073 1269 4152 sutton-apelli]tragicusilleaairoop-

181 4163 256 4214 rocus
269 4154 325 4217 ipse
336 4151 498 4216 requirebat,
510 4155 708 4214 componuntur
745 4149 796 4220 γὸς
815 4155 840 4204 in
853 4153 982 4216 Euripidis
997 4152 1107 4204 Electra.
1127 4154 1270 4218 (Frequen-

181 4232 241 4281 deas
258 4231 285 4279 et
300 4229 380 4279 beros.
415 4227 446 4278 at
463 4228 508 4290 qui
525 4228 616 4277 tavent
632 4224 707 4278 alteri
746 4229 798 4278 tius
815 4241 895 4288 sane,
922 4229 951 4278 ut
973 4229 1183 4278 consentaneum
1201 4231 1267 4290 erat,

181 4305 301 4366 lectioni,
320 4303 455 4367 quomodo
473 4316 524 4353 non
537 4301 660 4354 viderunt
677 4317 706 4355 re
747 4304 772 4353 in
798 4301 950 4354 Comoediis
972 4303 1039 4353 haec
1061 4315 1177 4368 persone
1194 4315 1270 4354 com·
