3022 4984
279 465 341 530 750
680 494 683 500 ,
761 467 890 519 Hostili

320 623 509 690 Laudavere
530 621 632 689 sales:
656 622 789 688 nimium
811 623 969 710 patienter
990 631 1179 711 utrumque,

321 747 366 812 Ne
389 745 494 812 dicam
516 744 628 822 stulte,
652 745 774 820 mirati,
799 745 826 810 si
850 742 947 812 modo
969 763 1031 831 ego
1053 753 1086 811 et
1107 765 1166 812 vos

322 867 448 934 Scimus
470 865 662 933 inurbanum
683 865 793 954 lepido
816 885 976 954 seponere
998 863 1085 934 dicto

321 989 578 1076 Legitimumque
600 1007 715 1055 sonum
738 987 844 1076 digitis
866 986 1022 1056 callemus
1045 998 1078 1054 et
1097 1009 1187 1055 aure.

343 1179 400 1228 474.
418 1183 536 1240 4444444444
553 1177 770 1240 Cuningltamius.
791 1203 817 1214 -
838 1179 896 1228 272.
914 1180 971 1228 Noa
989 1179 1071 1228 dicam
1090 1171 1173 1228 Codd.
1187 1179 1260 1242 liegii
1273 1178 1334 1236 duo,

310 1265 380 1304 unus
397 1254 482 1316 Fece„
500 1253 633 1304 Sanadou.
654 1280 682 1289 -
700 1253 800 1304 mirutis
815 1254 889 1304 444444
906 1254 935 1304 Β.
963 1276 991 1290 -·
1016 1253 1074 1308 243.
1092 1253 1242 1316 supendere
1259 1255 1289 1304 B.
1310 1280 1336 1290 -

267 1423 411 1486 creparet.
427 1445 454 1457 -
467 1419 669 1484 Plautinoscet.]
683 1419 721 1470 Ci.
735 1421 804 1484 Epp.
844 1433 893 1484 per
918 1418 1062 1472 contulisse
1089 1422 1184 1484 po'etas
1212 1421 1366 1472 comoediae

278 1498 307 1558 i,
324 1498 353 1558 4,
372 1497 419 1546 tto
437 1509 497 1560 sqq.
518 1523 544 1532 -
567 1498 589 1545 44
611 1493 805 1565 444441444444,
844 1508 930 1546 novae
947 1495 1063 1557 Atticos,
1090 1495 1162 1546 unde
1186 1494 1263 1546 tacite
1286 1497 1312 1546 iu
1328 1493 1367 1546 iilo

278 1584 351 1620 444444
360 1571 460 1620 andos.
480 1568 555 1620 Hand
567 1570 642 1620 Turs.
655 1570 697 1619 Hi.
711 1582 737 1633 p.
747 1569 804 1619 633,
844 1569 998 1620 desiderare
1023 1569 1109 1634 potuit
1134 1568 1316 1620 urbanitatem
1339 1582 1367 1618 ac

280 1673 308 1682 -
335 1645 433 1696 84444444
457 1643 528 1708 cet]
556 1645 602 1694 444
627 1643 710 1696 modo
735 1643 806 1695 diota
844 1643 979 1707 4444444444
1002 1641 1178 1704 uCicerdne,
1198 1645 1245 1708 qui
1262 1645 1321 1709 ipso
1337 1642 1368 1694 ad

278 1719 398 1772 scurrilia
416 1733 448 1770 ac
465 1719 558 1784 frigida
575 1720 738 1782 distinguere
756 1732 806 1772 nos
844 1717 914 1768 dicta
927 1717 1046 1768 iacienda
1059 1730 1209 1782 propensus
1219 1720 1288 1778 erat,
1299 1716 1370 1770 Plau·

278 1795 379 1848 scimus
403 1807 418 1844 4
441 1807 506 1845 vera
522 1794 616 1859 lepidis
634 1797 662 1844 et
677 1793 804 1853 urbanis;
844 1795 901 1843 tum
919 1795 1070 1858 spectatum
1087 1805 1148 1844 esse
1166 1794 1252 1856 magis
1264 1807 1315 1860 per
1326 1807 1367 1844 44-

278 1881 361 1934 quam
377 1869 487 1933 quidem
499 1869 639 1920 scientiam
653 1881 734 1919 nemo
745 1881 807 1933 pro·
845 1871 901 1918 met
917 1867 1019 1932 ipsum,
1038 1881 1090 1918 uon
1105 1871 1293 1932 comparatum
1310 1880 1368 1918 cum

277 1944 348 1996 lecto
369 1943 447 1995 nohis
466 1943 658 1995 abiudicabit.»
682 1969 709 1980 -
734 1956 806 2006 sepo-
844 1940 988 1993 Menandro
1006 1939 1207 1992 etPhHemoue.
1229 1941 1368 2007 lamquod

277 2018 344 2082 44444]
364 2031 542 2078 «secernere,
566 2019 737 2070 dinoscere.»
765 2017 804 2068 ct.
843 2017 878 2066 ad
895 2027 1023 2067 numeros
1039 2016 1203 2067 comicorum
1216 2017 1368 2068 Latinorum

278 2095 331 2144 Sat.
346 2095 373 2151 4,
387 2093 416 2154 3,
430 2093 491 2143 4434
517 2095 583 2144 iusto
607 2105 733 2144 4444444444
755 2093 806 2142 444-
844 2093 950 2152 4444444,
970 2093 1055 2154 magis
1067 2092 1148 2142 etiam
1160 2092 1226 2142 mira
1238 2094 1283 2142 444
1294 2092 1369 2152 0444-

278 2179 364 2231 444444.
383 2169 436 2217 Sat.
451 2169 481 2228 4,
495 2167 524 2228 6,
544 2168 587 2218 63:
614 2168 683 2230 ttepi
700 2167 807 2218 44444444
843 2165 924 2217 tiliani
942 2167 1074 2218 sententia
1093 2166 1138 2226 40,
1160 2166 1186 2226 4,
1199 2164 1244 2215 99;
1265 2166 1369 2216 Terentii

277 2243 413 2292 4444444444.
433 2242 538 2306 Eppt,
555 2241 655 2303 tuat:
674 2242 752 2292 444444
769 2243 807 2292 444-
842 2241 1369 2305 444444444444444444444444444444444-

277 2321 388 2368 uomet
403 2317 477 2366 44444.
496 2317 562 2380 Epp.
575 2316 603 2376 2,
616 2317 648 2374 3,
661 2315 710 2366 ti:
728 2330 805 2366 curvo
842 2317 908 2366 44444
924 2320 947 2366 44
959 2315 1116 2378 4444444444
1129 2313 1249 2364 mutim
1259 2315 1367 2378 9444444,

277 2391 403 2442 4444444444
426 2393 531 2440 44444444.
555 2413 582 2426 -
610 2390 806 2454 concinuntque
842 2391 950 2440 eiintro
964 2403 1051 2440 4444444
1066 2389 1193 2439 4444444444
1207 2389 1338 2440 aarum.

277 2463 373 2527 44444444]
391 2463 521 2513 «Versum
538 2463 573 2512 ad
584 2464 648 2514 artis
664 2462 737 2528 leges
749 2463 806 2514 ela·
876 2464 998 2516 ansati.
1024 2465 1141 2528 4444444444
1157 2462 1219 2526 cet]
1238 2463 1305 2522 Quia
1317 2474 1369 2514 ma-

277 2537 428 2588 uerutum.»
441 2537 480 2586 Cl.
493 2537 559 2601 Epp.
573 2539 598 2598 4,
610 2539 636 2599 4,
651 2538 707 2588 4449.
721 2564 750 2575 -
764 2539 805 2589 444-
843 2539 913 2590 44444
927 2536 1054 2602 epistulae
1066 2537 1260 2601 paraversatur
1270 2537 1300 2588 in
1309 2541 1369 2602 poe·

277 2609 344 2676 pitis]
371 2609 469 2674 quibus
494 2624 548 2662 non
572 2613 626 2662 tam
650 2610 804 2677 simpliciter
844 2613 880 2664 sis
898 2613 1020 2662 scenicae
1038 2610 1205 2674 praeceptis,
1223 2609 1366 2662 nectent

277 2687 592 2752 numeranturyersuum
606 2686 704 2751 pedes,
723 2700 804 2750 quam
843 2699 886 2736 vu.
907 2683 1043 2736 atu-tue.
1066 2683 1210 2736 adumbrat
1231 2685 1368 2736 historiam

277 2757 379 2825 pollicis
396 2760 452 2810 ictu
469 2761 595 2810 notantur
606 2753 720 2830 ἄρσεις,
738 2763 805 2812 utin
843 2757 996 2822 tragoediae
1019 2761 1047 2808 et
1069 2758 1224 2809 comoediae
1241 2761 1367 2818 Graecae,

277 2834 458 2898 symphoniis,
476 2835 519 2884 4444
534 2840 650 2898 tmepore
660 2836 737 2886 444444
747 2835 806 2884 444-
843 2832 941 2896 quibus
953 2830 995 2884 iel
1006 2833 1118 2896 propter
1127 2845 1171 2882 vv.
1182 2832 1306 2884 alsait.
1320 2845 1368 2896 op·

276 2922 319 2959 444
335 2909 473 2960 metiuntur
490 2914 513 2960 44
525 2911 654 2972 podiensi
669 2909 806 2973 4494444444
843 2909 978 2971 ponuntur
995 2907 1148 2957 Latinorum
1166 2905 1191 2956 iu
1208 2907 1251 2958 his
1266 2907 1368 2970 generi-

276 2983 589 3046 icmioteruclicaianont
599 2983 748 3046 4444444444
757 2997 806 3033 44-
844 2981 895 3032 bus
920 2978 1039 3042 tabulae,
1066 2981 1224 3044 etquidem
1247 2995 1279 3032 ex
1301 2983 1368 3032 iusta

277 3058 317 3108 tia.
341 3055 446 3117 Quintil.
464 3057 493 3118 9,
510 3057 538 3118 4,
557 3059 598 3108 tt.
631 3057 805 3108 terentianus
844 3056 1001 3106 meritorum
1022 3057 1161 3118 utriusque
1183 3057 1296 3108 nationis
1313 3057 1368 3108 exi-

277 3131 355 3182 aute:
374 3143 489 3191 44444444,
509 3133 592 3193 Quom
604 3132 704 3195 pollicis
717 3145 806 3182 444444
842 3133 994 3183 elimatione
1011 3130 1046 3181 de
1064 3131 1095 3180 iis
1117 3131 1236 3182 iudicare
1253 3131 1365 3182 videtur.

276 3205 316 3257 444
337 3205 431 3268 puoso
446 3205 518 3268 podia
538 3205 736 3267 Discrimioore,
762 3205 806 3268 4444
843 3209 872 3257 44
884 3206 926 3256 his
937 3205 1062 3256 omuibus
1073 3205 1179 3256 videtur
1190 3207 1266 3269 sequi
1277 3217 1367 3268 gram-

277 3282 469 3342 444444444444,
487 3281 574 3332 4444444.
589 3307 616 3316 -
633 3281 805 3332 Hultumau-
842 3280 932 3332 malici
949 3279 992 3330 vol
1008 3279 1128 3330 historici
1149 3277 1259 3332 alicuius
1275 3279 1367 3331 Graeci

278 3358 334 3406 tem
359 3353 507 3418 discrepat,
532 3367 566 3406 ue
593 3353 681 3406 dicam
706 3355 805 3406 Sidonii
843 3355 1009 3421 opinionem,
1027 3354 1077 3404 nisi
1095 3355 1152 3418 ipse
1172 3354 1325 3419 tragoedias
1342 3359 1368 3406 et

278 3427 435 3493 Apollinaris
460 3431 553 3479 notum
580 3427 644 3479 illud
667 3428 713 3490 43,
741 3427 802 3480 4484
843 3428 1000 3482 comoediae
1016 3429 1162 3495 primordia
1179 3429 1307 3482 couitrdit.
1328 3429 1367 3480 Si-

278 3505 383 3566 Groioc,
401 3503 501 3564 Plauto,
522 3504 587 3554 44444
603 3503 686 3566 lepore
702 3505 804 3566 44444444,
842 3504 929 3567 milia,
948 3504 1030 3556 multo
1048 3507 1137 3556 tamen
1153 3507 1237 3570 magis
1249 3506 1366 3564 contusa,

279 3579 416 3630 Ciceronis
441 3577 475 3628 de
501 3578 592 3629 Plauto
617 3579 745 3630 iudicium
770 3579 804 3630 de
843 3579 923 3631 tradit
933 3581 1042 3631 Tzetzes
1053 3580 1116 3651 trapi
1127 3577 1273 3653 διαφορᾶς
1283 3597 1367 3646 4444)-

278 3652 352 3704 04444.
366 3656 390 3714 4,
403 3653 445 3715 29,
459 3652 520 3703 404;
539 3653 642 3716 Dispice
657 3659 693 3704 est
704 3655 804 3705 44444444
843 3650 900 3706 τῶν
917 3657 944 3705 44
961 3655 1081 3706 Crameri
1097 3655 1199 3707 444444.
1217 3659 1260 3708 Gr.
1278 3657 1323 3708 lli.
1338 3669 1364 3722 p.

277 3727 379 3777 44444444
395 3739 487 3791 umus:
512 3739 592 3778 4444444
608 3727 742 3790 4444444444,
757 3741 805 3791 pe-
843 3729 900 3781 334.
931 3729 1030 3780 Horatii
1065 3743 1172 3782 amores
1200 3731 1366 3782 confutarunt

278 3801 376 3862 44444444,
393 3802 561 3866 4444ρί444444,
580 3801 740 3862 obscoenum,
764 3804 806 3854 cl·
843 3802 1209 3870 wolckerNucltrupp.2li.
1223 3806 1253 3858 C.
1266 3803 1366 3857 044444-

277 3879 359 3926 teitau
370 3875 478 3940 clepens,
495 3875 630 3937 4444444444,
640 3877 804 3941 4444444444,
843 3877 883 3930 444
893 3879 978 3930 4444444.
989 3880 1103 3930 uocum
1114 3880 1138 3930 4.
1151 3879 1176 3930 3.
1189 3893 1216 3944 p.
1227 3879 1285 3931 3344.
1302 3879 1367 3930 l'he·

277 3949 402 4013 4444444444,
419 3962 469 4011 ouo
485 3951 805 4015 ammaonmochau-
842 3953 898 4018 spis
919 3965 968 4017 pro
991 3954 1129 4005 inventore
1152 3955 1303 4018 uagoedias
1320 3954 1367 4004 444-

278 4031 318 4076 4444
333 4030 417 4075 auster
436 4031 460 4076 et
481 4026 620 4076 dulcamen
639 4026 746 4088 44444444
761 4040 806 4078 ce·
843 4026 968 4079 bebatur.
988 4029 1028 4081 ct.
1042 4028 1137 4080 Suidas
1148 4029 1175 4080 iu
1186 4030 1250 4080 inv.
1262 4031 1367 4080 Diosco-

277 4100 392 4162 moedis,
409 4101 452 4151 aad
463 4101 539 4152 4444444
550 4101 807 4164 philosophema&-
844 4102 916 4152 rides
933 4103 1013 4154 44444.
1027 4102 1080 4154 Ρ44.
1092 4104 1111 4152 1.
1124 4116 1151 4168 p.
1164 4102 1223 4156 tat.
1235 4103 1313 4156 simili
1323 4117 1366 4154 44-

278 4175 433 4225 ereticorum
457 4175 514 4226 44444
538 4176 624 4240 referti
648 4183 714 4228 444444.
748 4178 804 4238 Qua
843 4189 905 4227 4444
922 4178 1003 4242 atque
1022 4177 1158 4228 Horatius:
1177 4178 1285 4241 Θέσκις
1303 4171 1365 4238 ὅδε,

280 4247 390 4312 quidam
414 4251 442 4300 in
465 4263 495 4301 re
518 4251 627 4302 minima
644 4251 805 4304 obliviscen·
842 4245 1176 4320 τραγικὴνὸςάνέπλασε
1184 4248 1296 4324 πρῶτος
1304 4247 1366 4304 ἀοι·

279 4322 344 4372 dum
356 4324 399 4373 444
407 4323 544 4374 Horatium
556 4335 619 4376 cum
632 4323 723 4377 Plauto
735 4338 806 4378 sem·
843 4321 896 4392 δὴν
906 4321 1062 4393 Κωμήτως
1072 4323 1365 4398 ametimos&
