<?xml version="1.0" encoding="UTF-8"?>
<!DOCTYPE html PUBLIC "-//W3C//DTD XHTML 1.0 Transitional//EN"
    "http://www.w3.org/TR/xhtml1/DTD/xhtml1-transitional.dtd">
<html xmlns="http://www.w3.org/1999/xhtml" xml:lang="en" lang="en">
 <head>
  <title>
</title>
<meta http-equiv="Content-Type" content="text/html;charset=utf-8" />
  <meta name='ocr-system' content='tesseract 3.04.00' />
  <meta name='ocr-capabilities' content='ocr_page ocr_carea ocr_par ocr_line ocrx_word'/>
</head>
<body>
  <div class='ocr_page' id='page_1' title='image "./qhoratiusflaccu01baitgoog_0541.png"; bbox 0 0 3178 4972; ppageno 0'>
   <div class='ocr_carea' id='block_1_1' title="bbox 288 417 1012 494">
    <p class='ocr_par' dir='ltr' id='par_1_1' title="bbox 288 417 1012 494">
     <span class='ocr_line' id='line_1_1' title="bbox 288 417 1012 494; baseline 0.004 -22"><span class='ocrx_word' id='word_1_1' title='bbox 288 417 351 484; x_wconf 76' lang='lat'><strong>526</strong></span> <span class='ocrx_word' id='word_1_2' title='bbox 647 418 774 471; x_wconf 85' lang='lat' dir='ltr'><strong>nomm</strong></span> <span class='ocrx_word' id='word_1_3' title='bbox 792 417 1012 494; x_wconf 77' lang='lat' dir='ltr'><strong>arrsrotmmt</strong></span> 
     </span>
    </p>
   </div>
   <div class='ocr_carea' id='block_1_2' title="bbox 327 573 1373 1027">
    <p class='ocr_par' dir='ltr' id='par_1_2' title="bbox 331 573 1229 667">
     <span class='ocr_line' id='line_1_2' title="bbox 331 573 1229 667; baseline 0.006 -27"><span class='ocrx_word' id='word_1_4' title='bbox 331 574 531 662; x_wconf 85' lang='lat' dir='ltr'><strong>Temperiem</strong></span> <span class='ocrx_word' id='word_1_5' title='bbox 554 573 677 642; x_wconf 90' lang='lat' dir='ltr'><strong>laudes.</strong></span> <span class='ocrx_word' id='word_1_6' title='bbox 722 574 822 656; x_wconf 86' lang='lat' dir='ltr'><strong>Quid,</strong></span> <span class='ocrx_word' id='word_1_7' title='bbox 848 578 875 642; x_wconf 88' lang='lat' dir='ltr'><strong>si</strong></span> <span class='ocrx_word' id='word_1_8' title='bbox 899 576 1078 644; x_wconf 79' lang='lat' dir='ltr'><strong>rubicunda</strong></span> <span class='ocrx_word' id='word_1_9' title='bbox 1099 577 1229 667; x_wconf 80' lang='lat' dir='ltr'><strong>benigni</strong></span> 
     </span>
    </p>

    <p class='ocr_par' dir='ltr' id='par_1_3' title="bbox 330 696 1251 787">
     <span class='ocr_line' id='line_1_3' title="bbox 330 696 1251 787; baseline 0.007 -24"><span class='ocrx_word' id='word_1_10' title='bbox 330 696 435 763; x_wconf 88' lang='lat' dir='ltr'><strong>Coma</strong></span> <span class='ocrx_word' id='word_1_11' title='bbox 457 717 573 784; x_wconf 88' lang='lat' dir='ltr'><strong>vepres</strong></span> <span class='ocrx_word' id='word_1_12' title='bbox 595 707 627 763; x_wconf 89' lang='lat' dir='ltr'><strong>et</strong></span> <span class='ocrx_word' id='word_1_13' title='bbox 647 713 751 784; x_wconf 89' lang='lat' dir='ltr'><strong>pruna</strong></span> <span class='ocrx_word' id='word_1_14' title='bbox 771 697 897 764; x_wconf 82' lang='grc'><strong>4444444</strong></span> <span class='ocrx_word' id='word_1_15' title='bbox 920 699 947 764; x_wconf 87' lang='grc'><strong>44</strong></span> <span class='ocrx_word' id='word_1_16' title='bbox 969 719 1112 787; x_wconf 79' lang='lat' dir='ltr'><strong>quorem</strong></span> <span class='ocrx_word' id='word_1_17' title='bbox 1135 710 1168 768; x_wconf 89' lang='lat' dir='ltr'><strong>et</strong></span> <span class='ocrx_word' id='word_1_18' title='bbox 1189 700 1251 769; x_wconf 82' lang='lat' dir='ltr'><strong>ilex</strong></span> 
     </span>
    </p>

    <p class='ocr_par' dir='ltr' id='par_1_4' title="bbox 327 816 1373 1027">
     <span class='ocr_line' id='line_1_4' title="bbox 328 816 1373 905; baseline 0.008 -23"><span class='ocrx_word' id='word_1_19' title='bbox 328 816 425 884; x_wconf 87' lang='lat' dir='ltr'><strong>Multa</strong></span> <span class='ocrx_word' id='word_1_20' title='bbox 446 818 536 905; x_wconf 82' lang='lat' dir='ltr'><strong>lruge</strong></span> <span class='ocrx_word' id='word_1_21' title='bbox 559 837 673 905; x_wconf 88' lang='lat' dir='ltr'><strong>peous,</strong></span> <span class='ocrx_word' id='word_1_22' title='bbox 697 817 797 885; x_wconf 88' lang='lat' dir='ltr'><strong>multa</strong></span> <span class='ocrx_word' id='word_1_23' title='bbox 818 819 984 886; x_wconf 89' lang='lat' dir='ltr'><strong>dominum</strong></span> <span class='ocrx_word' id='word_1_24' title='bbox 1006 821 1095 888; x_wconf 86' lang='lat' dir='ltr'><strong>iuvet</strong></span> <span class='ocrx_word' id='word_1_25' title='bbox 1116 822 1258 890; x_wconf 81' lang='lat' dir='ltr'><strong>umbra?</strong></span> <span class='ocrx_word' id='word_1_26' title='bbox 1334 825 1373 890; x_wconf 87' lang='lat' dir='ltr'><strong>to</strong></span> 
     </span>
     <span class='ocr_line' id='line_1_5' title="bbox 327 938 1155 1027; baseline 0.007 -23"><span class='ocrx_word' id='word_1_27' title='bbox 327 940 424 1006; x_wconf 83' lang='lat' dir='ltr'><strong>Dicas</strong></span> <span class='ocrx_word' id='word_1_28' title='bbox 445 938 620 1006; x_wconf 83' lang='lat' dir='ltr'><strong>adductum</strong></span> <span class='ocrx_word' id='word_1_29' title='bbox 641 940 776 1027; x_wconf 88' lang='lat' dir='ltr'><strong>propius</strong></span> <span class='ocrx_word' id='word_1_30' title='bbox 798 939 950 1008; x_wconf 83' lang='lat' dir='ltr'><strong>frondere</strong></span> <span class='ocrx_word' id='word_1_31' title='bbox 974 944 1155 1010; x_wconf 80' lang='lat' dir='ltr'><strong>Tarentum.</strong></span> 
     </span>
    </p>
   </div>
   <div class='ocr_carea' id='block_1_3' title="bbox 316 1097 1342 1466">
    <p class='ocr_par' dir='ltr' id='par_1_5' title="bbox 316 1097 1342 1466">
     <span class='ocr_line' id='line_1_6' title="bbox 351 1097 1341 1168; baseline 0.006 -15"><span class='ocrx_word' id='word_1_32' title='bbox 351 1102 375 1153; x_wconf 89' lang='lat'><strong>8.</strong></span> <span class='ocrx_word' id='word_1_33' title='bbox 388 1100 543 1150; x_wconf 75' lang='lat' dir='ltr'><strong>rubricanda</strong></span> <span class='ocrx_word' id='word_1_34' title='bbox 554 1113 578 1150; x_wconf 90' lang='grc'><strong>4.</strong></span> <span class='ocrx_word' id='word_1_35' title='bbox 589 1127 618 1138; x_wconf 94' lang='grc'>-</span> <span class='ocrx_word' id='word_1_36' title='bbox 629 1097 731 1164; x_wconf 67' lang='lat' dir='ltr'><strong>bonique</strong></span> <span class='ocrx_word' id='word_1_37' title='bbox 741 1099 779 1150; x_wconf 87' lang='lat' dir='ltr'><strong>bd</strong></span> <span class='ocrx_word' id='word_1_38' title='bbox 791 1103 817 1152; x_wconf 90' lang='grc'><strong>44</strong></span> <span class='ocrx_word' id='word_1_39' title='bbox 828 1114 869 1164; x_wconf 93' lang='lat' dir='ltr'><strong>pr.</strong></span> <span class='ocrx_word' id='word_1_40' title='bbox 883 1101 916 1162; x_wconf 85' lang='lat' dir='ltr'><strong>E,</strong></span> <span class='ocrx_word' id='word_1_41' title='bbox 929 1100 1050 1166; x_wconf 76' lang='lat' dir='ltr'><strong>plerique</strong></span> <span class='ocrx_word' id='word_1_42' title='bbox 1062 1103 1187 1166; x_wconf 85' lang='grc' dir='ltr'><strong>Ρ44444444,</strong></span> <span class='ocrx_word' id='word_1_43' title='bbox 1201 1105 1263 1168; x_wconf 82' lang='lat' dir='ltr'><strong>bct,</strong></span> <span class='ocrx_word' id='word_1_44' title='bbox 1275 1105 1341 1158; x_wconf 76' lang='lat' dir='ltr'><strong>beat</strong></span> 
     </span>
     <span class='ocr_line' id='line_1_7' title="bbox 316 1173 1342 1243; baseline 0.008 -19"><span class='ocrx_word' id='word_1_45' title='bbox 316 1189 382 1240; x_wconf 77' lang='grc'><strong>4444</strong></span> <span class='ocrx_word' id='word_1_46' title='bbox 392 1193 410 1242; x_wconf 88' lang='lat' dir='ltr'><em>y</em></span> <span class='ocrx_word' id='word_1_47' title='bbox 422 1177 449 1225; x_wconf 89' lang='grc'><strong>44</strong></span> <span class='ocrx_word' id='word_1_48' title='bbox 459 1188 500 1239; x_wconf 94' lang='lat' dir='ltr'><strong>pr.</strong></span> <span class='ocrx_word' id='word_1_49' title='bbox 510 1191 537 1236; x_wconf 85' lang='grc' dir='ltr'><strong>κ,</strong></span> <span class='ocrx_word' id='word_1_50' title='bbox 551 1175 579 1224; x_wconf 93' lang='lat'><strong>0.</strong></span> <span class='ocrx_word' id='word_1_51' title='bbox 594 1175 633 1238; x_wconf 80' lang='lat' dir='ltr'><strong>(Ui</strong></span> <span class='ocrx_word' id='word_1_52' title='bbox 644 1187 702 1236; x_wconf 92' lang='grc'><strong>444,</strong></span> <span class='ocrx_word' id='word_1_53' title='bbox 713 1176 774 1239; x_wconf 87' lang='lat' dir='ltr'><strong>Scp,</strong></span> <span class='ocrx_word' id='word_1_54' title='bbox 787 1173 825 1239; x_wconf 84' lang='grc' dir='ltr'><strong>λμ</strong></span> <span class='ocrx_word' id='word_1_55' title='bbox 835 1177 862 1225; x_wconf 89' lang='grc'><strong>44</strong></span> <span class='ocrx_word' id='word_1_56' title='bbox 871 1187 939 1224; x_wconf 84' lang='lat' dir='ltr'><strong>corr.</strong></span> <span class='ocrx_word' id='word_1_57' title='bbox 950 1177 979 1237; x_wconf 87' lang='grc' dir='ltr'><strong>Ε,</strong></span> <span class='ocrx_word' id='word_1_58' title='bbox 990 1175 1134 1238; x_wconf 83' lang='grc'><strong>4444444444,</strong></span> <span class='ocrx_word' id='word_1_59' title='bbox 1145 1178 1222 1241; x_wconf 78' lang='lat' dir='ltr'><strong>Fut.)</strong></span> <span class='ocrx_word' id='word_1_60' title='bbox 1234 1207 1261 1217; x_wconf 93' lang='lat'><em>-</em></span> <span class='ocrx_word' id='word_1_61' title='bbox 1272 1181 1297 1231; x_wconf 85' lang='lat'><strong>9.</strong></span> <span class='ocrx_word' id='word_1_62' title='bbox 1307 1182 1342 1243; x_wconf 82' lang='lat' dir='ltr'><strong>se-</strong></span> 
     </span>
     <span class='ocr_line' id='line_1_8' title="bbox 317 1247 1341 1314; baseline 0.005 -15"><span class='ocrx_word' id='word_1_63' title='bbox 317 1254 378 1300; x_wconf 80' lang='lat' dir='ltr'><strong>rant</strong></span> <span class='ocrx_word' id='word_1_64' title='bbox 387 1247 497 1314; x_wconf 86' lang='lat' dir='ltr'><strong>bSEcdp</strong></span> <span class='ocrx_word' id='word_1_65' title='bbox 510 1251 537 1298; x_wconf 88' lang='lat' dir='ltr'><strong>et</strong></span> <span class='ocrx_word' id='word_1_66' title='bbox 552 1259 645 1298; x_wconf 87' lang='lat' dir='ltr'><strong>omnes</strong></span> <span class='ocrx_word' id='word_1_67' title='bbox 657 1247 786 1310; x_wconf 84' lang='grc' dir='ltr'><strong>Ρ44444444,</strong></span> <span class='ocrx_word' id='word_1_68' title='bbox 801 1249 920 1301; x_wconf 83' lang='lat' dir='ltr'><strong>LCtTJO:</strong></span> <span class='ocrx_word' id='word_1_69' title='bbox 940 1249 1025 1314; x_wconf 71' lang='grc'><strong>444444</strong></span> <span class='ocrx_word' id='word_1_70' title='bbox 1042 1250 1176 1302; x_wconf 85' lang='grc'><strong>4444444444</strong></span> <span class='ocrx_word' id='word_1_71' title='bbox 1189 1253 1341 1304; x_wconf 85' lang='grc'><strong>4444444444</strong></span> 
     </span>
     <span class='ocr_line' id='line_1_9' title="bbox 317 1321 1338 1392; baseline 0.002 -17"><span class='ocrx_word' id='word_1_72' title='bbox 317 1328 344 1376; x_wconf 92' lang='grc'><strong>44</strong></span> <span class='ocrx_word' id='word_1_73' title='bbox 355 1325 389 1374; x_wconf 83' lang='lat' dir='ltr'><strong>ll.</strong></span> <span class='ocrx_word' id='word_1_74' title='bbox 404 1353 431 1360; x_wconf 94' lang='lat'><strong>—</strong></span> <span class='ocrx_word' id='word_1_75' title='bbox 445 1329 468 1374; x_wconf 88' lang='grc'><strong>44</strong></span> <span class='ocrx_word' id='word_1_76' title='bbox 485 1336 590 1386; x_wconf 81' lang='lat' dir='ltr'><strong>quereus</strong></span> <span class='ocrx_word' id='word_1_77' title='bbox 609 1321 689 1373; x_wconf 87' lang='lat' dir='ltr'><strong>bSed.</strong></span> <span class='ocrx_word' id='word_1_78' title='bbox 716 1321 755 1386; x_wconf 79' lang='lat' dir='ltr'><strong>(Ut</strong></span> <span class='ocrx_word' id='word_1_79' title='bbox 772 1335 834 1385; x_wconf 90' lang='grc'><strong>444,</strong></span> <span class='ocrx_word' id='word_1_80' title='bbox 853 1323 907 1388; x_wconf 87' lang='grc' dir='ltr'><strong>Ε4,</strong></span> <span class='ocrx_word' id='word_1_81' title='bbox 926 1323 953 1374; x_wconf 91' lang='lat' dir='ltr'><strong>id</strong></span> <span class='ocrx_word' id='word_1_82' title='bbox 972 1324 1044 1389; x_wconf 91' lang='lat' dir='ltr'><strong>quod</strong></span> <span class='ocrx_word' id='word_1_83' title='bbox 1062 1324 1139 1390; x_wconf 78' lang='lat' dir='ltr'><strong>longe</strong></span> <span class='ocrx_word' id='word_1_84' title='bbox 1151 1329 1290 1392; x_wconf 79' lang='lat' dir='ltr'><strong>praestat.)</strong></span> <span class='ocrx_word' id='word_1_85' title='bbox 1311 1352 1338 1365; x_wconf 95' lang='lat'><em>-</em></span> 
     </span>
     <span class='ocr_line' id='line_1_10' title="bbox 317 1397 1342 1466; baseline 0.006 -18"><span class='ocrx_word' id='word_1_86' title='bbox 317 1400 357 1449; x_wconf 87' lang='lat' dir='ltr'><strong>to.</strong></span> <span class='ocrx_word' id='word_1_87' title='bbox 375 1399 443 1448; x_wconf 87' lang='lat' dir='ltr'><strong>iuvet</strong></span> <span class='ocrx_word' id='word_1_88' title='bbox 459 1397 544 1462; x_wconf 84' lang='lat' dir='ltr'><strong>bedp,</strong></span> <span class='ocrx_word' id='word_1_89' title='bbox 566 1397 683 1448; x_wconf 72' lang='lat' dir='ltr'><strong>uetito:</strong></span> <span class='ocrx_word' id='word_1_90' title='bbox 710 1397 782 1447; x_wconf 83' lang='lat' dir='ltr'><strong>iuuat</strong></span> <span class='ocrx_word' id='word_1_91' title='bbox 798 1397 835 1448; x_wconf 86' lang='lat' dir='ltr'><strong>SE</strong></span> <span class='ocrx_word' id='word_1_92' title='bbox 853 1401 929 1448; x_wconf 85' lang='lat' dir='ltr'><strong>etex</strong></span> <span class='ocrx_word' id='word_1_93' title='bbox 948 1397 1004 1450; x_wconf 89' lang='lat' dir='ltr'><strong>aliis</strong></span> <span class='ocrx_word' id='word_1_94' title='bbox 1023 1401 1053 1466; x_wconf 70' lang='grc' dir='ltr'><strong>4ιι</strong></span> <span class='ocrx_word' id='word_1_95' title='bbox 1070 1403 1098 1450; x_wconf 89' lang='grc'><strong>44</strong></span> <span class='ocrx_word' id='word_1_96' title='bbox 1109 1399 1191 1452; x_wconf 87' lang='grc'><strong>444444</strong></span> <span class='ocrx_word' id='word_1_97' title='bbox 1209 1403 1240 1466; x_wconf 82' lang='grc' dir='ltr'><strong>φ)</strong></span> <span class='ocrx_word' id='word_1_98' title='bbox 1260 1403 1342 1454; x_wconf 85' lang='grc'><strong>44444-</strong></span> 
     </span>
    </p>
   </div>
   <div class='ocr_carea' id='block_1_4' title="bbox 234 1535 1375 4354">
    <p class='ocr_par' dir='ltr' id='par_1_6' title="bbox 234 1535 1375 4354">
     <span class='ocr_line' id='line_1_11' title="bbox 284 1535 1374 1608; baseline 0.004 -20"><span class='ocrx_word' id='word_1_99' title='bbox 284 1538 323 1588; x_wconf 89' lang='lat' dir='ltr'><strong>Ci.</strong></span> <span class='ocrx_word' id='word_1_100' title='bbox 346 1539 435 1588; x_wconf 90' lang='lat' dir='ltr'><strong>carm.</strong></span> <span class='ocrx_word' id='word_1_101' title='bbox 454 1539 513 1588; x_wconf 85' lang='lat' dir='ltr'><strong>seu.</strong></span> <span class='ocrx_word' id='word_1_102' title='bbox 527 1538 551 1587; x_wconf 87' lang='grc'><strong>9,</strong></span> <span class='ocrx_word' id='word_1_103' title='bbox 565 1565 591 1574; x_wconf 93' lang='grc'>-</span> <span class='ocrx_word' id='word_1_104' title='bbox 612 1535 724 1601; x_wconf 82' lang='lat' dir='ltr'><strong>vaporet]</strong></span> <span class='ocrx_word' id='word_1_105' title='bbox 751 1537 808 1588; x_wconf 88' lang='lat' dir='ltr'><strong>Non</strong></span> <span class='ocrx_word' id='word_1_106' title='bbox 846 1547 909 1598; x_wconf 85' lang='lat' dir='ltr'><strong>vae,</strong></span> <span class='ocrx_word' id='word_1_107' title='bbox 928 1549 998 1600; x_wconf 88' lang='lat' dir='ltr'><strong>quae</strong></span> <span class='ocrx_word' id='word_1_108' title='bbox 1015 1539 1142 1604; x_wconf 75' lang='lat' dir='ltr'><strong>saepibus</strong></span> <span class='ocrx_word' id='word_1_109' title='bbox 1157 1543 1294 1606; x_wconf 76' lang='grc'><strong>4444444444</strong></span> <span class='ocrx_word' id='word_1_110' title='bbox 1305 1541 1374 1608; x_wconf 59' lang='lat' dir='ltr'><strong>item</strong></span> 
     </span>
     <span class='ocr_line' id='line_1_12' title="bbox 250 1610 1375 1682; baseline 0.003 -19"><span class='ocrx_word' id='word_1_111' title='bbox 250 1635 252 1646; x_wconf 74' lang='lat'>=</span> <span class='ocrx_word' id='word_1_112' title='bbox 283 1617 339 1663; x_wconf 89' lang='grc'><strong>4444</strong></span> <span class='ocrx_word' id='word_1_113' title='bbox 357 1611 546 1676; x_wconf 67' lang='lat' dir='ltr'><strong>«tepefaciat»</strong></span> <span class='ocrx_word' id='word_1_114' title='bbox 565 1614 594 1661; x_wconf 91' lang='lat' dir='ltr'><strong>ut</strong></span> <span class='ocrx_word' id='word_1_115' title='bbox 605 1610 726 1675; x_wconf 83' lang='lat' dir='ltr'><strong>plerique</strong></span> <span class='ocrx_word' id='word_1_116' title='bbox 739 1611 806 1672; x_wconf 84' lang='lat' dir='ltr'><strong>[eoll.</strong></span> <span class='ocrx_word' id='word_1_117' title='bbox 846 1611 939 1673; x_wconf 87' lang='lat' dir='ltr'><strong>(Varro</strong></span> <span class='ocrx_word' id='word_1_118' title='bbox 951 1613 980 1662; x_wconf 86' lang='grc'><strong>44.</strong></span> <span class='ocrx_word' id='word_1_119' title='bbox 994 1614 1023 1663; x_wconf 84' lang='lat' dir='ltr'><strong>ii.</strong></span> <span class='ocrx_word' id='word_1_120' title='bbox 1037 1615 1061 1674; x_wconf 98' lang='grc'><strong>4,</strong></span> <span class='ocrx_word' id='word_1_121' title='bbox 1076 1613 1126 1676; x_wconf 80' lang='grc'><strong>44.)</strong></span> <span class='ocrx_word' id='word_1_122' title='bbox 1146 1617 1173 1665; x_wconf 87' lang='grc'><strong>44</strong></span> <span class='ocrx_word' id='word_1_123' title='bbox 1189 1617 1314 1668; x_wconf 87' lang='lat' dir='ltr'><strong>maceriis</strong></span> <span class='ocrx_word' id='word_1_124' title='bbox 1327 1631 1375 1682; x_wconf 96' lang='lat' dir='ltr'><strong>op-</strong></span> 
     </span>
     <span class='ocr_line' id='line_1_13' title="bbox 283 1685 1372 1752; baseline 0.003 -14"><span class='ocrx_word' id='word_1_125' title='bbox 283 1687 366 1752; x_wconf 86' lang='lat' dir='ltr'><strong>Epod.</strong></span> <span class='ocrx_word' id='word_1_126' title='bbox 381 1685 405 1748; x_wconf 84' lang='grc'><strong>3,</strong></span> <span class='ocrx_word' id='word_1_127' title='bbox 416 1688 455 1736; x_wconf 74' lang='lat' dir='ltr'><strong>lb.</strong></span> <span class='ocrx_word' id='word_1_128' title='bbox 471 1686 610 1744; x_wconf 71' lang='grc'><strong>4444442,</strong></span> <span class='ocrx_word' id='word_1_129' title='bbox 622 1686 679 1735; x_wconf 77' lang='lat' dir='ltr'><strong>tito.</strong></span> <span class='ocrx_word' id='word_1_130' title='bbox 690 1685 808 1749; x_wconf 80' lang='lat' dir='ltr'><strong>Lacum.)</strong></span> <span class='ocrx_word' id='word_1_131' title='bbox 845 1689 989 1748; x_wconf 91' lang='lat' dir='ltr'><strong>ponuntur.</strong></span> <span class='ocrx_word' id='word_1_132' title='bbox 1010 1713 1037 1723; x_wconf 91' lang='lat'><em>-</em></span> <span class='ocrx_word' id='word_1_133' title='bbox 1055 1685 1150 1750; x_wconf 73' lang='grc'><strong>444444]</strong></span> <span class='ocrx_word' id='word_1_134' title='bbox 1174 1689 1338 1740; x_wconf 85' lang='lat' dir='ltr'><strong>Coniunctivi</strong></span> <span class='ocrx_word' id='word_1_135' title='bbox 1357 1705 1372 1741; x_wconf 89' lang='lat' dir='ltr'><strong>a</strong></span> 
     </span>
     <span class='ocr_line' id='line_1_14' title="bbox 283 1757 1374 1828; baseline 0.002 -16"><span class='ocrx_word' id='word_1_136' title='bbox 283 1761 428 1827; x_wconf 81' lang='lat' dir='ltr'><strong>explicant,</strong></span> <span class='ocrx_word' id='word_1_137' title='bbox 453 1759 658 1825; x_wconf 81' lang='lat' dir='ltr'><strong>quamproprie</strong></span> <span class='ocrx_word' id='word_1_138' title='bbox 675 1759 809 1824; x_wconf 78' lang='lat' dir='ltr'><strong>signifiea—</strong></span> <span class='ocrx_word' id='word_1_139' title='bbox 846 1757 929 1808; x_wconf 90' lang='lat' dir='ltr'><strong>Codd.</strong></span> <span class='ocrx_word' id='word_1_140' title='bbox 949 1759 1045 1810; x_wconf 81' lang='lat' dir='ltr'><strong>firmati</strong></span> <span class='ocrx_word' id='word_1_141' title='bbox 1068 1761 1120 1812; x_wconf 87' lang='lat' dir='ltr'><strong>hoo</strong></span> <span class='ocrx_word' id='word_1_142' title='bbox 1144 1760 1202 1812; x_wconf 90' lang='grc'><strong>4444</strong></span> <span class='ocrx_word' id='word_1_143' title='bbox 1226 1764 1306 1814; x_wconf 85' lang='lat' dir='ltr'><strong>etiam</strong></span> <span class='ocrx_word' id='word_1_144' title='bbox 1324 1775 1374 1828; x_wconf 86' lang='lat' dir='ltr'><strong>per</strong></span> 
     </span>
     <span class='ocr_line' id='line_1_15' title="bbox 251 1833 1371 1900; baseline 0.005 -17"><span class='ocrx_word' id='word_1_145' title='bbox 251 1876 252 1883; x_wconf 72' lang='grc'>,</span> <span class='ocrx_word' id='word_1_146' title='bbox 283 1837 368 1896; x_wconf 89' lang='grc'><strong>44444,</strong></span> <span class='ocrx_word' id='word_1_147' title='bbox 388 1849 503 1900; x_wconf 79' lang='lat' dir='ltr'><strong>«vapore</strong></span> <span class='ocrx_word' id='word_1_148' title='bbox 516 1833 648 1885; x_wconf 76' lang='lat' dir='ltr'><strong>obducat»</strong></span> <span class='ocrx_word' id='word_1_149' title='bbox 666 1835 808 1898; x_wconf 79' lang='grc'><strong>(444444444-</strong></span> <span class='ocrx_word' id='word_1_150' title='bbox 845 1843 875 1881; x_wconf 89' lang='grc'><strong>44</strong></span> <span class='ocrx_word' id='word_1_151' title='bbox 893 1833 1009 1896; x_wconf 74' lang='lat' dir='ltr'><strong>aptiores</strong></span> <span class='ocrx_word' id='word_1_152' title='bbox 1032 1837 1108 1896; x_wconf 90' lang='lat' dir='ltr'><strong>suut,</strong></span> <span class='ocrx_word' id='word_1_153' title='bbox 1136 1847 1199 1886; x_wconf 84' lang='lat' dir='ltr'><strong>oum</strong></span> <span class='ocrx_word' id='word_1_154' title='bbox 1216 1850 1276 1888; x_wconf 89' lang='lat' dir='ltr'><strong>eam</strong></span> <span class='ocrx_word' id='word_1_155' title='bbox 1294 1837 1371 1890; x_wconf 87' lang='lat' dir='ltr'><strong>villae</strong></span> 
     </span>
     <span class='ocr_line' id='line_1_16' title="bbox 281 1907 1369 1976; baseline 0.002 -15"><span class='ocrx_word' id='word_1_156' title='bbox 281 1911 404 1976; x_wconf 68' lang='grc'><strong>4444444</strong></span> <span class='ocrx_word' id='word_1_157' title='bbox 413 1911 442 1960; x_wconf 90' lang='grc'><strong>444</strong></span> <span class='ocrx_word' id='word_1_158' title='bbox 451 1911 555 1975; x_wconf 85' lang='grc'><strong>4444444</strong></span> <span class='ocrx_word' id='word_1_159' title='bbox 566 1909 616 1960; x_wconf 92' lang='lat' dir='ltr'><strong>sub</strong></span> <span class='ocrx_word' id='word_1_160' title='bbox 627 1908 806 1960; x_wconf 82' lang='lat' dir='ltr'><strong>caeloltalloo.</strong></span> <span class='ocrx_word' id='word_1_161' title='bbox 845 1907 1004 1958; x_wconf 76' lang='lat' dir='ltr'><strong>Horatianus</strong></span> <span class='ocrx_word' id='word_1_162' title='bbox 1022 1911 1155 1973; x_wconf 85' lang='lat' dir='ltr'><strong>speeiem,</strong></span> <span class='ocrx_word' id='word_1_163' title='bbox 1180 1923 1249 1974; x_wconf 88' lang='lat' dir='ltr'><strong>quae</strong></span> <span class='ocrx_word' id='word_1_164' title='bbox 1268 1911 1309 1962; x_wconf 87' lang='lat' dir='ltr'><strong>his</strong></span> <span class='ocrx_word' id='word_1_165' title='bbox 1326 1925 1369 1963; x_wconf 81' lang='lat' dir='ltr'><strong>vv.</strong></span> 
     </span>
     <span class='ocr_line' id='line_1_17' title="bbox 314 1979 1373 2048; baseline 0.002 -13"><span class='ocrx_word' id='word_1_166' title='bbox 314 1987 386 2036; x_wconf 89' lang='grc'><strong>8-44.</strong></span> <span class='ocrx_word' id='word_1_167' title='bbox 414 1985 490 2047; x_wconf 81' lang='lat' dir='ltr'><strong>Quid,</strong></span> <span class='ocrx_word' id='word_1_168' title='bbox 508 1984 608 2048; x_wconf 84' lang='grc'><strong>44444]</strong></span> <span class='ocrx_word' id='word_1_169' title='bbox 628 1983 710 2044; x_wconf 72' lang='lat' dir='ltr'><strong>«Quid</strong></span> <span class='ocrx_word' id='word_1_170' title='bbox 723 1983 805 2044; x_wconf 81' lang='lat' dir='ltr'><strong>dices,</strong></span> <span class='ocrx_word' id='word_1_171' title='bbox 846 1979 922 2032; x_wconf 84' lang='lat' dir='ltr'><strong>leolis</strong></span> <span class='ocrx_word' id='word_1_172' title='bbox 934 1983 1039 2042; x_wconf 87' lang='lat' dir='ltr'><strong>Quintio</strong></span> <span class='ocrx_word' id='word_1_173' title='bbox 1056 1987 1117 2033; x_wconf 87' lang='grc'><strong>4444</strong></span> <span class='ocrx_word' id='word_1_174' title='bbox 1136 1984 1228 2036; x_wconf 89' lang='grc'><strong>444444</strong></span> <span class='ocrx_word' id='word_1_175' title='bbox 1241 1989 1314 2037; x_wconf 91' lang='grc'><strong>44444</strong></span> <span class='ocrx_word' id='word_1_176' title='bbox 1325 1987 1373 2037; x_wconf 91' lang='lat' dir='ltr'><strong>ob-</strong></span> 
     </span>
     <span class='ocr_line' id='line_1_18' title="bbox 281 2057 1372 2122; baseline 0.001 -12"><span class='ocrx_word' id='word_1_177' title='bbox 281 2061 303 2111; x_wconf 87' lang='lat' dir='ltr'><strong>si</strong></span> <span class='ocrx_word' id='word_1_178' title='bbox 320 2059 367 2110; x_wconf 90' lang='lat' dir='ltr'><strong>tibi</strong></span> <span class='ocrx_word' id='word_1_179' title='bbox 386 2057 505 2110; x_wconf 88' lang='lat' dir='ltr'><strong>scribam</strong></span> <span class='ocrx_word' id='word_1_180' title='bbox 522 2071 619 2122; x_wconf 89' lang='lat' dir='ltr'><strong>vepres</strong></span> <span class='ocrx_word' id='word_1_181' title='bbox 637 2057 707 2109; x_wconf 91' lang='grc'><strong>44444</strong></span> <span class='ocrx_word' id='word_1_182' title='bbox 726 2071 806 2108; x_wconf 87' lang='lat' dir='ltr'><strong>corna</strong></span> <span class='ocrx_word' id='word_1_183' title='bbox 846 2059 996 2118; x_wconf 84' lang='lat' dir='ltr'><strong>versatum,</strong></span> <span class='ocrx_word' id='word_1_184' title='bbox 1016 2057 1174 2120; x_wconf 73' lang='lat' dir='ltr'><strong>significent.</strong></span> <span class='ocrx_word' id='word_1_185' title='bbox 1191 2087 1217 2095; x_wconf 94' lang='lat'><em>-</em></span> <span class='ocrx_word' id='word_1_186' title='bbox 1232 2067 1372 2122; x_wconf 75' lang='grc'><strong>4444444444</strong></span> 
     </span>
     <span class='ocr_line' id='line_1_19' title="bbox 281 2129 1372 2196; baseline 0 -11"><span class='ocrx_word' id='word_1_187' title='bbox 281 2137 410 2186; x_wconf 78' lang='grc'><strong>44444-</strong></span> <span class='ocrx_word' id='word_1_188' title='bbox 430 2133 536 2196; x_wconf 75' lang='lat' dir='ltr'><strong>benique]</strong></span> <span class='ocrx_word' id='word_1_189' title='bbox 563 2131 681 2195; x_wconf 64' lang='grc'><strong>41443444</strong></span> <span class='ocrx_word' id='word_1_190' title='bbox 704 2133 738 2183; x_wconf 87' lang='lat' dir='ltr'><strong>ci.</strong></span> <span class='ocrx_word' id='word_1_191' title='bbox 757 2132 805 2182; x_wconf 90' lang='lat' dir='ltr'><strong>Od.</strong></span> <span class='ocrx_word' id='word_1_192' title='bbox 844 2129 903 2194; x_wconf 75' lang='grc'><strong>44444]</strong></span> <span class='ocrx_word' id='word_1_193' title='bbox 932 2131 1084 2181; x_wconf 82' lang='lat' dir='ltr'><strong>Sommer-</strong></span> <span class='ocrx_word' id='word_1_194' title='bbox 1111 2134 1173 2182; x_wconf 77' lang='lat' dir='ltr'><strong>uno</strong></span> <span class='ocrx_word' id='word_1_195' title='bbox 1200 2133 1372 2186; x_wconf 81' lang='grc'><strong>8444444444</strong></span> 
     </span>
     <span class='ocr_line' id='line_1_20' title="bbox 281 2205 1372 2271; baseline 0.001 -13"><span class='ocrx_word' id='word_1_196' title='bbox 281 2210 305 2268; x_wconf 87' lang='grc'><strong>4,</strong></span> <span class='ocrx_word' id='word_1_197' title='bbox 320 2211 360 2268; x_wconf 79' lang='lat' dir='ltr'><strong>tn,</strong></span> <span class='ocrx_word' id='word_1_198' title='bbox 375 2210 414 2258; x_wconf 85' lang='grc'><strong>444.</strong></span> <span class='ocrx_word' id='word_1_199' title='bbox 433 2207 480 2258; x_wconf 80' lang='lat' dir='ltr'><strong>niu</strong></span> <span class='ocrx_word' id='word_1_200' title='bbox 498 2207 631 2271; x_wconf 81' lang='grc'><strong>44444444,</strong></span> <span class='ocrx_word' id='word_1_201' title='bbox 650 2209 680 2256; x_wconf 96' lang='grc'><strong>44</strong></span> <span class='ocrx_word' id='word_1_202' title='bbox 693 2210 734 2257; x_wconf 92' lang='grc'><strong>444</strong></span> <span class='ocrx_word' id='word_1_203' title='bbox 745 2219 805 2269; x_wconf 81' lang='lat' dir='ltr'><strong>gen.</strong></span> <span class='ocrx_word' id='word_1_204' title='bbox 845 2205 957 2264; x_wconf 71' lang='lat' dir='ltr'><strong>rassorn</strong></span> <span class='ocrx_word' id='word_1_205' title='bbox 974 2205 1028 2255; x_wconf 78' lang='lat' dir='ltr'><strong>(ier</strong></span> <span class='ocrx_word' id='word_1_206' title='bbox 1039 2205 1372 2259; x_wconf 80' lang='grc'><strong>44444444444444444444·</strong></span> 
     </span>
     <span class='ocr_line' id='line_1_21' title="bbox 281 2273 1371 2346; baseline 0.001 -12"><span class='ocrx_word' id='word_1_207' title='bbox 281 2283 343 2334; x_wconf 90' lang='lat' dir='ltr'><strong>iem.</strong></span> <span class='ocrx_word' id='word_1_208' title='bbox 355 2283 459 2332; x_wconf 85' lang='lat' dir='ltr'><strong>Lucret.</strong></span> <span class='ocrx_word' id='word_1_209' title='bbox 469 2281 492 2341; x_wconf 88' lang='grc'><strong>4,</strong></span> <span class='ocrx_word' id='word_1_210' title='bbox 502 2281 542 2330; x_wconf 72' lang='grc'><strong>64.</strong></span> <span class='ocrx_word' id='word_1_211' title='bbox 553 2280 662 2330; x_wconf 87' lang='lat' dir='ltr'><strong>Laebm.</strong></span> <span class='ocrx_word' id='word_1_212' title='bbox 672 2273 806 2344; x_wconf 81' lang='lat' dir='ltr'><strong>vepribus</strong></span> <span class='ocrx_word' id='word_1_213' title='bbox 844 2277 920 2328; x_wconf 88' lang='lat' dir='ltr'><strong>Voss.</strong></span> <span class='ocrx_word' id='word_1_214' title='bbox 936 2303 965 2315; x_wconf 88' lang='lat'><em>-</em></span> <span class='ocrx_word' id='word_1_215' title='bbox 982 2279 1065 2343; x_wconf 73' lang='grc'><strong>444444]</strong></span> <span class='ocrx_word' id='word_1_216' title='bbox 1084 2281 1277 2343; x_wconf 62' lang='lat' dir='ltr'><strong>prostrantur</strong></span> <span class='ocrx_word' id='word_1_217' title='bbox 1296 2282 1371 2346; x_wconf 80' lang='lat' dir='ltr'><strong>glan-</strong></span> 
     </span>
     <span class='ocr_line' id='line_1_22' title="bbox 280 2349 1370 2422; baseline 0.002 -15"><span class='ocrx_word' id='word_1_218' title='bbox 280 2358 345 2422; x_wconf 88' lang='lat' dir='ltr'><strong>ipsis</strong></span> <span class='ocrx_word' id='word_1_219' title='bbox 371 2356 439 2406; x_wconf 86' lang='lat' dir='ltr'><strong>hane</strong></span> <span class='ocrx_word' id='word_1_220' title='bbox 465 2355 612 2418; x_wconf 80' lang='lat' dir='ltr'><strong>largitatem</strong></span> <span class='ocrx_word' id='word_1_221' title='bbox 638 2353 716 2405; x_wconf 87' lang='lat' dir='ltr'><strong>tribui</strong></span> <span class='ocrx_word' id='word_1_222' title='bbox 740 2367 805 2405; x_wconf 90' lang='lat' dir='ltr'><strong>sane</strong></span> <span class='ocrx_word' id='word_1_223' title='bbox 843 2349 932 2415; x_wconf 86' lang='lat' dir='ltr'><strong>dibus,</strong></span> <span class='ocrx_word' id='word_1_224' title='bbox 943 2353 1040 2416; x_wconf 88' lang='lat' dir='ltr'><strong>quibos</strong></span> <span class='ocrx_word' id='word_1_225' title='bbox 1049 2355 1124 2418; x_wconf 87' lang='lat' dir='ltr'><strong>porci</strong></span> <span class='ocrx_word' id='word_1_226' title='bbox 1133 2358 1289 2418; x_wconf 84' lang='lat' dir='ltr'><strong>pascuntur.</strong></span> <span class='ocrx_word' id='word_1_227' title='bbox 1302 2357 1370 2409; x_wconf 79' lang='lat' dir='ltr'><strong>stibi</strong></span> 
     </span>
     <span class='ocr_line' id='line_1_23' title="bbox 234 2425 1368 2500; baseline 0 -19"><span class='ocrx_word' id='word_1_228' title='bbox 234 2469 239 2480; x_wconf 82' lang='grc'><strong>.</strong></span> <span class='ocrx_word' id='word_1_229' title='bbox 280 2425 504 2500; x_wconf 77' lang='grc' dir='ltr'><strong><em>ποιητικώτερον</em></strong></span> <span class='ocrx_word' id='word_1_230' title='bbox 528 2431 571 2478; x_wconf 87' lang='grc'><strong>444</strong></span> <span class='ocrx_word' id='word_1_231' title='bbox 593 2441 674 2492; x_wconf 88' lang='lat' dir='ltr'><strong>quum</strong></span> <span class='ocrx_word' id='word_1_232' title='bbox 692 2427 804 2479; x_wconf 86' lang='lat' dir='ltr'><strong>allorum</strong></span> <span class='ocrx_word' id='word_1_233' title='bbox 842 2437 907 2474; x_wconf 87' lang='lat' dir='ltr'><strong>sane</strong></span> <span class='ocrx_word' id='word_1_234' title='bbox 925 2425 1014 2489; x_wconf 81' lang='lat' dir='ltr'><strong>iruges</strong></span> <span class='ocrx_word' id='word_1_235' title='bbox 1031 2427 1172 2490; x_wconf 76' lang='lat' dir='ltr'><strong>glandibus</strong></span> <span class='ocrx_word' id='word_1_236' title='bbox 1190 2433 1368 2493; x_wconf 88' lang='lat' dir='ltr'><strong>opponuntur.</strong></span> 
     </span>
     <span class='ocr_line' id='line_1_24' title="bbox 280 2499 1370 2570; baseline -0.001 -14"><span class='ocrx_word' id='word_1_237' title='bbox 280 2505 390 2570; x_wconf 80' lang='grc'><strong>4444444.</strong></span> <span class='ocrx_word' id='word_1_238' title='bbox 418 2505 460 2554; x_wconf 88' lang='lat' dir='ltr'><strong>Sic</strong></span> <span class='ocrx_word' id='word_1_239' title='bbox 479 2503 554 2553; x_wconf 85' lang='lat' dir='ltr'><strong>ovid.</strong></span> <span class='ocrx_word' id='word_1_240' title='bbox 572 2506 631 2552; x_wconf 78' lang='lat' dir='ltr'><strong>Am.</strong></span> <span class='ocrx_word' id='word_1_241' title='bbox 652 2504 678 2564; x_wconf 89' lang='grc'><strong>4,</strong></span> <span class='ocrx_word' id='word_1_242' title='bbox 699 2503 802 2563; x_wconf 56' lang='lat' dir='ltr'><strong>tubo:</strong></span> <span class='ocrx_word' id='word_1_243' title='bbox 843 2499 1081 2560; x_wconf 66' lang='lat' dir='ltr'><strong>cisoranum:</strong></span> <span class='ocrx_word' id='word_1_244' title='bbox 1105 2504 1370 2564; x_wconf 79' lang='lat' dir='ltr'><strong>Qoaeestuutemin</strong></span> 
     </span>
     <span class='ocr_line' id='line_1_25' title="bbox 278 2571 1369 2641; baseline -0.003 -10"><span class='ocrx_word' id='word_1_245' title='bbox 278 2579 399 2632; x_wconf 67' lang='lat' dir='ltr'><strong>beateae</strong></span> <span class='ocrx_word' id='word_1_246' title='bbox 409 2579 504 2628; x_wconf 77' lang='lat' dir='ltr'><strong>Alcinoi</strong></span> <span class='ocrx_word' id='word_1_247' title='bbox 512 2591 591 2640; x_wconf 83' lang='lat' dir='ltr'><strong>pomo</strong></span> <span class='ocrx_word' id='word_1_248' title='bbox 603 2575 722 2641; x_wconf 78' lang='grc'><strong>4444444444</strong></span> <span class='ocrx_word' id='word_1_249' title='bbox 732 2591 802 2641; x_wconf 76' lang='lat' dir='ltr'><strong>uper.</strong></span> <span class='ocrx_word' id='word_1_250' title='bbox 841 2571 980 2624; x_wconf 72' lang='lat' dir='ltr'><strong>bominibus</strong></span> <span class='ocrx_word' id='word_1_251' title='bbox 995 2579 1069 2624; x_wconf 84' lang='grc'><strong>44444</strong></span> <span class='ocrx_word' id='word_1_252' title='bbox 1088 2577 1255 2639; x_wconf 70' lang='grc'><strong>4444444444,</strong></span> <span class='ocrx_word' id='word_1_253' title='bbox 1284 2583 1312 2628; x_wconf 80' lang='grc'><strong>444</strong></span> <span class='ocrx_word' id='word_1_254' title='bbox 1327 2580 1369 2628; x_wconf 83' lang='lat' dir='ltr'><strong>in·</strong></span> 
     </span>
     <span class='ocr_line' id='line_1_26' title="bbox 280 2649 1370 2719; baseline -0.003 -14"><span class='ocrx_word' id='word_1_255' title='bbox 280 2655 455 2719; x_wconf 86' lang='lat' dir='ltr'><strong>opponuntur</strong></span> <span class='ocrx_word' id='word_1_256' title='bbox 471 2651 741 2716; x_wconf 72' lang='lat' dir='ltr'><strong>coitesmoiiquivirg.</strong></span> <span class='ocrx_word' id='word_1_257' title='bbox 756 2655 802 2703; x_wconf 88' lang='lat' dir='ltr'><strong>Ge.</strong></span> <span class='ocrx_word' id='word_1_258' title='bbox 839 2649 919 2697; x_wconf 82' lang='grc'><strong>444444</strong></span> <span class='ocrx_word' id='word_1_259' title='bbox 949 2649 1066 2713; x_wconf 74' lang='grc'><strong>[4444444</strong></span> <span class='ocrx_word' id='word_1_260' title='bbox 1094 2651 1187 2714; x_wconf 81' lang='grc'><strong>4444444</strong></span> <span class='ocrx_word' id='word_1_261' title='bbox 1214 2652 1370 2702; x_wconf 79' lang='lat' dir='ltr'><strong>naseuntur?</strong></span> 
     </span>
     <span class='ocr_line' id='line_1_27' title="bbox 278 2719 1366 2788; baseline -0.005 -8"><span class='ocrx_word' id='word_1_262' title='bbox 278 2728 371 2788; x_wconf 64' lang='lat'><strong>2⁴79.</strong></span> <span class='ocrx_word' id='word_1_263' title='bbox 391 2729 517 2778; x_wconf 87' lang='lat' dir='ltr'><strong>Ceterum</strong></span> <span class='ocrx_word' id='word_1_264' title='bbox 529 2727 563 2777; x_wconf 89' lang='lat' dir='ltr'><strong>de</strong></span> <span class='ocrx_word' id='word_1_265' title='bbox 572 2739 653 2776; x_wconf 89' lang='lat' dir='ltr'><strong>aurea</strong></span> <span class='ocrx_word' id='word_1_266' title='bbox 665 2725 804 2776; x_wconf 91' lang='lat' dir='ltr'><strong>bominum</strong></span> <span class='ocrx_word' id='word_1_267' title='bbox 842 2719 894 2770; x_wconf 81' lang='lat' dir='ltr'><strong>Cir.</strong></span> <span class='ocrx_word' id='word_1_268' title='bbox 916 2721 1012 2774; x_wconf 83' lang='lat' dir='ltr'><strong>Paulus</strong></span> <span class='ocrx_word' id='word_1_269' title='bbox 1032 2724 1058 2774; x_wconf 90' lang='lat' dir='ltr'><strong>iu</strong></span> <span class='ocrx_word' id='word_1_270' title='bbox 1079 2725 1135 2787; x_wconf 78' lang='lat' dir='ltr'><strong>Dig.</strong></span> <span class='ocrx_word' id='word_1_271' title='bbox 1154 2725 1200 2786; x_wconf 81' lang='lat' dir='ltr'><strong>bo,</strong></span> <span class='ocrx_word' id='word_1_272' title='bbox 1219 2726 1264 2786; x_wconf 88' lang='grc'><strong>46,</strong></span> <span class='ocrx_word' id='word_1_273' title='bbox 1282 2727 1322 2777; x_wconf 82' lang='grc'><strong>47.</strong></span> <span class='ocrx_word' id='word_1_274' title='bbox 1339 2753 1366 2764; x_wconf 90' lang='lat'><em>-</em></span> 
     </span>
     <span class='ocr_line' id='line_1_28' title="bbox 279 2795 1368 2864; baseline -0.004 -10"><span class='ocrx_word' id='word_1_275' title='bbox 279 2805 366 2854; x_wconf 87' lang='lat' dir='ltr'><strong>aetate</strong></span> <span class='ocrx_word' id='word_1_276' title='bbox 383 2802 427 2853; x_wconf 88' lang='lat' dir='ltr'><strong>bie</strong></span> <span class='ocrx_word' id='word_1_277' title='bbox 443 2803 485 2851; x_wconf 88' lang='lat' dir='ltr'><strong>vix</strong></span> <span class='ocrx_word' id='word_1_278' title='bbox 502 2801 636 2864; x_wconf 78' lang='lat' dir='ltr'><strong>cogitavit,</strong></span> <span class='ocrx_word' id='word_1_279' title='bbox 656 2813 744 2864; x_wconf 87' lang='lat' dir='ltr'><strong>neque</strong></span> <span class='ocrx_word' id='word_1_280' title='bbox 755 2801 805 2863; x_wconf 81' lang='lat' dir='ltr'><strong>igi-</strong></span> <span class='ocrx_word' id='word_1_281' title='bbox 837 2795 922 2860; x_wconf 77' lang='grc'><strong>44444]</strong></span> <span class='ocrx_word' id='word_1_282' title='bbox 941 2797 1026 2846; x_wconf 82' lang='lat' dir='ltr'><strong>Etiam</strong></span> <span class='ocrx_word' id='word_1_283' title='bbox 1043 2796 1188 2848; x_wconf 78' lang='lat' dir='ltr'><strong>Columella</strong></span> <span class='ocrx_word' id='word_1_284' title='bbox 1201 2799 1229 2860; x_wconf 81' lang='lat'><strong>7,</strong></span> <span class='ocrx_word' id='word_1_285' title='bbox 1246 2798 1275 2859; x_wconf 83' lang='lat'><strong>9,</strong></span> <span class='ocrx_word' id='word_1_286' title='bbox 1290 2799 1314 2849; x_wconf 82' lang='grc'><strong>4.</strong></span> <span class='ocrx_word' id='word_1_287' title='bbox 1333 2799 1368 2850; x_wconf 88' lang='lat' dir='ltr'><strong>de</strong></span> 
     </span>
     <span class='ocr_line' id='line_1_29' title="bbox 278 2871 1368 2938; baseline -0.004 -11"><span class='ocrx_word' id='word_1_288' title='bbox 278 2879 322 2928; x_wconf 89' lang='grc'><strong>444</strong></span> <span class='ocrx_word' id='word_1_289' title='bbox 346 2889 437 2927; x_wconf 91' lang='lat' dir='ltr'><strong>meum</strong></span> <span class='ocrx_word' id='word_1_290' title='bbox 462 2876 572 2926; x_wconf 84' lang='grc'><strong>44444444</strong></span> <span class='ocrx_word' id='word_1_291' title='bbox 597 2875 804 2938; x_wconf 84' lang='lat' dir='ltr'><strong>Doeringianum</strong></span> <span class='ocrx_word' id='word_1_292' title='bbox 842 2871 930 2934; x_wconf 87' lang='lat' dir='ltr'><strong>porois</strong></span> <span class='ocrx_word' id='word_1_293' title='bbox 948 2873 1060 2935; x_wconf 79' lang='lat' dir='ltr'><strong>usurpat</strong></span> <span class='ocrx_word' id='word_1_294' title='bbox 1076 2884 1119 2921; x_wconf 83' lang='lat' dir='ltr'><strong>vv.</strong></span> <span class='ocrx_word' id='word_1_295' title='bbox 1138 2885 1215 2934; x_wconf 83' lang='grc'><strong>44444</strong></span> <span class='ocrx_word' id='word_1_296' title='bbox 1230 2874 1284 2923; x_wconf 86' lang='grc'><strong>444.</strong></span> <span class='ocrx_word' id='word_1_297' title='bbox 1313 2872 1368 2923; x_wconf 89' lang='lat' dir='ltr'><strong>lbi-</strong></span> 
     </span>
     <span class='ocr_line' id='line_1_30' title="bbox 277 2945 1367 3013; baseline -0.001 -12"><span class='ocrx_word' id='word_1_298' title='bbox 277 2950 354 3002; x_wconf 88' lang='lat' dir='ltr'><strong>illud:</strong></span> <span class='ocrx_word' id='word_1_299' title='bbox 382 2952 466 3013; x_wconf 78' lang='lat' dir='ltr'><strong>«Ergo</strong></span> <span class='ocrx_word' id='word_1_300' title='bbox 484 2951 607 3001; x_wconf 84' lang='lat' dir='ltr'><strong>Horatius</strong></span> <span class='ocrx_word' id='word_1_301' title='bbox 624 2951 651 3000; x_wconf 97' lang='grc'><strong>44</strong></span> <span class='ocrx_word' id='word_1_302' title='bbox 667 2947 728 2999; x_wconf 87' lang='lat' dir='ltr'><strong>villa</strong></span> <span class='ocrx_word' id='word_1_303' title='bbox 744 2961 802 3010; x_wconf 86' lang='grc'><strong>444,</strong></span> <span class='ocrx_word' id='word_1_304' title='bbox 841 2945 905 2996; x_wconf 83' lang='lat' dir='ltr'><strong>dem</strong></span> <span class='ocrx_word' id='word_1_305' title='bbox 921 2947 1045 3008; x_wconf 83' lang='lat' dir='ltr'><strong>Nernorn,</strong></span> <span class='ocrx_word' id='word_1_306' title='bbox 1070 2948 1168 3010; x_wconf 89' lang='lat' dir='ltr'><strong>inquit,</strong></span> <span class='ocrx_word' id='word_1_307' title='bbox 1187 2953 1244 2997; x_wconf 81' lang='grc'><strong>44444</strong></span> <span class='ocrx_word' id='word_1_308' title='bbox 1261 2948 1367 3013; x_wconf 81' lang='lat' dir='ltr'><strong>(porcis)</strong></span> 
     </span>
     <span class='ocr_line' id='line_1_31' title="bbox 277 3020 1369 3089; baseline -0.002 -14"><span class='ocrx_word' id='word_1_309' title='bbox 277 3025 325 3075; x_wconf 92' lang='lat' dir='ltr'><strong>ubi</strong></span> <span class='ocrx_word' id='word_1_310' title='bbox 341 3037 438 3089; x_wconf 86' lang='lat' dir='ltr'><strong>vepres</strong></span> <span class='ocrx_word' id='word_1_311' title='bbox 449 3023 599 3076; x_wconf 89' lang='lat' dir='ltr'><strong>rubicunda</strong></span> <span class='ocrx_word' id='word_1_312' title='bbox 611 3037 692 3074; x_wconf 86' lang='lat' dir='ltr'><strong>corna</strong></span> <span class='ocrx_word' id='word_1_313' title='bbox 706 3027 732 3073; x_wconf 90' lang='lat' dir='ltr'><strong>et</strong></span> <span class='ocrx_word' id='word_1_314' title='bbox 743 3035 805 3087; x_wconf 87' lang='lat' dir='ltr'><strong>pru-</strong></span> <span class='ocrx_word' id='word_1_315' title='bbox 840 3020 1369 3082; x_wconf 66' lang='lat' dir='ltr'><strong>cuwentmtostmopoaeoentostorqoer·</strong></span> 
     </span>
     <span class='ocr_line' id='line_1_32' title="bbox 278 3094 1368 3162; baseline -0.004 -12"><span class='ocrx_word' id='word_1_316' title='bbox 278 3111 312 3150; x_wconf 91' lang='lat' dir='ltr'><strong>ua</strong></span> <span class='ocrx_word' id='word_1_317' title='bbox 325 3099 460 3160; x_wconf 80' lang='grc'><strong>44444444,</strong></span> <span class='ocrx_word' id='word_1_318' title='bbox 479 3113 577 3150; x_wconf 89' lang='lat' dir='ltr'><strong>aureae</strong></span> <span class='ocrx_word' id='word_1_319' title='bbox 589 3099 683 3149; x_wconf 88' lang='lat' dir='ltr'><strong>aetatis</strong></span> <span class='ocrx_word' id='word_1_320' title='bbox 695 3099 803 3162; x_wconf 75' lang='lat' dir='ltr'><strong>vestigia</strong></span> <span class='ocrx_word' id='word_1_321' title='bbox 840 3106 880 3155; x_wconf 83' lang='lat' dir='ltr'><strong>cu,</strong></span> <span class='ocrx_word' id='word_1_322' title='bbox 893 3094 992 3155; x_wconf 82' lang='grc'><strong>444444,</strong></span> <span class='ocrx_word' id='word_1_323' title='bbox 1004 3096 1078 3158; x_wconf 77' lang='lat' dir='ltr'><strong>sepo,</strong></span> <span class='ocrx_word' id='word_1_324' title='bbox 1095 3097 1187 3157; x_wconf 77' lang='grc'><strong>444444,</strong></span> <span class='ocrx_word' id='word_1_325' title='bbox 1201 3095 1306 3157; x_wconf 77' lang='grc'><strong>44444444,</strong></span> <span class='ocrx_word' id='word_1_326' title='bbox 1319 3097 1368 3146; x_wconf 85' lang='grc'><strong>444-</strong></span> 
     </span>
     <span class='ocr_line' id='line_1_33' title="bbox 278 3170 1367 3238; baseline -0.002 -14"><span class='ocrx_word' id='word_1_327' title='bbox 278 3172 489 3238; x_wconf 85' lang='lat' dir='ltr'><strong>deprehendisse</strong></span> <span class='ocrx_word' id='word_1_328' title='bbox 501 3174 618 3232; x_wconf 69' lang='lat' dir='ltr'><strong>videtum</strong></span> <span class='ocrx_word' id='word_1_329' title='bbox 633 3173 702 3236; x_wconf 78' lang='lat' dir='ltr'><strong>Virg.</strong></span> <span class='ocrx_word' id='word_1_330' title='bbox 713 3171 801 3234; x_wconf 79' lang='lat' dir='ltr'><strong>Eclog.</strong></span> <span class='ocrx_word' id='word_1_331' title='bbox 840 3171 923 3218; x_wconf 76' lang='grc'><strong>444444.</strong></span> <span class='ocrx_word' id='word_1_332' title='bbox 939 3195 967 3206; x_wconf 90' lang='grc'>-</span> <span class='ocrx_word' id='word_1_333' title='bbox 987 3170 1128 3234; x_wconf 74' lang='grc'><strong>4444444444]</strong></span> <span class='ocrx_word' id='word_1_334' title='bbox 1150 3173 1225 3220; x_wconf 83' lang='grc'><strong>44444</strong></span> <span class='ocrx_word' id='word_1_335' title='bbox 1242 3171 1308 3221; x_wconf 84' lang='lat' dir='ltr'><strong>situs</strong></span> <span class='ocrx_word' id='word_1_336' title='bbox 1325 3175 1367 3222; x_wconf 89' lang='grc'><strong>444</strong></span> 
     </span>
     <span class='ocr_line' id='line_1_34' title="bbox 277 3243 1364 3309; baseline -0.005 -12"><span class='ocrx_word' id='word_1_337' title='bbox 277 3246 302 3308; x_wconf 86' lang='grc'><strong>4,</strong></span> <span class='ocrx_word' id='word_1_338' title='bbox 315 3247 357 3297; x_wconf 73' lang='grc'><strong>49.</strong></span> <span class='ocrx_word' id='word_1_339' title='bbox 375 3248 409 3296; x_wconf 87' lang='lat' dir='ltr'><strong>de</strong></span> <span class='ocrx_word' id='word_1_340' title='bbox 427 3259 509 3297; x_wconf 88' lang='lat' dir='ltr'><strong>aurea</strong></span> <span class='ocrx_word' id='word_1_341' title='bbox 526 3249 628 3297; x_wconf 88' lang='lat' dir='ltr'><strong>aetate:</strong></span> <span class='ocrx_word' id='word_1_342' title='bbox 654 3247 804 3309; x_wconf 77' lang='grc'><strong>4444444444</strong></span> <span class='ocrx_word' id='word_1_343' title='bbox 840 3255 971 3308; x_wconf 82' lang='lat' dir='ltr'><strong>perquam</strong></span> <span class='ocrx_word' id='word_1_344' title='bbox 983 3256 1120 3295; x_wconf 86' lang='lat' dir='ltr'><strong>amoenus.</strong></span> <span class='ocrx_word' id='word_1_345' title='bbox 1140 3245 1180 3295; x_wconf 87' lang='lat' dir='ltr'><strong>ct.</strong></span> <span class='ocrx_word' id='word_1_346' title='bbox 1191 3243 1238 3295; x_wconf 86' lang='lat' dir='ltr'><strong>od.</strong></span> <span class='ocrx_word' id='word_1_347' title='bbox 1249 3247 1274 3306; x_wconf 79' lang='lat'><strong>2,</strong></span> <span class='ocrx_word' id='word_1_348' title='bbox 1288 3246 1312 3306; x_wconf 84' lang='grc'><strong>6,</strong></span> <span class='ocrx_word' id='word_1_349' title='bbox 1324 3247 1364 3295; x_wconf 81' lang='lat' dir='ltr'><strong>tt:</strong></span> 
     </span>
     <span class='ocr_line' id='line_1_35' title="bbox 276 3319 1366 3384; baseline -0.002 -12"><span class='ocrx_word' id='word_1_350' title='bbox 276 3321 370 3372; x_wconf 75' lang='grc'><strong>444444</strong></span> <span class='ocrx_word' id='word_1_351' title='bbox 382 3321 497 3384; x_wconf 80' lang='lat' dir='ltr'><strong>pendebit</strong></span> <span class='ocrx_word' id='word_1_352' title='bbox 508 3321 615 3372; x_wconf 80' lang='grc'><strong>44444444</strong></span> <span class='ocrx_word' id='word_1_353' title='bbox 624 3333 701 3371; x_wconf 70' lang='grc'><strong>444.»</strong></span> <span class='ocrx_word' id='word_1_354' title='bbox 713 3349 741 3357; x_wconf 95' lang='grc'><strong>-</strong></span> <span class='ocrx_word' id='word_1_355' title='bbox 754 3323 804 3372; x_wconf 82' lang='grc'><strong>4444-</strong></span> <span class='ocrx_word' id='word_1_356' title='bbox 839 3322 947 3382; x_wconf 76' lang='lat' dir='ltr'><strong>roqueta</strong></span> <span class='ocrx_word' id='word_1_357' title='bbox 961 3323 1047 3380; x_wconf 81' lang='lat' dir='ltr'><strong>petum</strong></span> <span class='ocrx_word' id='word_1_358' title='bbox 1057 3319 1151 3368; x_wconf 79' lang='grc'><strong>4444444</strong></span> <span class='ocrx_word' id='word_1_359' title='bbox 1162 3321 1234 3370; x_wconf 80' lang='lat' dir='ltr'><strong>liure</strong></span> <span class='ocrx_word' id='word_1_360' title='bbox 1243 3319 1366 3370; x_wconf 72' lang='lat' dir='ltr'><strong>matam</strong></span> 
     </span>
     <span class='ocr_line' id='line_1_36' title="bbox 277 3392 1365 3455; baseline -0.003 -9"><span class='ocrx_word' id='word_1_361' title='bbox 277 3395 385 3446; x_wconf 78' lang='grc'><strong>4444444</strong></span> <span class='ocrx_word' id='word_1_362' title='bbox 402 3409 465 3446; x_wconf 90' lang='lat' dir='ltr'><strong>cum</strong></span> <span class='ocrx_word' id='word_1_363' title='bbox 482 3398 534 3445; x_wconf 88' lang='grc'><strong>4444</strong></span> <span class='ocrx_word' id='word_1_364' title='bbox 549 3396 637 3446; x_wconf 89' lang='lat' dir='ltr'><strong>omnia</strong></span> <span class='ocrx_word' id='word_1_365' title='bbox 649 3408 732 3445; x_wconf 88' lang='lat' dir='ltr'><strong>eorna</strong></span> <span class='ocrx_word' id='word_1_366' title='bbox 744 3407 803 3446; x_wconf 89' lang='lat' dir='ltr'><strong>ma·</strong></span> <span class='ocrx_word' id='word_1_367' title='bbox 840 3395 891 3441; x_wconf 88' lang='grc'><strong>444.</strong></span> <span class='ocrx_word' id='word_1_368' title='bbox 911 3393 967 3442; x_wconf 84' lang='grc'><strong>4444</strong></span> <span class='ocrx_word' id='word_1_369' title='bbox 978 3393 1058 3455; x_wconf 79' lang='lat' dir='ltr'><strong>igitur</strong></span> <span class='ocrx_word' id='word_1_370' title='bbox 1068 3392 1148 3444; x_wconf 83' lang='lat' dir='ltr'><strong>dicit:</strong></span> <span class='ocrx_word' id='word_1_371' title='bbox 1168 3393 1251 3454; x_wconf 75' lang='grc'><strong>40444</strong></span> <span class='ocrx_word' id='word_1_372' title='bbox 1264 3393 1365 3444; x_wconf 80' lang='lat' dir='ltr'><strong>multat</strong></span> 
     </span>
     <span class='ocr_line' id='line_1_37' title="bbox 240 3459 1365 3534; baseline -0.002 -13"><span class='ocrx_word' id='word_1_373' title='bbox 240 3459 249 3479; x_wconf 80' lang='grc'><em>“</em></span> <span class='ocrx_word' id='word_1_374' title='bbox 277 3474 349 3533; x_wconf 86' lang='lat' dir='ltr'><strong>tura,</strong></span> <span class='ocrx_word' id='word_1_375' title='bbox 368 3469 425 3520; x_wconf 77' lang='grc'><strong>444.</strong></span> <span class='ocrx_word' id='word_1_376' title='bbox 445 3469 576 3534; x_wconf 88' lang='lat' dir='ltr'><strong>estquod</strong></span> <span class='ocrx_word' id='word_1_377' title='bbox 597 3468 802 3520; x_wconf 67' lang='lat' dir='ltr'><strong>annuntiatur·</strong></span> <span class='ocrx_word' id='word_1_378' title='bbox 839 3467 903 3516; x_wconf 86' lang='lat' dir='ltr'><strong>Tam</strong></span> <span class='ocrx_word' id='word_1_379' title='bbox 929 3479 1074 3517; x_wconf 88' lang='lat' dir='ltr'><strong>amoenum</strong></span> <span class='ocrx_word' id='word_1_380' title='bbox 1099 3479 1193 3518; x_wconf 87' lang='lat' dir='ltr'><strong>meum</strong></span> <span class='ocrx_word' id='word_1_381' title='bbox 1218 3471 1260 3518; x_wconf 89' lang='lat' dir='ltr'><strong>est</strong></span> <span class='ocrx_word' id='word_1_382' title='bbox 1284 3481 1365 3533; x_wconf 88' lang='lat' dir='ltr'><strong>prae-</strong></span> 
     </span>
     <span class='ocr_line' id='line_1_38' title="bbox 276 3537 1364 3609; baseline -0.002 -14"><span class='ocrx_word' id='word_1_383' title='bbox 276 3557 453 3604; x_wconf 71' lang='lat' dir='ltr'><strong>revomens,</strong></span> <span class='ocrx_word' id='word_1_384' title='bbox 472 3543 498 3594; x_wconf 89' lang='lat' dir='ltr'><strong>id</strong></span> <span class='ocrx_word' id='word_1_385' title='bbox 511 3547 566 3606; x_wconf 88' lang='grc'><strong>444,</strong></span> <span class='ocrx_word' id='word_1_386' title='bbox 583 3547 741 3609; x_wconf 88' lang='lat' dir='ltr'><strong>perpetuam</strong></span> <span class='ocrx_word' id='word_1_387' title='bbox 753 3543 801 3594; x_wconf 90' lang='lat' dir='ltr'><strong>ali·</strong></span> <span class='ocrx_word' id='word_1_388' title='bbox 838 3537 925 3602; x_wconf 82' lang='lat' dir='ltr'><strong>dium,</strong></span> <span class='ocrx_word' id='word_1_389' title='bbox 952 3543 983 3590; x_wconf 88' lang='lat' dir='ltr'><strong>ut</strong></span> <span class='ocrx_word' id='word_1_390' title='bbox 1004 3541 1148 3593; x_wconf 81' lang='lat' dir='ltr'><strong>Tarentum</strong></span> <span class='ocrx_word' id='word_1_391' title='bbox 1170 3542 1225 3592; x_wconf 88' lang='lat' dir='ltr'><strong>bue</strong></span> <span class='ocrx_word' id='word_1_392' title='bbox 1240 3542 1364 3593; x_wconf 84' lang='lat' dir='ltr'><strong>tralatum</strong></span> 
     </span>
     <span class='ocr_line' id='line_1_39' title="bbox 277 3613 1363 3685; baseline -0.001 -17"><span class='ocrx_word' id='word_1_393' title='bbox 277 3631 358 3683; x_wconf 86' lang='lat' dir='ltr'><strong>quarn</strong></span> <span class='ocrx_word' id='word_1_394' title='bbox 376 3621 403 3668; x_wconf 87' lang='grc'><strong>44</strong></span> <span class='ocrx_word' id='word_1_395' title='bbox 414 3630 587 3669; x_wconf 83' lang='lat' dir='ltr'><strong>communem</strong></span> <span class='ocrx_word' id='word_1_396' title='bbox 605 3615 746 3685; x_wconf 81' lang='grc' dir='ltr'><strong><em>ποιότητα</em></strong></span> <span class='ocrx_word' id='word_1_397' title='bbox 757 3631 802 3668; x_wconf 87' lang='lat' dir='ltr'><strong>ex·</strong></span> <span class='ocrx_word' id='word_1_398' title='bbox 839 3613 929 3673; x_wconf 77' lang='lat' dir='ltr'><strong>dicas3</strong></span> <span class='ocrx_word' id='word_1_399' title='bbox 949 3617 979 3664; x_wconf 92' lang='grc'><strong>44</strong></span> <span class='ocrx_word' id='word_1_400' title='bbox 995 3616 1070 3680; x_wconf 85' lang='lat' dir='ltr'><strong>quasi</strong></span> <span class='ocrx_word' id='word_1_401' title='bbox 1088 3613 1202 3666; x_wconf 88' lang='lat' dir='ltr'><strong>alterum</strong></span> <span class='ocrx_word' id='word_1_402' title='bbox 1220 3618 1363 3668; x_wconf 82' lang='lat' dir='ltr'><strong>Tarentum</strong></span> 
     </span>
     <span class='ocr_line' id='line_1_40' title="bbox 275 3687 1215 3759; baseline -0.007 -16"><span class='ocrx_word' id='word_1_403' title='bbox 275 3695 408 3759; x_wconf 85' lang='lat' dir='ltr'><strong>primens,</strong></span> <span class='ocrx_word' id='word_1_404' title='bbox 435 3707 489 3743; x_wconf 92' lang='lat' dir='ltr'><strong>non</strong></span> <span class='ocrx_word' id='word_1_405' title='bbox 515 3695 614 3744; x_wconf 87' lang='lat' dir='ltr'><strong>statum</strong></span> <span class='ocrx_word' id='word_1_406' title='bbox 639 3691 801 3756; x_wconf 78' lang='lat' dir='ltr'><strong>singularem</strong></span> <span class='ocrx_word' id='word_1_407' title='bbox 838 3688 881 3738; x_wconf 86' lang='lat' dir='ltr'><strong>hle</strong></span> <span class='ocrx_word' id='word_1_408' title='bbox 899 3687 946 3738; x_wconf 85' lang='lat' dir='ltr'><strong>tibi</strong></span> <span class='ocrx_word' id='word_1_409' title='bbox 962 3688 1056 3739; x_wconf 83' lang='lat' dir='ltr'><strong>videre</strong></span> <span class='ocrx_word' id='word_1_410' title='bbox 1073 3689 1215 3741; x_wconf 77' lang='lat' dir='ltr'><strong>videaris.»</strong></span> 
     </span>
     <span class='ocr_line' id='line_1_41' title="bbox 275 3763 1364 3832; baseline -0.002 -14"><span class='ocrx_word' id='word_1_411' title='bbox 275 3781 392 3832; x_wconf 81' lang='lat' dir='ltr'><strong>moxque</strong></span> <span class='ocrx_word' id='word_1_412' title='bbox 410 3771 595 3819; x_wconf 83' lang='lat' dir='ltr'><strong>transeuntem</strong></span> <span class='ocrx_word' id='word_1_413' title='bbox 617 3769 643 3818; x_wconf 90' lang='lat' dir='ltr'><strong>in</strong></span> <span class='ocrx_word' id='word_1_414' title='bbox 660 3767 749 3817; x_wconf 90' lang='lat' dir='ltr'><strong>allum.</strong></span> <span class='ocrx_word' id='word_1_415' title='bbox 771 3793 799 3803; x_wconf 92' lang='lat'><em>-</em></span> <span class='ocrx_word' id='word_1_416' title='bbox 871 3763 959 3814; x_wconf 73' lang='lat' dir='ltr'><strong>tt-tt.</strong></span> <span class='ocrx_word' id='word_1_417' title='bbox 986 3764 1060 3829; x_wconf 75' lang='lat' dir='ltr'><strong>Foru]</strong></span> <span class='ocrx_word' id='word_1_418' title='bbox 1078 3767 1189 3816; x_wconf 83' lang='lat' dir='ltr'><strong>Fontem</strong></span> <span class='ocrx_word' id='word_1_419' title='bbox 1206 3767 1364 3816; x_wconf 84' lang='grc'><strong>144444444-</strong></span> 
     </span>
     <span class='ocr_line' id='line_1_42' title="bbox 275 3839 1364 3908; baseline -0.002 -14"><span class='ocrx_word' id='word_1_420' title='bbox 275 3843 359 3895; x_wconf 85' lang='lat' dir='ltr'><strong>Corno</strong></span> <span class='ocrx_word' id='word_1_421' title='bbox 370 3849 420 3892; x_wconf 85' lang='lat' dir='ltr'><strong>-et</strong></span> <span class='ocrx_word' id='word_1_422' title='bbox 432 3843 528 3906; x_wconf 73' lang='lat' dir='ltr'><strong>pruna]</strong></span> <span class='ocrx_word' id='word_1_423' title='bbox 552 3843 723 3894; x_wconf 81' lang='lat' dir='ltr'><strong>Kornelten</strong></span> <span class='ocrx_word' id='word_1_424' title='bbox 738 3842 802 3891; x_wconf 81' lang='lat' dir='ltr'><strong>ond</strong></span> <span class='ocrx_word' id='word_1_425' title='bbox 837 3839 942 3891; x_wconf 88' lang='lat' dir='ltr'><strong>dusiam</strong></span> <span class='ocrx_word' id='word_1_426' title='bbox 959 3839 1037 3905; x_wconf 81' lang='lat' dir='ltr'><strong>volgo</strong></span> <span class='ocrx_word' id='word_1_427' title='bbox 1049 3841 1195 3906; x_wconf 77' lang='lat' dir='ltr'><strong>appellant,</strong></span> <span class='ocrx_word' id='word_1_428' title='bbox 1214 3855 1297 3907; x_wconf 85' lang='lat' dir='ltr'><strong>quam</strong></span> <span class='ocrx_word' id='word_1_429' title='bbox 1309 3843 1364 3908; x_wconf 89' lang='lat' dir='ltr'><strong>opi-</strong></span> 
     </span>
     <span class='ocr_line' id='line_1_43' title="bbox 275 3915 1360 3980; baseline -0.002 -12"><span class='ocrx_word' id='word_1_430' title='bbox 275 3919 428 3970; x_wconf 83' lang='grc'><strong>84444444.</strong></span> <span class='ocrx_word' id='word_1_431' title='bbox 448 3919 542 3969; x_wconf 87' lang='lat' dir='ltr'><strong>Coruis</strong></span> <span class='ocrx_word' id='word_1_432' title='bbox 560 3916 673 3968; x_wconf 85' lang='lat' dir='ltr'><strong>conditis</strong></span> <span class='ocrx_word' id='word_1_433' title='bbox 689 3928 738 3980; x_wconf 86' lang='lat' dir='ltr'><strong>pro</strong></span> <span class='ocrx_word' id='word_1_434' title='bbox 751 3915 800 3966; x_wconf 94' lang='grc'><strong>444-</strong></span> <span class='ocrx_word' id='word_1_435' title='bbox 838 3917 945 3966; x_wconf 91' lang='lat' dir='ltr'><strong>nionem</strong></span> <span class='ocrx_word' id='word_1_436' title='bbox 958 3917 1075 3966; x_wconf 77' lang='grc'><strong>44444444</strong></span> <span class='ocrx_word' id='word_1_437' title='bbox 1085 3916 1218 3967; x_wconf 86' lang='lat' dir='ltr'><strong>obstinate</strong></span> <span class='ocrx_word' id='word_1_438' title='bbox 1227 3915 1360 3978; x_wconf 87' lang='lat' dir='ltr'><strong>detendit;</strong></span> 
     </span>
     <span class='ocr_line' id='line_1_44' title="bbox 274 3990 1360 4058; baseline 0.001 -17"><span class='ocrx_word' id='word_1_439' title='bbox 274 3994 315 4043; x_wconf 87' lang='lat' dir='ltr'><strong>vis</strong></span> <span class='ocrx_word' id='word_1_440' title='bbox 332 3993 476 4043; x_wconf 89' lang='lat' dir='ltr'><strong>utebantur</strong></span> <span class='ocrx_word' id='word_1_441' title='bbox 493 3992 608 4058; x_wconf 80' lang='grc'><strong>44444444,</strong></span> <span class='ocrx_word' id='word_1_442' title='bbox 627 3993 705 4055; x_wconf 84' lang='lat' dir='ltr'><strong>puto,</strong></span> <span class='ocrx_word' id='word_1_443' title='bbox 724 3992 756 4041; x_wconf 87' lang='lat' dir='ltr'><strong>iis</strong></span> <span class='ocrx_word' id='word_1_444' title='bbox 773 3993 800 4042; x_wconf 92' lang='lat' dir='ltr'><strong>in</strong></span> <span class='ocrx_word' id='word_1_445' title='bbox 837 3991 886 4042; x_wconf 89' lang='lat' dir='ltr'><strong>sed</strong></span> <span class='ocrx_word' id='word_1_446' title='bbox 911 3991 971 4041; x_wconf 82' lang='lat' dir='ltr'><strong>ride</strong></span> <span class='ocrx_word' id='word_1_447' title='bbox 989 3990 1024 4041; x_wconf 89' lang='lat' dir='ltr'><strong>ad</strong></span> <span class='ocrx_word' id='word_1_448' title='bbox 1041 3991 1089 4042; x_wconf 87' lang='lat' dir='ltr'><strong>od.</strong></span> <span class='ocrx_word' id='word_1_449' title='bbox 1103 3992 1132 4052; x_wconf 80' lang='lat'><strong>3,</strong></span> <span class='ocrx_word' id='word_1_450' title='bbox 1149 3991 1189 4041; x_wconf 86' lang='grc'><strong>43.</strong></span> <span class='ocrx_word' id='word_1_451' title='bbox 1209 3991 1313 4042; x_wconf 66' lang='grc'><strong>44444444</strong></span> <span class='ocrx_word' id='word_1_452' title='bbox 1329 3993 1360 4042; x_wconf 81' lang='lat' dir='ltr'><strong>N.</strong></span> 
     </span>
     <span class='ocr_line' id='line_1_45' title="bbox 275 4064 1360 4130; baseline -0.001 -13"><span class='ocrx_word' id='word_1_453' title='bbox 275 4067 416 4129; x_wconf 83' lang='lat' dir='ltr'><strong>tractibus,</strong></span> <span class='ocrx_word' id='word_1_454' title='bbox 444 4068 489 4118; x_wconf 92' lang='lat' dir='ltr'><strong>ubi</strong></span> <span class='ocrx_word' id='word_1_455' title='bbox 515 4065 585 4118; x_wconf 88' lang='lat' dir='ltr'><strong>nulla</strong></span> <span class='ocrx_word' id='word_1_456' title='bbox 608 4068 667 4116; x_wconf 87' lang='lat' dir='ltr'><strong>erat</strong></span> <span class='ocrx_word' id='word_1_457' title='bbox 688 4065 799 4130; x_wconf 85' lang='lat' dir='ltr'><strong>olivitas)</strong></span> <span class='ocrx_word' id='word_1_458' title='bbox 836 4065 894 4117; x_wconf 73' lang='grc'><strong>244.</strong></span> <span class='ocrx_word' id='word_1_459' title='bbox 920 4064 1067 4117; x_wconf 86' lang='lat' dir='ltr'><strong>Obbarium</strong></span> <span class='ocrx_word' id='word_1_460' title='bbox 1086 4068 1111 4116; x_wconf 91' lang='lat' dir='ltr'><strong>in</strong></span> <span class='ocrx_word' id='word_1_461' title='bbox 1129 4067 1212 4116; x_wconf 81' lang='grc'><strong>4444444</strong></span> <span class='ocrx_word' id='word_1_462' title='bbox 1228 4067 1260 4116; x_wconf 88' lang='lat' dir='ltr'><strong>N.</strong></span> <span class='ocrx_word' id='word_1_463' title='bbox 1279 4069 1303 4116; x_wconf 80' lang='grc'><strong>4.</strong></span> <span class='ocrx_word' id='word_1_464' title='bbox 1318 4067 1360 4118; x_wconf 76' lang='lat'><strong>28.</strong></span> 
     </span>
     <span class='ocr_line' id='line_1_46' title="bbox 276 4139 1361 4205; baseline -0.001 -14"><span class='ocrx_word' id='word_1_465' title='bbox 276 4143 343 4192; x_wconf 89' lang='grc'><strong>44444</strong></span> <span class='ocrx_word' id='word_1_466' title='bbox 356 4141 502 4194; x_wconf 85' lang='lat' dir='ltr'><strong>Columella</strong></span> <span class='ocrx_word' id='word_1_467' title='bbox 515 4143 554 4203; x_wconf 71' lang='lat' dir='ltr'><strong>ti,</strong></span> <span class='ocrx_word' id='word_1_468' title='bbox 568 4142 609 4205; x_wconf 88' lang='grc'><strong>40,</strong></span> <span class='ocrx_word' id='word_1_469' title='bbox 622 4139 646 4192; x_wconf 80' lang='lat'><strong>3.</strong></span> <span class='ocrx_word' id='word_1_470' title='bbox 662 4167 690 4178; x_wconf 96' lang='lat'>-</span> <span class='ocrx_word' id='word_1_471' title='bbox 703 4140 799 4205; x_wconf 78' lang='lat' dir='ltr'><strong>vepres]</strong></span> <span class='ocrx_word' id='word_1_472' title='bbox 836 4151 862 4204; x_wconf 91' lang='lat' dir='ltr'><strong>p.</strong></span> <span class='ocrx_word' id='word_1_473' title='bbox 876 4139 933 4190; x_wconf 75' lang='grc'><strong>449.</strong></span> <span class='ocrx_word' id='word_1_474' title='bbox 959 4140 1008 4191; x_wconf 78' lang='lat' dir='ltr'><strong>niti</strong></span> <span class='ocrx_word' id='word_1_475' title='bbox 1026 4142 1124 4191; x_wconf 88' lang='grc'><strong>4444444</strong></span> <span class='ocrx_word' id='word_1_476' title='bbox 1141 4141 1241 4190; x_wconf 90' lang='lat' dir='ltr'><strong>iontem</strong></span> <span class='ocrx_word' id='word_1_477' title='bbox 1253 4153 1361 4204; x_wconf 90' lang='lat' dir='ltr'><strong>quoque</strong></span> 
     </span>
     <span class='ocr_line' id='line_1_47' title="bbox 274 4215 1361 4281; baseline 0.001 -17"><span class='ocrx_word' id='word_1_478' title='bbox 274 4215 371 4279; x_wconf 90' lang='lat' dir='ltr'><strong>partim</strong></span> <span class='ocrx_word' id='word_1_479' title='bbox 388 4219 483 4281; x_wconf 89' lang='lat' dir='ltr'><strong>sponte</strong></span> <span class='ocrx_word' id='word_1_480' title='bbox 500 4215 536 4266; x_wconf 86' lang='lat' dir='ltr'><strong>ibi</strong></span> <span class='ocrx_word' id='word_1_481' title='bbox 553 4219 722 4278; x_wconf 87' lang='grc'><strong>4444444444,</strong></span> <span class='ocrx_word' id='word_1_482' title='bbox 740 4229 800 4281; x_wconf 72' lang='lat' dir='ltr'><strong>pan</strong></span> <span class='ocrx_word' id='word_1_483' title='bbox 836 4216 866 4264; x_wconf 89' lang='grc'><strong>44</strong></span> <span class='ocrx_word' id='word_1_484' title='bbox 882 4215 969 4265; x_wconf 87' lang='lat' dir='ltr'><strong>rivum</strong></span> <span class='ocrx_word' id='word_1_485' title='bbox 987 4215 1123 4279; x_wconf 79' lang='lat' dir='ltr'><strong>Digentiae</strong></span> <span class='ocrx_word' id='word_1_486' title='bbox 1141 4215 1229 4279; x_wconf 80' lang='lat' dir='ltr'><strong>(bodie</strong></span> <span class='ocrx_word' id='word_1_487' title='bbox 1243 4215 1361 4280; x_wconf 73' lang='grc'><strong>4444444)</strong></span> 
     </span>
     <span class='ocr_line' id='line_1_48' title="bbox 275 4287 1362 4354; baseline 0.001 -15"><span class='ocrx_word' id='word_1_488' title='bbox 275 4288 323 4340; x_wconf 81' lang='lat' dir='ltr'><strong>tim</strong></span> <span class='ocrx_word' id='word_1_489' title='bbox 338 4287 462 4354; x_wconf 82' lang='lat' dir='ltr'><strong>plantati,</strong></span> <span class='ocrx_word' id='word_1_490' title='bbox 489 4293 518 4340; x_wconf 88' lang='grc'><strong>44</strong></span> <span class='ocrx_word' id='word_1_491' title='bbox 536 4293 628 4343; x_wconf 89' lang='grc'><strong>444444</strong></span> <span class='ocrx_word' id='word_1_492' title='bbox 646 4303 743 4354; x_wconf 87' lang='lat' dir='ltr'><strong>saepes</strong></span> <span class='ocrx_word' id='word_1_493' title='bbox 759 4290 799 4340; x_wconf 87' lang='lat' dir='ltr'><strong>vi·</strong></span> <span class='ocrx_word' id='word_1_494' title='bbox 836 4301 934 4340; x_wconf 87' lang='lat' dir='ltr'><strong>nomen</strong></span> <span class='ocrx_word' id='word_1_495' title='bbox 946 4287 1073 4341; x_wconf 84' lang='lat' dir='ltr'><strong>babuisse</strong></span> <span class='ocrx_word' id='word_1_496' title='bbox 1084 4291 1185 4340; x_wconf 88' lang='grc'><strong>444444.</strong></span> <span class='ocrx_word' id='word_1_497' title='bbox 1196 4290 1362 4340; x_wconf 79' lang='grc'><strong>-44444444-</strong></span> 
     </span>
    </p>
   </div>
   <div class='ocr_carea' id='block_1_5' title="bbox 0 0 1594 4972">
    <p class='ocr_par' dir='ltr' id='par_1_7' title="bbox 0 0 1594 4972">
     <span class='ocr_line' id='line_1_49' title="bbox 0 0 1594 4972; baseline 0 6"><span class='ocrx_word' id='word_1_498' title='bbox 0 0 1594 4972; x_wconf 95' lang='lat' dir='ltr'><strong> </strong></span> 
     </span>
    </p>
   </div>
  </div>
 </body>
</html>
