3030 4988
317 391 381 458 932
597 437 601 444 ,
791 395 930 456 MUSlQUE

315 555 409 615 epopue
425 564 469 604 eoo
486 552 586 614 clepunt
602 565 714 616 cecrope
730 552 829 602 intitul&
837 567 845 600 :
864 553 1037 604 lionoohondi
1048 556 1172 604 notarum
1185 569 1235 620 per
1244 556 1292 606 tria
1302 569 1384 619 genere

316 637 421 700 pertitio
439 635 511 698 (ibid.
530 649 557 700 p.
570 634 719 700 oei-ete).
731 637 747 700 ¹)

382 721 420 770 hu
434 720 568 770 aemule
584 720 632 783 fuit
647 734 683 770 em
699 721 786 770 deuo&
802 722 832 770 de
847 721 959 784 epuoter
974 722 1007 771 ici
1023 725 1237 788 onposaopequi
1254 724 1386 774 mileu

315 818 351 854 em
368 804 446 854 troile
460 803 490 852 de
505 804 619 866 musique
635 817 759 866 aucupem
775 817 822 867 pue
839 803 942 854 Ger-hert
958 819 977 854 a
989 805 1077 866 ponite
1091 806 1109 856 d
1122 806 1148 856 lu
1164 807 1228 858 nette
1239 809 1268 858 de
1278 807 1388 871 louerepe

316 889 346 938 de
361 888 496 938 Bernetto:
516 888 695 952 «Priusquam
712 889 811 950 (trium)
829 901 960 951 generum
977 889 1172 941 dimensionem
1183 891 1210 941 in
1223 889 1387 942 monochordo

315 971 452 1036 incipiam,
472 972 507 1022 dit
523 971 647 1032 t'outcur,
672 971 803 1022 rationem
818 970 1012 1022 uocabulorum
1028 975 1120 1036 paucis
1137 973 1284 1025 absolvam.
1317 975 1389 1025 litate

316 1057 407 1106 nicom
429 1056 501 1106 enim
523 1055 632 1116 dicitur,
656 1055 730 1118 quod
753 1057 877 1106 tonorum
903 1055 1068 1108 dimensione
1094 1059 1123 1108 et
1145 1059 1335 1122 compositione
1350 1071 1388 1108 ex·

315 1139 441 1204 quiritur,
461 1138 533 1202 quod
551 1138 653 1203 reliqua
670 1152 724 1190 non
742 1137 874 1200 obtinent,
894 1139 959 1190 dum
975 1129 1027 1190 ho'e
1044 1143 1262 1204 persemitonio,
1280 1141 1339 1192 illud
1348 1153 1389 1206 per

316 1223 414 1284 dieses,
433 1221 507 1285 quod
524 1223 551 1272 in
567 1221 743 1284 sequentihus
759 1223 881 1286 patefiet,
908 1226 1058 1274 exorentur.
1094 1225 1151 1275 lloc
1168 1239 1253 1288 genus
1271 1226 1356 1277 lortius
1369 1227 1391 1273 et

316 1306 409 1358 durius
426 1306 626 1371 comprobatur.
662 1307 694 1356 Et
711 1319 744 1356 ne
762 1307 843 1356 animi
861 1306 1015 1358 audentium
1032 1306 1074 1358 vel
1094 1311 1248 1360 canentium
1265 1307 1391 1360 dulcedine

316 1393 409 1442 centus
427 1388 610 1450 emolliantur,
629 1388 812 1440 eeclesiastico
830 1392 889 1440 usui
907 1389 1018 1453 eligitur.
1041 1430 1046 1440 .
1065 1429 1092 1440 ..
1112 1392 1312 1445 chromaticum
1328 1393 1392 1456 qnasi

316 1473 464 1526 coloratum
481 1473 590 1536 dicitur,
609 1473 682 1537 quod
698 1487 714 1524 a
731 1473 863 1526 diatonico
880 1475 998 1538 primum
1015 1474 1157 1527 discedens
1168 1475 1279 1530 alterius
1290 1476 1393 1542 dionaei

316 1557 426 1618 coloris,
453 1559 565 1608 chroma
582 1558 653 1609 enim
671 1558 745 1608 color
762 1557 866 1608 dicitur.
902 1559 959 1608 Hoc
975 1571 1060 1621 genus
1077 1558 1264 1612 mollissimum
1281 1573 1393 1624 compro-

315 1641 407 1703 butur;
426 1644 552 1706 quocirca
570 1640 751 1693 ecclesiastico
768 1642 828 1692 usui
845 1654 899 1692 non
915 1641 1078 1706 applicatur»
1098 1645 1132 1708 (p.
1148 1643 1214 1706 334).

382 1725 458 1788 Uest,
477 1740 508 1776 en
524 1727 637 1778 d'cutree
651 1731 753 1788 wreus,
771 1739 798 1776 cc
815 1738 862 1788 pue
879 1727 915 1776 dit
933 1725 1003 1776 Odon
1019 1728 1048 1778 de
1065 1727 1159 1789 ctum
1175 1729 1323 1791 meat,
1339 1729 1394 1778 lee-

315 1811 412 1872 ccptioo
428 1812 463 1860 du
479 1811 555 1860 chorei
571 1810 712 1860 oenhroeien
727 1811 790 1860 u'eet
802 1823 853 1872 pos
867 1810 1022 1862 mmticnuee
1038 1812 1101 1862 dous
1118 1812 1152 1862 lea
1164 1813 1269 1874 pernice
1285 1813 1395 1862 del'osc-

315 1907 397 1956 emine.
431 1894 453 1944 lt
471 1895 528 1958 [niu
549 1893 663 1946 doment
678 1895 759 1944 moine
775 1907 801 1944 ee
813 1897 969 1956 preoccuper
985 1896 1015 1944 de
1031 1899 1069 1945 cet
1084 1895 1163 1958 cedit,
1189 1910 1237 1958 que
1253 1897 1278 1946 te
1294 1901 1395 1948 nonime

312 1991 410 2041 prouve
433 1979 614 2041 suffimneueut
638 1979 778 2029 t'ectetenee
800 1980 841 2028 des
864 1991 953 2042 acures
972 1975 1144 2040 comique
1165 1985 1189 2030 et
1212 1981 1397 2042 commorique

316 2077 352 2113 oo
367 2062 409 2112 XI.
426 2075 460 2112 ou
474 2063 528 2112 ΧΗ.
546 2061 632 2124 silete,
659 2065 754 2125 epeque
773 2067 904 2125 presumee
920 2060 954 2111 od
969 2063 1049 2112 uincit
1064 2063 1205 2114 t'ecriuotn.
1238 2065 1340 2116 Pouruu
1355 2077 1396 2125 oue

316 2147 339 2196 le
361 2146 410 2209 fait
434 2147 464 2197 de
488 2151 548 2196 cette
570 2147 692 2196 eciam
708 2147 755 2196 ecit
770 2146 836 2208 rdet,
862 2147 1048 2206 incanescente,
1076 2147 1131 2196 cetu
1153 2161 1193 2198 nie
1209 2149 1278 2212 suffit
1294 2147 1398 2212 promti

313 2235 426 2294 present:
446 2231 475 2292 je
490 2244 522 2279 ne
538 2242 606 2280 oeeev
620 2243 669 2294 por
685 2230 776 2280 dictur
792 2234 865 2286 outre
881 2230 964 2292 chore,
987 2235 1011 2280 et
1027 2230 1046 2280 il
1061 2231 1139 2282 uruit
1154 2245 1226 2282 aenou
1243 2233 1357 2298 dimite,
1375 2233 1399 2294 je

319 2315 396 2374 cois,
414 2314 445 2364 de
459 2314 570 2364 eouiootr
586 2314 607 2363 te
623 2315 758 2364 contraire.

381 2397 420 2447 Au
442 2397 508 2446 Xlli.
527 2395 611 2459 electe,
638 2397 672 2446 tes
690 2411 796 2460 preuves
811 2397 955 2448 devienoent
973 2398 1032 2459 ptus
1047 2398 1213 2450 mmhreauee.
1250 2400 1315 2451 Ceet
1330 2399 1399 2458 cuti,

314 2495 366 2545 par
375 2481 500 2543 coempto,
518 2479 705 2544 qu'liupethert,
724 2481 787 2530 ohne
795 2481 920 2532 d'dimoot
934 2483 998 2532 oum
1009 2482 1035 2532 io
1046 2483 1237 2546 liores-Stulte,
1249 2486 1296 2545 qui
1305 2489 1401 2536 wuut

317 2580 348 2616 eu
365 2563 438 2626 433⁴,
457 2565 494 2614 dit
508 2563 703 2627 sonnettement:
723 2565 814 2616 «Sicut
827 2565 935 2616 Boetius
954 2565 1018 2618 dicit
1032 2565 1101 2618 libro
1113 2567 1144 2629 V,
1163 2580 1222 2633 cup.
1235 2567 1305 2630 XVl,
1322 2567 1400 2618 melo·

318 2651 423 2702 dierum
434 2661 520 2712 genus
530 2647 602 2700 eliud
613 2651 655 2700 est
665 2647 770 2702 mollius
781 2651 809 2700 et
819 2647 917 2712 lenius,
934 2648 1007 2700 eliud
1017 2651 1150 2702 incitatius
1162 2655 1190 2702 et
1200 2653 1315 2704 ectitius.
1341 2650 1400 2703 liol-

317 2733 368 2784 lius
389 2735 432 2782 est
450 2732 524 2796 quod
540 2733 651 2784 vocetur
667 2732 886 2795 Enermonioum,
905 2733 932 2783 ld
949 2736 1003 2796 eat,
1021 2737 1142 2786 mentem
1160 2735 1298 2796 mulcens;
1317 2738 1402 2788 inciu-

317 2818 371 2868 tius
387 2818 415 2867 et
432 2817 534 2868 acutius
552 2815 625 2880 qnod
642 2815 738 2866 dicitnr
753 2817 932 2880 Diatonicum,
959 2819 1036 2882 quasi
1054 2817 1249 2883 duplicatorum
1266 2823 1400 2874 tonorunu

319 2901 518 2953 chromaticum
542 2913 622 2962 vero,
650 2899 676 2952 id
702 2903 744 2951 est
764 2899 879 2952 flexibile
896 2900 940 2954 vel
956 2901 1144 2964 diversicolor,
1171 2903 1270 2956 dicitm
1287 2905 1402 2956 medium

318 2985 375 3036 sive
392 2984 513 3034 mixtum
534 3021 540 3033 .
562 3023 567 3034 .
589 3022 594 3032 .
614 2984 661 3034 Est
677 2983 869 3036 chromaticum
887 2999 972 3050 genus
989 2985 1120 3038 melodice
1137 2986 1276 3053 pulchrius
1288 2992 1316 3039 ei
1333 2987 1403 3039 dete-

318 3065 451 3127 ctabilins,
471 3068 533 3130 quie
546 3066 720 3120 mediocriter
736 3069 765 3118 et
780 3071 930 3134 opportune
948 3083 1019 3122 nunc
1036 3071 1128 3122 incitet
1138 3071 1258 3124 animum
1269 3072 1402 3124 tendendo

318 3151 476 3212 aduentus,
502 3163 574 3200 nnnc
596 3149 701 3202 alleviet
717 3154 745 3204 et
765 3151 830 3204 lenit
846 3153 985 3206 redeundo
1002 3153 1038 3204 od
1053 3167 1163 3220 greum:
1190 3153 1264 3206 un'de
1281 3159 1402 3208 uocatum

319 3237 361 3286 est
378 3235 571 3286 chromaticum
588 3247 604 3284 u
625 3235 776 3298 chromate,
799 3237 872 3300 quod
888 3241 931 3289 eet
947 3251 1045 3302 corpus
1058 3237 1176 3290 lucidum
1191 3239 1343 3292 secundum
1358 3252 1402 3288 aa·

318 3321 415 3370 rictum
436 3321 576 3382 aspectum
593 3317 628 3369 ed
644 3321 840 3384 oppositionem
857 3318 923 3372 lucis
940 3335 1073 3386 apperens
1090 3321 1258 3374 diversorum
1275 3322 1399 3379 colomlu

318 3404 388 3454 sicut
404 3405 466 3454 sunt
481 3415 586 3467 pennae
603 3403 715 3466 pavonis
731 3407 759 3454 et
775 3403 885 3468 quidam
900 3406 981 3470 pnnni
991 3405 1071 3456 serici
1082 3405 1163 3470 (epod
1174 3405 1299 3458 Gerhmh'
1310 3409 1398 3470 script

318 3489 336 3538 i.
356 3488 391 3548 ll,
409 3499 436 3550 p.
450 3483 617 3549 3l0-3ll).n

383 3568 440 3618 Plus
456 3581 489 3620 oo
505 3582 613 3632 ouonce,
632 3569 692 3632 plue
708 3584 741 3620 on
755 3573 808 3621 coit
823 3585 849 3622 se
863 3572 970 3636 fertilior
985 3573 1184 3637 i’eneeipneneet
1199 3575 1362 3626 musnet
1375 3575 1401 3622 de

318 3655 345 3704 to
360 3653 482 3715 neetopee,
501 3665 531 3702 so
547 3653 621 3716 triple
637 3655 758 3716 ἀίυίείοη,
776 3661 800 3706 et
816 3660 869 3706 tout
885 3655 907 3706 le
922 3658 1022 3720 corttpe
1037 3657 1068 3706 de
1083 3657 1111 3706 to
1126 3657 1238 3708 doctum
1253 3659 1297 3708 der
1307 3659 1401 3708 m

318 3735 429 3788 Hellenos
444 3749 489 3786 eur
504 3749 531 3786 ce
544 3737 624 3799 point.
660 3737 733 3788 L'ort
749 3751 768 3787 o
779 3739 1076 3803 poemaninensium
1092 3741 1178 3802 doeh,
1194 3741 1401 3792 mouentes

315 3823 389 3883 joure
404 3833 478 3885 prec,
496 3821 655 3884 etjuapo'ou
670 3819 734 3872 XVI.
747 3820 820 3872 aie‘cle
836 3823 855 3872 o
871 3835 902 3872 oe
918 3835 982 3874 ceeee
994 3836 1045 3886 pua
1061 3824 1092 3880 de
1107 3823 1190 3884 t’etre,
1209 3825 1402 3876 domomum

376 3950 392 4004 ¹)
413 3947 438 3992 Je
456 3949 533 3993 cderni
552 3961 632 3995 encore
643 3949 728 3995 Aribon
742 3951 763 3995 te
776 3949 938 4007 Scipionique,
961 3951 998 4008 qui
1012 3953 1082 3996 vivait
1107 3951 1166 3996 dom
1185 3949 1209 3995 to
1227 3953 1321 3997 recem
1332 3951 1403 3996 aedui

320 4014 351 4058 du
364 4012 407 4058 llie
416 4013 491 4067 eidcle,
509 4027 592 4060 comme
602 4017 696 4072 portent
710 4017 741 4060 du
755 4029 823 4072 penre
837 4017 1000 4074 chromaticus:
1024 4018 1078 4062 «Est
1091 4017 1167 4070 enlm,
1184 4017 1256 4074 dibri,
1272 4017 1400 4065 chremen-

321 4091 379 4124 cum
398 4064 478 4135 denus
496 4083 619 4127 melodiae
637 4083 766 4138 pulchrius
781 4087 806 4129 et
819 4083 1006 4130 delectabilius:
1029 4084 1087 4138 quala
1101 4082 1262 4130 mediocriter
1275 4089 1300 4130 at
1313 4093 1400 4140 oppor-

320 4151 380 4191 tune
394 4155 462 4190 nunc
476 4145 560 4192 incitet
574 4149 682 4194 animum
697 4151 821 4196 tendendo
833 4151 864 4196 od
875 4153 973 4206 mine,
990 4149 1164 4196 nunceileviet
1174 4152 1200 4192 et
1209 4149 1270 4194 lenit
1279 4148 1400 4196 redeirndo

319 4209 469 4318 1·lele
472 4212 549 4315 'upote
562 4217 676 4260 uocatum
692 4219 730 4260 est
744 4217 923 4261 chromaticum
937 4225 951 4260 a
967 4216 1105 4272 chromate,
1123 4219 1176 4260 etc·
1199 4213 1309 4272 {dehuel
1322 4213 1399 4268 smpt-

331 4309 336 4320 ·
381 4287 425 4330 νΡ·
487 4307 500 4330 ·,’
