3116 4968
602 453 662 506 ua.
681 454 711 504 u.
742 453 810 506 444.
827 455 858 506 44.
1214 453 1277 522 22³

232 614 301 680 Non
322 609 446 699 aliquid
468 611 590 698 patriae
613 617 700 676 tanto
723 610 865 677 emetiris
888 611 1030 679 acervo?
1215 611 1277 678 405

232 733 290 802 Uni
313 733 463 798 nimirum
485 741 573 799 recte
595 731 651 799 tibi
674 751 804 820 semper
825 741 920 800 erunt
941 753 1004 802 res.

232 857 261 922 0
283 873 419 942 magnus
441 851 576 941 posthac
598 852 735 920 inimicis
757 853 857 920 risusl
880 854 998 924 Uteme

229 975 278 1042 ld
299 995 396 1042 casus
417 973 536 1041 dubios
557 973 637 1041 fidet
656 973 718 1042 sibi
740 973 886 1042 certius?
907 975 967 1044 llic
989 975 1045 1064 qui

229 1095 380 1163 Pluribus
401 1094 546 1162 adsuerit
567 1103 707 1162 mentem
729 1115 916 1184 corpusque
937 1095 1130 1184 superbum,

230 1221 278 1284 An
298 1217 354 1304 qui
377 1227 545 1285 contentus
567 1237 668 1304 parvo
690 1226 905 1306 metnensque
926 1217 1023 1286 littori
1212 1219 1274 1286 440

233 1340 266 1404 ln
287 1359 370 1428 pace
392 1349 428 1405 ut
449 1339 580 1426 sapiens
602 1337 718 1426 aptarit
739 1336 857 1407 idonea
877 1338 985 1408 bello?

254 1565 310 1614 409.
329 1577 344 1614 4
360 1569 430 1614 tereto
444 1565 541 1615 44444444
556 1565 583 1614 S.
611 1591 639 1602 -
666 1563 723 1614 405.
749 1567 816 1614 recte
831 1563 875 1614 4404
891 1565 958 1616 LCt:
984 1570 1069 1617 rectae
1090 1565 1134 1617 44444
1158 1565 1239 1632 bScp,

219 1640 263 1690 4404·
278 1643 377 1690 rectae
395 1639 480 1690 Codd.
498 1634 732 1706 praesentimus,
758 1640 797 1700 ii,
822 1639 867 1688 tibi
882 1645 966 1691 rectae
983 1641 1009 1691 F.
1031 1669 1058 1679 -
1084 1643 1165 1708 anmi]
1183 1649 1241 1694 444444

219 1715 249 1764 N.
263 1714 370 1766 Heinsio
387 1715 496 1764 44444444
513 1711 664 1776 9444444444,
683 1714 718 1766 ii.
738 1736 766 1749 -
787 1713 842 1765 404.
857 1719 915 1777 post
931 1715 976 1766 tec
992 1727 1127 1781 superscr.
1141 1729 1159 1766 a
1170 1719 1196 1768 s.

186 1930 276 1979 mum,
305 1919 333 1968 44
357 1915 461 1982 pulchri
486 1917 569 1982 ipsius
593 1919 710 1982 peritum
746 1930 843 1983 pomus
860 1917 1051 1982 affirmatione,
1076 1919 1104 1970 id
1124 1921 1205 1972 etiam
1223 1935 1273 1987 per

184 1991 365 2057 spectatorem
382 1993 410 2042 et
425 2005 506 2042 verae
518 1992 651 2056 dignitatis
662 1994 711 2044 ito·
745 1993 867 2044 ninum
887 1994 1050 2057 exprimitur.
1085 1995 1122 2046 lte
1146 1996 1272 2048 orationis

185 2079 280 2118 menae
289 2067 488 2118 aestimatorem
497 2067 641 2127 sinceram,
651 2079 712 2118 sae-
746 2068 833 2119 torma
858 2065 951 2120 similis
976 2073 1018 2120 est
1042 2070 1271 2134 interrogationi.»

184 2141 294 2206 pissime
324 2137 428 2191 laesum
455 2153 516 2192 4444
548 2139 710 2206 templorum
747 2143 906 2194 llarnans.
920 2142 962 2192 lV.
975 2156 1002 2207 p.
1015 2144 1072 2195 404.
1089 2171 1116 2182 -
1130 2146 1273 2196 444444454-

183 2213 320 2280 perbelle
337 2214 484 2266 domestica
501 2216 599 2280 partim
616 2214 711 2266 detur-
745 2221 820 2268 amnt
844 2216 899 2281 rea]
932 2217 1005 2268 Haec
1036 2216 1115 2269 lectio
1143 2223 1270 2285 praestat.

184 2291 323 2356 potorum,
348 2289 447 2353 partim
468 2289 634 2351 dirutorum,
662 2291 711 2340 tri·
746 2293 931 2344 Contulit.
961 2293 1057 2355 Sati,
1074 2293 1105 2354 9,
1125 2294 1165 2344 49.
1194 2294 1273 2347 Dola-

183 2367 299 2418 stissima
318 2365 401 2426 tacie,
420 2367 499 2430 atque
513 2365 712 2417 exanimlsen-
746 2366 816 2418 bella
833 2367 905 2432 apud
927 2368 982 2418 Cic.
1001 2367 1037 2417 ad
1056 2368 1128 2418 Fam.
1148 2369 1176 2431 9,
1195 2370 1222 2432 9,
1242 2371 1270 2420 t:

183 2441 265 2492 4444444
282 2441 402 2504 optasse,
421 2442 451 2490 ut
467 2440 576 2492 tandem
587 2440 710 2492 restitue·
745 2443 880 2494 444444444444
896 2447 953 2492 met
969 2443 1039 2505 epoti
1055 2446 1078 2493 te
1094 2443 1189 2493 onmia.
1224 2442 1271 2495 Al·

184 2517 291 2575 rentur.
309 2527 434 2579 sperasse
446 2527 554 2580 quoque
565 2515 592 2566 id
609 2516 709 2568 iactum
745 2521 803 2570 tora
820 2517 899 2570 lectio
909 2522 993 2568 rectos
1004 2519 1046 2568 est
1059 2517 1271 2570 accommodatio

182 2591 215 2640 iri
230 2603 247 2639 4
264 2589 381 2640 Caesare
398 2590 558 2642 Octaviano?
578 2590 651 2654 quod
668 2591 710 2642 in·
745 2594 780 2644 ad
796 2605 883 2644 urea.
917 2592 955 2644 Eo
972 2593 1057 2656 magis
1069 2605 1271 2658 supervacanea

183 2667 291 2729 ceptum
307 2676 404 2729 reapse
421 2664 465 2716 hic
482 2666 598 2716 maxime
611 2679 635 2716 a.
649 2665 707 2716 iao.
745 2671 788 2719 est
803 2668 872 2718 coni.
890 2672 950 2717 444444
967 2667 1030 2730 (Cic.
1050 2667 1085 2717 ad
1101 2669 1153 2718 Att.
1167 2667 1213 2729 44,
1227 2669 1268 2732 45,

183 2743 292 2792 suenus
304 2741 449 2790 exsecutus
461 2742 511 2791 444.
531 2741 706 2792 Castratae.
744 2743 774 2794 3:
793 2742 935 2804 Incipitraa
949 2741 1037 2790 44444444
1052 2741 1102 2803 ire,
1121 2755 1199 2803 aanor
1216 2756 1270 2806 pe-

182 2816 272 2866 octav.
286 2813 327 2864 30.
342 2814 498 2878 -improtel
512 2813 707 2866 ainsetiabiiisa
744 2816 861 2879 torota),
880 2813 953 2879 quod
969 2813 1088 2866 futurum
1104 2816 1204 2879 requiri
1226 2817 1270 2866 vi-

182 2886 350 2952 Postvirgilii
362 2888 503 2951 improbum
512 2887 708 2941 44444444ηὸ0444
744 2892 936 2943 deauraversn
947 2901 1005 2952 seq.
1021 2915 1049 2926 -
1059 2889 1173 2952 pmtaac]
1192 2901 1270 2942 «cum

183 2965 212 3026 4,
230 2965 271 3016 58.
290 2975 372 3014 ausus
389 2965 432 3014 eet
448 2964 529 3015 etiam
546 2964 637 3015 dicere
656 2965 708 3014 4444·
743 2964 932 3031 patrimonium
957 2977 1037 3014 omne
1063 2976 1113 3028 per
1137 2962 1271 3017 luxuriam

179 3037 261 3101 proto
278 3037 369 3086 cistas.
398 3037 473 3088 coni.
490 3037 649 3090 salmasium
672 3038 707 3089 ad
744 3039 1270 3103 consumpseris01Aoa.—rirar]·rlsus

181 3111 291 3167 44444444.
305 3113 335 3173 4,
355 3111 414 3174 405,
433 3113 458 3164 9.
480 3140 507 3150 -
517 3113 627 3178 patriae]
646 3125 708 3178 «pe-
744 3114 945 3176 argumentnm,
965 3110 1023 3175 gall.
1036 3112 1064 3161 tn
1078 3113 1169 3164 ritae.»
1192 3113 1267 3164 Ouid.

182 3189 258 3240 cunia
275 3186 410 3250 eroganda
432 3188 460 3238 in
479 3201 561 3252 opera
583 3187 707 3252 publicae
744 3190 812 3240 Fest.
827 3188 857 3248 4,
875 3187 940 3238 tar:
966 3187 998 3236 At
1013 3187 1073 3236 (44444
1090 3188 1270 3251 4944444444--

181 3262 285 3314 utilitati
300 3261 483 3324 inservientia,
502 3263 620 3326 porticus
631 3267 704 3328 puta,
744 3261 862 3314 0444445444
877 3262 912 3311 nri
921 3262 1008 3312 ionae
1018 3261 1116 3312 4444444444
1126 3263 1193 3312 msto
1202 3268 1268 3314 eret.

181 3339 247 3400 rias,
265 3334 439 3388 exsiccandas
456 3335 600 3400 paludem»
618 3337 706 3401 qualia
744 3335 1269 3400 -Uteme1aesuperadditurpronomini

182 3425 264 3478 opera
274 3425 329 3463 non
339 3411 397 3463 sine
409 3409 505 3461 callido
514 3410 623 3462 oonsilio
635 3413 706 3477 prin·
742 3410 944 3474 interrogativo,
958 3411 988 3462 ut
999 3411 1052 3462 Sat.
1062 3413 1087 3472 4,
1100 3412 1125 3472 3,
1138 3411 1196 3462 295.
1209 3411 1267 3462 344.

181 3487 357 3554 cipibusriris
368 3487 506 3550 imponere
516 3484 620 3538 solebat
631 3488 708 3538 octe·
742 3488 773 3538 ii.
787 3485 804 3536 l.
818 3483 1022 3549 interpolatores
1039 3483 1137 3548 (Aldus)
1155 3487 1270 3551 scripse·

180 3563 283 3616 uanus.
319 3559 521 3623 Cir.Tibull.t‚
540 3562 571 3623 i,
589 3561 629 3612 57.
653 3561 707 3612 4444-
741 3563 804 3612 runt
822 3561 954 3622 litantem,
981 3559 1054 3622 quod
1076 3561 1198 3612 Latinum
1215 3573 1269 3612 non

180 3651 234 3702 que
249 3637 422 3701 lntemretes,
456 3633 514 3686 Noli
530 3648 611 3698 vero,
629 3637 708 3688 utie-
741 3636 856 3688 videaur.

180 3713 276 3762 cerunt
299 3709 433 3770 nonnulli,
460 3709 561 3760 Horatii
583 3713 706 3776 tompore
775 3711 897 3763 4044-445.
926 3723 1000 3760 com
1015 3708 1109 3772 449444]
1128 3709 1270 3758 444444444-

180 3785 343 3851 cogitaretis
361 3781 552 3849 ξενοδοκείοις
568 3786 707 3838 instituen·
741 3785 910 3846 imitatem»
934 3786 965 3834 ut
989 3789 1103 3845 tenpore
1122 3781 1200 3832 4444444
1217 3781 1266 3832 Od.

181 3862 235 3922 4444,
254 3861 290 3911 de
306 3859 420 3912 alumnis
431 3860 535 3910 traiani
551 3861 707 3912 mercedu-
741 3860 771 3922 4,
790 3861 818 3923 9,
836 3859 879 3910 36.
903 3885 930 3896 -
951 3859 1073 3920 adami]
1098 3856 1269 3909 «4444444444-

181 3935 288 3995 cendia,
307 3935 342 3985 de
358 3947 464 3984 annona
480 3933 593 3985 levanda
611 3937 704 3986 cet-
741 3936 801 3986 rit.»
830 3932 949 3984 Cir.set.
967 3935 992 3994 4,
1010 3931 1035 3994 4,
1054 3933 1111 3983 405.
1132 3957 1160 3968 -
1178 3945 1269 3996 arper-

180 4016 250 4061 tento
265 4009 485 4073 matascone]
504 4009 706 4060 Lectiocodicis
742 4008 808 4073 54444]
826 4007 942 4058 retertur
958 4007 1039 4056 etiam
1056 4006 1089 4058 ad
1105 4020 1132 4056 v.
1150 4012 1266 4058 4444444444.

179 4087 198 4135 S
213 4099 228 4136 4
243 4089 314 4136 mato
329 4097 365 4134 444.
383 4097 410 4134 o.
429 4085 471 4134 est
491 4095 589 4148 prosae
606 4084 707 4134 oratio-
741 4083 817 4134 idem
834 4083 890 4133 lere
906 4084 948 4132 eat
964 4095 996 4132 ac
1014 4079 1191 4143 tluxuriensn,
1209 4083 1267 4134 4444

180 4159 229 4210 nis.
248 4156 324 4210 conl.
337 4158 414 4208 444.
430 4183 458 4194 -
470 4156 600 4221 samm]
613 4155 706 4218 aQuod
741 4158 840 4217 mavis,
867 4150 1078 4226 suiipsorum.»
1103 4181 1131 4193 -
1157 4157 1186 4206 ln
1201 4169 1269 4220 pecc

180 4234 208 4284 in
223 4233 324 4284 ironice
335 4233 455 4284 44444444
467 4244 550 4297 saepe
561 4231 603 4294 tit,
621 4234 652 4283 444
662 4245 704 4296 ea,
741 4230 804 4296 cet]
822 4231 864 4282 4444
879 4228 963 4282 rebus
980 4229 1107 4282 secundia
1117 4242 1179 4282 sese
1189 4236 1268 4294 opte-

181 4306 331 4372 dequibus
347 4305 534 4372 quaerendum
550 4307 599 4370 444,
622 4319 706 4359 occu-
740 4305 788 4368 444,
807 4305 986 4371 praepararit,
1011 4305 1158 4358 adversis.»
1188 4303 1265 4358 Geni.
