3090 4974
600 469 658 518 llllS
681 467 826 520 Pontica.

215 623 345 690 Proiiait
366 621 523 710 ampullas
546 631 578 690 et
599 621 840 711 sesquipedalia
862 621 976 698 verba,

214 743 247 810 Si
271 755 361 810 aurat
383 764 440 812 cor
463 745 638 832 spectantis
660 745 804 832 tetigisse
827 744 969 832 querela.

203 985 226 1030 et
244 979 330 1041 amiel,
348 984 452 1040 uimque
468 976 634 1042 Peerlkamp.
656 1007 683 1016 -
702 978 742 1028 99.
762 979 874 1040 querella
891 979 945 1038 bE,
965 980 1070 1042 querelis
1087 979 1153 1030 Cod.
1173 981 1227 1032 llo-

204 1066 262 1104 nso.
281 1054 383 1104 tertius.
412 1053 458 1114 (De
476 1054 606 1116 scriptura
624 1053 677 1102 vid.
697 1053 815 1116 Wagner
831 1054 946 1118 Orthoqr.
970 1053 1059 1118 l'erpii.
1079 1067 1105 1118 p.
1124 1053 1181 1105 lot.
1201 1057 1228 1105 et

203 1129 357 1178 Lachmann
376 1127 410 1177 ad
429 1129 532 1178 Lucret.
551 1140 577 1191 p.
596 1127 663 1188 tot.)

172 1349 258 1401 cando
271 1349 320 1401 sihi
332 1349 513 1414 undecunque
526 1351 626 1400 victum
637 1363 699 1400 con·
737 1352 790 1402 Cic.
805 1351 838 1402 sd
852 1353 902 1403 litt.
918 1355 941 1416 l,
957 1353 996 1416 ll,
1010 1353 1038 1404 3:
1054 1353 1140 1404 Totam
1150 1353 1215 1404 iaec
1226 1353 1261 1403 lo-

171 1427 318 1490 quirerent,
334 1425 440 1476 omissis
451 1423 542 1475 verbis
554 1424 699 1488 grandibus
734 1440 805 1488 mea,
824 1440 898 1490 qaam
913 1441 958 1492 epa
974 1429 1046 1479 uase
1064 1429 1125 1480 meir
1141 1429 1262 1478 oratiom-

172 1503 199 1550 et
216 1499 321 1564 regiis.»
340 1501 425 1550 Cous.
440 1499 519 1557 Cano.
541 1527 568 1536 -
589 1499 697 1563 pauper]
735 1501 903 1552 beu--soleo
921 1503 1068 1566 piepere,
1093 1503 1123 1553 de
1143 1505 1259 1568 Maesta,

171 1571 244 1624 sulse
257 1573 394 1624 deridetur
405 1573 545 1637 Euelpides
559 1571 698 1638 aliquoties
735 1575 765 1625 da
785 1576 869 1638 ferro,
897 1575 975 1640 (noeti
1000 1577 1058 1626 illas
1082 1571 1242 1642 ληκύθους,
1249 1575 1260 1640 l

171 1647 205 1698 ab
232 1647 422 1712 Aristophane,
453 1646 526 1712 quod
551 1646 697 1712 Telephum
734 1649 807 1699 ualde
816 1651 930 1713 movim
942 1651 1079 1714 peremit.
1099 1649 1163 1700 Plin.
1177 1650 1259 1713 Epist.

171 1733 320 1786 pannosum
338 1723 365 1772 et
381 1721 535 1772 mendicum
548 1721 696 1782 induxerat,
734 1723 808 1782 i,2:
827 1723 883 1772 Noa
900 1729 983 1774 imnea
1001 1724 1101 1774 commo
1117 1724 1201 1774 Marci
1217 1737 1261 1772 aa·

170 1809 224 1860 quo
235 1797 416 1860 spectatorum
430 1795 642 1846 misericordiam
652 1809 699 1845 ve·
733 1797 780 1846 stri
790 1793 941 1864 λτῑκόθους
953 1799 1075 1862 sapimus,
1088 1797 1183 1860 quoties
1194 1810 1261 1860 pau·

170 1870 322 1921 hamentius
334 1873 464 1920 moveret.
484 1869 609 1920 Prodibat
626 1871 697 1920 enlm
734 1871 813 1921 inluta
831 1873 919 1922 itinere
942 1873 1057 1923 decedere
1072 1885 1123 1922 eoa
1139 1873 1260 1934 intempe-

169 1941 265 2005 neap·
290 1938 463 2011 ἀμφίβλητα
488 1941 625 2010 σώματος
646 1941 698 1994 λα-
732 1946 802 1996 etiois
829 1947 1019 1997 commeatibus
1054 1946 1258 1997 aaawaetamw.

169 2015 232 2082 βῶν
243 2014 319 2090 ῥάκη
328 2012 478 2090 Ἀρκτήρια
489 2017 588 2084 τύχης,
608 2019 696 2083 Eurip.
734 2019 857 2070 Similiter
868 2020 902 2070 ad
914 2023 1047 2072 tumorem
1056 2020 1260 2084 significandum

171 2095 211 2144 Fr.
225 2093 333 2159 Telephi
350 2095 376 2144 2.
395 2095 472 2145 Dind.
487 2098 514 2146 et
531 2093 595 2144 ibid.
612 2095 652 2144 Fr.
666 2095 694 2144 t:
733 2096 839 2146 vesicae
863 2095 969 2146 nomine
993 2107 1058 2146 usus
1078 2098 1120 2146 est
1136 2092 1259 2146 Martialis

170 2165 217 2234 Μή
228 2183 282 2234 μοι
292 2164 468 2234 φθονήσητ’,
480 2162 582 2240 ἄνδρες
596 2162 697 2233 Ἑλλή-
733 2168 764 2229 1,
783 2169 828 2232 19,
842 2171 870 2219 7:
889 2170 908 2220 Α
927 2170 1018 2220 amaro
1030 2170 1121 2230 praesa
1135 2175 1170 2220 eat
1181 2169 1261 2219 oeteis

169 2259 226 2294 νων
244 2237 343 2316 ἄκροι,
361 2243 398 2294 Ei
408 2239 523 2307 πτωχὸς
534 2237 575 2293 ὢν
587 2241 695 2310 τέτληκ’
733 2245 815 2294 vesica
831 2244 929 2306 meua,
947 2245 1022 2294 Musa
1038 2258 1083 2294 aec
1099 2244 1188 2294 imaeo
1204 2257 1260 2306 tm·-

169 2317 201 2370 ἐν
212 2316 362 2369 ἐσθλοῖσιν
371 2316 470 2386 λέγειν.
489 2318 614 2370 Similiter
625 2318 697 2383 apud
732 2324 799 2370 mata
815 2323 996 2370 nostratamet.
1019 2317 1199 2382 Hieronymus
1210 2319 1257 2384 Ep.

172 2393 285 2444 Ennium
297 2393 373 2444 Both.
388 2395 415 2443 P.
430 2395 471 2443 So.
485 2407 511 2457 p.
525 2392 565 2444 61.
585 2395 696 2458 septam
733 2393 762 2446 l:
785 2395 883 2445 uaeas
902 2407 968 2444 aava
982 2393 1060 2444 uerba
1076 2398 1098 2443 et
1114 2394 1141 2442 ia
1157 2395 1259 2444 amdam

170 2467 273 2530 reliqui,
287 2467 383 2531 inquil,
397 2473 496 2530 saeptas
506 2467 611 2518 mettid
620 2467 693 2518 stolo.
731 2471 872 2522 nemeaeum
889 2469 1010 2520 tumentia
1027 2468 1109 2518 tacete
1120 2469 1259 2518 tnuiaatar

169 2543 249 2593 Aooio
266 2541 331 2592 ibid.
341 2555 368 2607 p.
381 2541 439 2593 219.
459 2545 499 2593 est
510 2547 611 2605 opertae
621 2555 696 2604 aqua-
731 2545 834 2610 lapus.
847 2571 873 2578 -
884 2543 1074 2606 sesquipedalia]
1085 2544 1178 2594 Crates
1186 2544 1259 2609 apud

168 2617 370 2680 diablucluque
385 2609 556 2681 horrificab'iii.
590 2619 695 2668 Poterat
732 2619 844 2671 hieinelr.
857 2619 897 2668 Fr.
912 2619 987 2668 Com.
998 2620 1028 2667 11.
1039 2620 1058 2667 1.
1072 2631 1098 2681 p.
1109 2612 1257 2684 211ιἚπη

169 2695 260 2744 autern
276 2693 349 2743 aaut
371 2691 423 2742 dici
440 2691 572 2755 Telephus
590 2695 617 2742 et
633 2705 694 2742 oum
732 2689 858 2764 τριπήχη
884 2688 1062 2753 Θετταλικῶς
1083 2693 1256 2756 τετμημένα,

170 2779 202 2817 ex
223 2767 334 2817 Arcadia
358 2764 457 2816 oraculi
483 2767 555 2816 iussu
581 2769 695 2818 matrem
733 2765 913 2830 polysyllaba,
937 2765 1023 2828 qualia
1046 2761 1189 2830 ἁμαξιαῖα
1209 2781 1258 2817 vo-

169 2842 321 2906 quaesitum
334 2842 360 2892 in
375 2842 487 2904 Mysiam
504 2840 539 2890 ad
551 2839 697 2890 Teuthran-
733 2843 777 2890 cat
786 2840 985 2903 Aristophanes.
1007 2839 1163 2890 Huiusmodi
1173 2839 1258 2891 verba

168 2917 224 2966 tem
244 2927 338 2978 regem
355 2918 397 2966 est
412 2914 562 2980 protectus,
590 2917 617 2966 at
634 2929 696 2966 cum
732 2913 890 2980 praesertim
911 2913 937 2963 in
955 2913 1191 2978 compositionibus
1208 2927 1259 2965 vo-

167 2988 322 3041 volneratus
343 2989 377 3040 ab
397 2987 496 3040 Achille
517 2989 592 3052 Argis
614 2991 696 3040 Grae·
733 2989 888 3042 cabalorum
903 2989 1056 3039 ltatinorum
1068 2989 1139 3053 apud
1150 2991 1257 3041 veteres

169 3077 262 3114 corum
279 3065 430 3128 principum
445 3061 600 3126 concilium,
615 3067 644 3113 ut
661 3061 695 3114 ab
734 3066 847 3128 tragicos
872 3064 963 3114 nescio
986 3062 1051 3127 quid
1071 3063 1185 3114 affectati
1207 3065 1258 3116 ha·

170 3137 266 3190 eodem
279 3141 431 3199 sanaretur,
451 3139 576 3203 precatus
590 3140 639 3188 est.
662 3139 694 3187 11,
732 3140 798 3191 bent
814 3139 956 3202 minusque
968 3138 1089 3202 apposita
1102 3141 1164 3188 sunt
1175 3151 1256 3190 verae

170 3213 252 3264 vater
268 3211 314 3264 1.1.
733 3214 880 3264 maestitiae
898 3212 1041 3262 actimori.
1068 3209 1217 3272 Gelliusiu,
1231 3215 1255 3262 7.

733 3301 766 3339 ex
783 3288 870 3339 Laevii
881 3285 991 3338 Alcesti:
1010 3285 1112 3336 Aurora
1119 3287 1258 3349 padarico-

202 3363 243 3412 ut.
257 3363 298 3414 99.
322 3362 430 3427 stultat]
449 3363 579 3426 «respuit,
599 3361 695 3414 talibus
732 3365 771 3414 lor
785 3391 811 3400 -
829 3363 897 3412 caru
913 3361 1101 3412 temleramiteu
1119 3389 1145 3398 -
1167 3361 1257 3412 Nestor

169 3450 223 3488 non
240 3438 346 3488 utitur.»
363 3465 390 3474 -
404 3438 539 3500 ampullas]
557 3437 610 3488 Cir.
625 3439 696 3488 Wei-
731 3437 898 3489 trisseliseaea
914 3441 937 3486 et
954 3437 1160 3498 dedcioreloquus.
1180 3435 1256 3488 Adde

169 3512 246 3562 ebert
257 3513 284 3562 P.
298 3514 325 3562 L.
339 3525 366 3575 p.
379 3510 437 3563 381.
456 3512 559 3564 Primus
571 3512 694 3563 Horatius
731 3511 929 3572 mdeatisibtlua,
954 3511 1163 3561 velivolitaatibeu
1182 3511 1258 3560 aaut·

168 3587 259 3638 verbis
270 3587 368 3638 Latinis
386 3587 499 3650 mnpttlla
514 3589 541 3638 el
557 3588 695 3650 aepulari
731 3588 787 3650 heu,
806 3585 909 3638 similia.
925 3613 952 3623 -
969 3585 1144 3648 stacam]
1162 3583 1257 3635 Dedita

171 3661 245 3726 [Epp.
259 3662 287 3722 t,
305 3660 333 3722 3,
349 3659 398 3724 11.)
416 3662 514 3713 eodem
531 3675 612 3714 sensu
630 3675 694 3714 usus
731 3675 812 3728 opera
830 3663 909 3726 poeta
923 3673 1063 3710 caesuram
1075 3661 1101 3710 in
1113 3659 1165 3709 hoc
1176 3671 1256 3709 versu

170 3747 230 3784 esse
248 3735 365 3798 videtur,
385 3747 438 3798 quo
456 3737 549 3786 Graeci
566 3733 694 3802 λήκυθος
731 3735 860 3802 neglexit,
887 3737 916 3785 ut
942 3735 998 3799 ipso
1025 3747 1105 3784 versu
1128 3731 1255 3784 dissoluto

170 3812 198 3860 et
214 3807 375 3876 ληκυθίζειν
398 3809 501 3872 (Strabo
519 3810 563 3870 ta,
582 3823 608 3876 p.
626 3811 693 3875 609.)
731 3806 935 3862 sollicitudinem
952 3810 1101 3859 imitaretur
1117 3808 1199 3858 animi
1216 3819 1258 3856 re-

170 3883 334 3949 usurpabant
352 3882 402 3934 ade
418 3885 537 3935 oratione
554 3885 632 3935 nimis
650 3897 695 3934 or·
732 3887 783 3938 bus
800 3886 921 3936 adversis
937 3883 1043 3942 alilioti;
1070 3896 1121 3933 nea
1138 3882 1258 3934 debebat

170 3961 230 4009 nata
249 3959 333 4023 (quasi
351 3971 384 4009 ex
401 3957 521 4009 colorum
533 3971 564 4008 ac
577 3959 696 4022 pigmen·
731 3959 836 4012 Schelle
848 3973 879 4010 ex
891 3959 1032 4010 rismum
1044 3957 1091 4008 Ed.
1105 3959 1132 4008 et
1143 3970 1195 4007 uno
1208 3959 1257 4008 Co·

169 4037 257 4084 torum
269 4046 342 4096 vase,
353 4029 503 4101 senatui,
517 4033 657 4084 ambitiosa
668 4035 696 4082 et
732 4035 791 4086 dice
809 4035 876 4084 Feae
893 4033 1032 4097 racipere:
1051 4032 1080 4082 Si
1089 4045 1134 4082 cor
1143 4037 1256 4094 spectau-

168 4109 310 4174 pigmentis
328 4107 408 4160 veluti
426 4109 553 4160 tumida.»
581 4109 693 4160 alleca
731 4110 763 4160 tis
778 4114 852 4159 uerat
868 4109 975 4172 talipiaco
991 4107 1100 4169 quarata.
1125 4107 1164 4158 Ci.
1180 4109 1253 4158 Pers.

170 4181 331 4234 Callimacho
357 4181 491 4234 sustulit.»
518 4185 611 4233 Poura.
650 4181 693 4233 llle
732 4186 756 4246 l,
770 4183 814 4234 ot:
838 4183 886 4244 (tui
901 4195 940 4231 me
954 4181 1019 4231 uolet
1034 4181 1179 4231 incurvasse
1195 4195 1256 4244 qua-

170 4257 242 4307 onim
253 4256 417 4321 tragoediam
430 4254 552 4308 Modoura
561 4253 694 4322 ληκύθαι-
730 4259 794 4309 reta.
808 4285 833 4292 -
850 4255 964 4320 tetiqlaee]
973 4249 1123 4327 ἀορίστως.
1139 4255 1177 4306 Cl.
1188 4257 1252 4320 Epp.

170 4347 203 4382 ον
215 4330 357 4398 appellavit
366 4333 468 4396 Fragm.
478 4333 534 4384 319,
546 4331 692 4386 Btomtteld.
732 4335 756 4393 1,
770 4333 811 4394 11,
824 4333 847 4382 a:
864 4331 929 4394 qaod
939 4344 1011 4382 utres
1019 4332 1152 4394 proprium
1160 4331 1254 4393 seeum.
