3090 4974
333 461 395 526 464
695 459 823 509 itonam
840 458 1059 514 narsrontnuu

377 617 427 682 Fit
449 615 657 681 Mimnermus
679 622 712 680 et
733 614 842 700 optivo
865 613 1056 700 cognomine
1078 615 1204 680 erescit.

376 723 472 803 llulta
495 737 577 812 lero,
603 745 637 801 ut
659 734 784 822 placem
807 754 910 821 genus
933 732 1086 800 irritabile
1108 744 1233 807 vatum,

377 859 456 925 Cum
478 855 585 924 scribo
609 866 642 944 et
663 856 800 943 supplex
822 853 932 942 populi
955 853 1106 943 suffragia
1128 867 1236 943 capto,

378 978 484 1054 Idem,
507 977 604 1043 linitis
627 977 741 1044 studiis
763 986 796 1043 et
816 985 924 1044 mente
948 986 1092 1063 recepta,

380 1099 538 1167 Obturem
561 1096 686 1186 patulas
708 1098 839 1184 impune
861 1096 1043 1184 legentibus
1065 1118 1171 1164 aures.
1360 1099 1417 1164 too

377 1220 532 1288 Ridentur
555 1218 637 1286 mala
660 1219 715 1307 qui
739 1228 936 1306 componunt
958 1219 1116 1298 carmina;
1139 1241 1252 1287 verum

368 1401 423 1450 4444.
442 1404 537 1450 armet
547 1411 681 1463 superser.
695 1398 742 1447 ib.
758 1423 785 1436 ·-
800 1398 856 1448 toa.
871 1396 1011 1448 0444444444
1027 1411 1110 1462 prave
1127 1397 1276 1450 Wakefield
1293 1399 1328 1450 ad
1341 1402 1391 1451 Lu-

250 1539 258 1554 ’
335 1555 426 1606 teiend
444 1555 536 1618 4444444.
550 1555 702 1606 8444444444.
715 1555 747 1605 u.
761 1555 786 1606 4.
799 1567 860 1619 pag.
899 1554 1057 1606 hensionem
1074 1555 1199 1618 effugiam
1215 1569 1304 1620 neque
1321 1559 1421 1608 iracun-

335 1631 414 1694 aaut,
439 1631 577 1682 Horatium
599 1632 668 1680 tecte
686 1629 729 1680 444
746 1630 861 1680 iocatum
899 1628 948 1680 dos
965 1631 1058 1692 444444
1075 1629 1223 1692 offendam,
1242 1634 1420 1683 vanisecruut

336 1719 398 1758 esse
415 1707 442 1756 iu
459 1706 638 1770 Propertium,
659 1705 706 1769 qut
723 1704 756 1755 de
775 1705 863 1754 semet
899 1702 1069 1754 sermonibus
1078 1716 1171 1754 aurem
1180 1705 1314 1768 praebeo,
1327 1707 1421 1758 tastum

336 1781 394 1845 ipso
412 1782 442 1840 a,
457 1781 467 1830 4
480 1818 486 1841 ,
499 1779 545 1832 et:
566 1779 682 1841 Umbria,
700 1779 793 1842 inquit,
811 1779 863 1828 lto-
899 1777 997 1838 tolero,
1015 1778 1216 1830 recitationibus
1228 1779 1338 1839 4444444
1356 1794 1421 1844 quae

335 1855 503 1917 mcaipotric
511 1854 666 1904 0444444444.
679 1854 766 1916 Atque
778 1853 862 1902 omni·
899 1851 968 1902 mela
986 1851 1055 1902 ierre
1074 1865 1186 1904 necesse
1203 1854 1270 1914 erit,
1297 1854 1421 1918 quamdiu

337 1942 372 1980 no
402 1929 499 1980 mirum
525 1931 567 1980 est
595 1930 722 1980 neutrum
753 1925 861 1978 alterius
899 1927 955 1990 ipse
981 1927 1100 1978 carmina
1126 1940 1287 1991 componere
1314 1942 1421 1993 pergam

337 2001 418 2054 ullam
435 2005 601 2054 mentionem
617 2002 729 2063 iecisse,
748 2013 810 2050 cum
827 1999 862 2050 ab
899 2013 931 2050 ac
941 2003 1083 2065 propterea
1094 1999 1184 2065 populi
1195 2001 1356 2066 applausum
1368 2017 1422 2054 me·

337 2081 451 2140 utroque
477 2079 505 2127 et
529 2079 668 2130 Maecenas
692 2079 720 2128 et
741 2074 862 2138 Virgilius
899 2076 943 2139 gni
956 2074 1421 2141 iaceredebeho.·-sapplac]aar'

338 2164 501 2215 magnopere
518 2151 648 2203 laudetur.
682 2153 808 2203 Ceterum
825 2152 863 2200 si·
900 2151 1054 2222 εἰρωνείαν.
1075 2177 1102 2186 -
1120 2151 1189 2201 idom
1202 2152 1288 2217 444444]
1308 2153 1420 2204 «Verum

337 2225 436 2276 militer
452 2227 558 2276 Domitii
574 2227 653 2278 Marsi
673 2229 768 2276 neuter
784 2238 864 2276 men·
900 2238 962 2276 cum
979 2223 1085 2276 desiero
1110 2223 1194 2276 semel
1217 2227 1305 2278 studia
1323 2229 1421 2292 poetice

337 2301 438 2350 tionem
455 2299 524 2350 iacit.
539 2327 567 2337 —
585 2301 726 2364 adposcere]
749 2301 795 2350 «si
811 2301 863 2350 444
901 2302 928 2350 44
944 2299 979 2348 ad
997 2311 1090 2350 senam
1107 2301 1227 2350 mentem
1244 2300 1364 2362 rediero,
1387 2301 1423 2352 ia·

338 2373 373 2425 illi
389 2386 484 2437 parum
501 2373 580 2424 luerit
598 2377 624 2425 et
640 2375 699 2438 plus
714 2387 786 2426 ame
799 2387 864 2426 4444-
901 2373 942 2424 eiii
964 2385 1046 2437 opere
1068 2387 1112 2424 me
1130 2373 1165 2424 ab
1183 2375 1224 2426 bis
1241 2378 1378 2428 aerumnis
1394 2374 1422 2424 li-

339 2445 529 2512 geritlaudis.»
541 2451 635 2499 Pouea.
651 2476 678 2486 -
690 2449 862 2513 Mimnermus]
901 2446 1029 2498 berebet
1044 2474 1071 2484 -
1089 2448 1206 2498 Obtcrem
1213 2449 1318 2512 petulca
1328 2451 1423 2512 44444444

339 2521 519 2586 Colophonius
536 2521 640 2587 olymp.
654 2523 698 2584 37,
715 2523 738 2575 4.
757 2537 782 2574 a.
798 2525 861 2576 Chr.
900 2521 1034 2584 tepentibus
1044 2521 1127 2586 curae]
1140 2524 1200 2586 lpse
1210 2536 1306 2574 versus
1315 2537 1422 2575 caesara

339 2597 396 2648 eat.
425 2597 617 2648 «Mimnermus
634 2597 703 2648 duos
724 2597 806 2649 libros
821 2597 865 2649 lu·
901 2594 975 2646 iubet
992 2609 1041 2646 nos
1059 2609 1121 2648 cum
1138 2596 1259 2648 iacobsio
1276 2599 1362 2649 Lectt.
1380 2599 1423 2648 tie

340 2669 461 2721 colentes
478 2671 611 2734 scripsit.»
629 2674 722 2722 Poura.
751 2674 777 2724 is
794 2670 865 2722 mul·
901 2683 960 2720 nus.
973 2682 1000 2733 4.
1014 2670 1072 2720 406.
1090 2672 1215 2734 iungere:
1233 2673 1424 2737 4444444444·-

339 2749 429 2796 torum
445 2745 543 2794 iudicio
561 2743 639 2808 longe
659 2746 805 2810 superabat
823 2747 866 2798 iu-
901 2744 979 2802 44444444
999 2747 1026 2794 44
1041 2758 1067 2794 v.
1084 2745 1218 2809 4444444444
1234 2747 1292 2798 sine
1310 2749 1423 2813 epitheta

340 2821 417 2884 genio
429 2821 456 2869 et
466 2820 554 2870 nativa
565 2819 732 2884 simplicitate
744 2820 866 2872 Callima·
901 2817 1092 2868 incredibiliter
1103 2819 1219 2882 languet.
1247 2821 1303 2872 lioc
1316 2819 1424 2885 ergodi

340 2896 422 2946 chum
438 2895 517 2946 nimis
532 2893 692 2958 plerumque
712 2899 761 2947 arti
778 2895 866 2948 indul·
902 2893 955 2944 cit:
983 2895 1028 2942 «si
1053 2891 1131 2944 nullis
1154 2895 1206 2945 iam
1228 2895 1424 2948 recitationibus

341 2971 457 3032 gentem.
484 2971 604 3033 Propert.
618 2971 646 3031 4,
660 2971 690 3030 9,
704 2972 748 3020 444
766 2971 824 3021 Plau
838 2973 866 3022 44
902 2966 998 3027 adero,
1024 2965 1087 3018 meli
1105 2965 1140 3018 illi
1164 2972 1261 3032 poetae
1278 2971 1425 3020 recitabunt

342 3043 864 3098 aenorecctetitiemennteermflmo,
902 3041 1021 3092 carmina
1044 3054 1092 3092 sua
1114 3054 1224 3105 prorsus
1240 3046 1331 3094 securi
1347 3060 1363 3095 a
1379 3059 1424 3108 pc-

341 3119 473 3182 44444444
482 3121 541 3168 4444
551 3119 577 3170 44
589 3132 720 3172 canonem
731 3133 866 3183 gramma-
902 3115 1000 3176 riculo,
1019 3129 1053 3166 ne
1071 3129 1120 3180 ego
1133 3117 1250 3168 vicissim
1261 3131 1309 3170 ecs
1319 3121 1423 3182 puniam

341 3193 455 3243 ticorum
471 3191 710 3245 Alexandrinorum
727 3207 790 3245 cum
805 3193 866 3246 Cal·
903 3193 931 3242 et
947 3203 1059 3241 enecem
1072 3204 1132 3242 urea
1144 3193 1242 3256 scripta
1254 3194 1422 3252 recitandum

340 3265 392 3316 linc
410 3267 595 3328 Mimnermus,
615 3267 792 3320 Callimachus
804 3283 865 3321 curn
903 3279 985 3328 quam
1006 3264 1135 3316 ultionem
1157 3281 1179 3317 s.
1203 3281 1321 3330 poenam
1338 3271 1423 3320 iocose

341 3341 457 3392 Phileta:
484 3342 534 3393 bos
559 3342 627 3393 duos
651 3346 742 3394 eutem
759 3345 868 3406 potissi-
904 3341 988 3404 magis
1014 3354 1094 3405 quern
1116 3343 1188 3392 serio
1209 3343 1240 3394 iis
1261 3344 1361 3396 instare
1378 3345 1425 3394 mi-

341 3428 415 3466 mum
426 3415 477 3466 eibi
488 3420 641 3481 sumpserat
650 3419 793 3470 imitandos
805 3421 868 3471 Pro·
904 3417 1014 3476 utetur,
1028 3413 1156 3479 quamdiu
1167 3430 1221 3468 ¹¹0⁰
1234 3417 1333 3468 fisslflrll
1343 3419 1423 3470 8444ᾱί4

342 3491 452 3555 pertius.
467 3492 506 3552 (3,
519 3491 548 3552 4,
562 3493 596 3555 4.)
615 3492 732 3558 4144444.
747 3496 772 3556 4,
785 3495 810 3556 6,
823 3496 864 3546 65.
905 3494 1077 3552 mentemque
1095 3493 1242 3556 receperit;
1265 3495 1370 3554 iocose,
1388 3495 1425 3542 in-

344 3593 371 3603 -
385 3567 476 3630 444444]
487 3568 543 3617 Hoc
551 3581 576 3617 v.
586 3571 726 3632 praeterea
735 3573 868 3634 reperitur
903 3577 1000 3626 quemi
1018 3564 1152 3628 siquidem
1170 3567 1227 3628 lpse
1246 3567 1367 3631 publicas
1383 3581 1425 3618 re-

342 3639 414 3704 apud
437 3641 530 3690 Gaium
551 3641 583 3700 4,
606 3641 667 3693 tet:
696 3645 822 3694 Vocantur
842 3645 868 3694 iti
904 3639 1041 3688 citationes
1058 3653 1195 3702 nunquam
1210 3642 1335 3701 iustituit;
1353 3641 1425 3692 itaut

343 3715 476 3776 (tutores),
503 3716 546 3776 qai
562 3729 595 3765 44
612 3719 709 3778 optione
724 3725 866 3779 4444444444,
903 3727 933 3762 44
950 3726 1015 3762 vera
1037 3713 1087 3766 illis
1110 3713 1179 3766 nulla
1201 3717 1333 3768 eiusmodi
1347 3729 1425 3778 444444

341 3789 449 3850 4444444.
486 3790 531 3840 Est
557 3791 647 3854 igitm:
676 3794 807 3844 enomine
834 3809 867 3846 er
904 3789 1022 3838 instaret.
1048 3789 1166 3852 (Accedit
1176 3789 1310 3842 iuvenalis
1320 3791 1424 3842 imitatio

342 3862 426 3914 libera
443 3864 551 3928 optione
568 3868 739 3930 assumpto;»
760 3863 868 3932 «quod—
904 3864 957 3912 sat.
971 3863 998 3921 4,
1018 3863 1048 3912 4;
1067 3863 1170 3926 seraper
1189 3877 1234 3928 epo
1251 3867 1354 3916 44444444
1369 3871 1424 3914 tan·

342 3950 448 4002 cunque
474 3951 572 3990 nomen
596 3940 620 3988 ei
643 3939 746 4003 piacet,
773 3943 825 3994 444
843 3945 867 3994 44
904 3938 1155 4001 imitamentum
1171 3941 1337 4003 reponant?-
1348 3966 1361 3978 ·
1375 3941 1424 3990 444-

341 4011 406 4062 dare
418 4009 519 4062 soleo.»
534 4039 560 4050 -
572 4013 667 4077 4444444]
677 4016 778 4066 «maier
787 4017 868 4068 etiam
902 4026 986 4076 pene
1001 4027 1062 4077 “9⁰
1077 4015 1139 4064 mill
1149 4015 1293 4066 ‘⁰⁶⁸‘va
1307 4016 1425 4077 44444044·

342 4087 420 4148 poeta
439 4086 552 4136 evadit.»
904 4093 957 4150 tas,
975 4088 1021 4138 Hic
1037 4089 1137 4153 4444444
1153 4090 1281 4152 impurae
1296 4091 1424 4142 4444444444·

375 4158 495 4209 toa-tce.
517 4162 597 4212 44444444
607 4163 669 4227 [444]
687 4163 796 4218 «binim
808 4179 868 4217 mo-
902 4163 1035 4225 aumpem't
1045 4163 1132 4228 4444444
1143 4163 1288 4229 4444444444)
1306 4163 1423 4226 Plerique

341 4229 432 4282 lestias
450 4235 580 4297 patienter
598 4239 731 4300 sustineo,
750 4239 824 4300 dum,
838 4243 867 4292 ut
904 4241 996 4290 contra
1020 4240 1145 4303 iungunt:
1172 4239 1290 4292 oetam
1314 4240 1423 4302 law,

342 4305 526 4358 inurbanitatis
552 4323 583 4358 44
608 4313 750 4375 superbiae
772 4325 867 4378 repre·
903 4316 984 4380 etque
1001 4315 1218 4379 interpretantur.
1253 4315 1357 4366 «Nemo
1374 4313 1424 4362 lam
