3082 4968
577 423 636 473 Llll.
656 425 676 472 l.
711 425 778 475 Srl‘l'.
798 423 839 473 lV.

213 581 379 648 Exanimat
401 580 578 668 mortisque
601 588 687 646 metu
710 577 770 646 sibi
792 598 928 667 parcere
951 579 1052 666 cogit,

213 704 265 770 Sic
287 713 419 769 teneros
442 701 567 768 animos
590 699 695 768 aliena
717 699 893 789 opprobria
915 720 1014 788 saepe

215 825 401 892 absterrent
423 823 517 889 vitiis.
563 824 608 888 Ex
630 821 692 890 boc
715 843 775 911 ego
798 843 897 889 sanus
920 821 960 888 ab
983 820 1060 898 illis,

214 946 395 1014 Pemiciem
416 965 632 1034 quaecunque
655 945 774 1021 lerunt,
796 942 1018 1048 mediocribus
1041 953 1073 1009 et
1097 943 1170 1031 quis
1197 943 1259 1008 i30

214 1069 367 1158 Ignoscas
388 1068 473 1136 vitiis
497 1077 627 1146 teneor;
650 1067 795 1134 fortassis
817 1077 850 1133 et
871 1067 965 1134 istinc

215 1191 360 1280 Largiter
382 1189 550 1258 abstulerit
571 1189 667 1278 longa
689 1199 792 1267 aetas,
816 1188 900 1256 liber
921 1188 1058 1266 amicus,

217 1311 393 1380 Consilium
412 1313 590 1400 proprium;
614 1331 721 1399 neque
737 1311 831 1388 enim,
856 1329 930 1377 cum
945 1309 1082 1376 lectulus
1098 1319 1153 1376 aut
1166 1329 1218 1375 me

217 1435 363 1502 Porticus
386 1435 529 1522 excepit,
554 1433 669 1500 desum
691 1431 777 1498 mihi.
822 1431 951 1500 Rectius
973 1431 1035 1498 hoc
1058 1431 1120 1499 est!
1196 1499 1202 1504 ,

216 1558 286 1624 lloc
308 1556 429 1622 faciens
453 1557 559 1622 rivam
583 1553 716 1621 melius!
741 1553 794 1620 Sic
818 1552 922 1621 dulcis
945 1553 1057 1620 amicis
1202 1551 1263 1618 t35

217 1679 412 1746 Occurraml
437 1679 506 1744 Hoc
528 1677 661 1765 quidam
683 1697 747 1742 non
768 1675 869 1755 belle;
893 1674 1050 1762 numquid
1073 1694 1135 1762 ego
1158 1673 1201 1739 ilii

218 1800 409 1888 Imprudens
432 1799 509 1866 olim
531 1797 645 1866 faciam
668 1797 796 1866 simile?
813 1849 819 1862 .
837 1848 865 1861 ..
890 1798 978 1862 Haec
1000 1816 1062 1884 ego
1084 1815 1213 1862 mecum

218 1923 422 2008 Compressis
445 1919 668 2010 agitolabris3
693 1919 849 2008 ubi-quid
873 1918 968 1984 datur
989 1918 1047 1993 oti,

218 2043 321 2110 illudo
344 2043 473 2110 chartis.
517 2044 587 2109 Hoc
609 2053 659 2108 est
681 2041 899 2108 mediocribus
922 2038 983 2106 illis

219 2167 264 2232 Es
286 2165 371 2232 vitiis
393 2187 510 2242 unum;
534 2163 584 2230 cui
609 2164 635 2229 si
658 2161 839 2230 concedere
862 2161 957 2238 nolis,
1207 2163 1269 2230 tto

246 2403 304 2452 tea.
333 2401 481 2452 abstulerint
503 2415 518 2450 c
541 2403 568 2452 et
584 2415 625 2466 pr.
650 2399 676 2449 d.
702 2397 843 2463 (abstulerit
865 2413 935 2452 corr.
956 2402 991 2465 d.)
1021 2431 1048 2439 —
1076 2404 1133 2456 tet.
1164 2407 1270 2468 accipiet

210 2479 462 2604 {xiegcsgfflmpu
481 2479 506 2526 S.
536 2504 564 2513 —
594 2475 650 2526 439.
678 2475 795 2526 Iocumbo
812 2489 839 2540 p.
871 2501 897 2511 -
926 2475 982 2528 tto.
1012 2478 1079 2528 acies
1103 2478 1237 2530 Bentleius

176 2741 215 2789 nti
234 2753 330 2804 spero,
355 2749 448 2790 rursus
469 2739 595 2790 deiendet
614 2738 702 2790 sulces
743 2740 807 2789 ottus
823 2741 868 2790 boc
884 2743 932 2799 est;
950 2741 1002 2790 Hoc
1014 2741 1110 2805 (ipsum
1127 2742 1213 2805 igitur)
1230 2744 1270 2806 se·

177 2827 240 2864 cum
256 2812 331 2864 illud:
347 2813 386 2863 Aa
396 2826 501 2864 -aecae,
518 2841 542 2852 -
558 2815 646 2864 inutile
661 2815 705 2878 so-
742 2815 808 2864 ciens
823 2815 908 2864 viuum
923 2815 1026 2874 Μίνω
1043 2816 1079 2864 sic
1092 2815 1171 2864 ducis
1181 2817 1269 2866 muisis

176 2890 226 2954 car]
244 2889 272 2939 id
284 2891 337 2949 est¹
358 2889 495 2949 «noxium,
515 2887 703 2948 damnosum„
743 2889 891 2939 Occstrram.
920 2888 1091 2952 Hocicontrai
1104 2889 1270 2951 qatdcmaoo

177 2967 207 3013 nt
238 2963 378 3027 aliquoties
406 2962 479 3026 apud
507 2962 703 3023 Quintilianum.
743 2965 815 3024 belim
838 2965 960 3025 nunquid
976 2977 1021 3028 epo
1037 2965 1075 3012 itii
1092 2967 1142 3014 cet.
1171 2965 1223 3014 Sed
1243 2967 1267 3015 si

178 3037 232 3090 Cir.
245 3036 371 3103 Spalding
386 3039 421 3088 ed
436 3039 465 3099 5,
485 3038 530 3101 to,
549 3039 590 3089 82.
618 3039 704 3101 Atque
743 3051 805 3089 cum
823 3038 919 3088 ceteris
936 3037 1126 3101 interpretibus
1144 3040 1270 3101 quattuor

177 3125 287 3178 prorsus
317 3115 357 3164 sic
384 3114 477 3163 Graeci
505 3115 636 3177 usurpant
661 3125 703 3162 vv.
743 3113 844 3164 statuas
861 3111 997 3173 membre,
1022 3113 1098 3176 longe
1121 3113 1269 3163 evidentius

177 3181 311 3258 ἀχρεῖον,
328 3180 487 3258 ἄχρηστον.
508 3211 536 3225 -
554 3189 646 3252 stuprat
661 3200 707 3235 iu·
743 3186 790 3238 tibi
807 3185 947 3252 apparebit
963 3187 1070 3238 assidua
1087 3189 1115 3236 et
1135 3187 1269 3238 indelessa

178 3263 257 3327 neore]
292 3257 406 3325 imagine
436 3274 450 3311 a
479 3261 578 3312 nostris
611 3261 706 3324 linguis
743 3263 838 3327 poetae
856 3273 919 3311 eure
942 3262 969 3311 in
992 3261 1131 3312 hominum
1148 3261 1269 3314 moribus

179 3337 274 3388 aliena.
293 3338 361 3387 Nos:
387 3337 436 3386 cin
451 3335 540 3386 ustor
562 3337 624 3399 iiuf
640 3349 707 3386 uer·
743 3335 877 3396 notandis,
900 3337 929 3384 ut
945 3337 1032 3386 semei
1048 3336 1138 3399 ipsum
1155 3337 1271 3400 corrigat

177 3411 270 3475 seim,
289 3410 435 3474 bedrdngt
452 3411 566 3471 dieses,
585 3423 618 3459 er
632 3411 707 3458 steht
743 3413 823 3473 atque
842 3409 976 3460 emendet.
993 3437 1020 3446 -
1039 3409 1193 3475 imprudens]
1213 3412 1270 3462 nin-

179 3489 211 3536 in
234 3485 336 3535 tibiam
361 3485 446 3547 iisse.
475 3511 502 3521 -
525 3485 623 3549 Avidus]
649 3485 706 3534 «in—
744 3485 858 3545 sciens»
877 3481 1029 3533 λανθάνων
1046 3481 1181 3549 ἐμαυτόν.
1198 3486 1272 3536 -li-
1320 3485 1340 3523 κ·

180 3560 388 3624 temperantesn
425 3559 516 3608 Senon.
544 3583 571 3594 -
591 3560 633 3608 Em
653 3557 706 3622 boc]
744 3559 810 3620 tudo]
824 3557 1271 3621 «qussiludensconiicioinchar-

181 3635 290 3693 «hince,
317 3632 350 3684 ἐκ
374 3627 494 3692 τούτου,
515 3632 580 3683 «hec
606 3632 707 3683 educa-
744 3633 1145 3698 tesi-cuisicoocedereeotis]
1159 3632 1270 3696 «quodsi

181 3710 277 3760 tiones,
299 3707 408 3758 —liber
424 3707 529 3772 concur]
550 3701 708 3779 suppactu-
744 3706 811 3758 lorte
842 3707 904 3758 huic
936 3707 1000 3757 vitio
1032 3708 1171 3769 ignoscere
1203 3704 1269 3757 nolis

180 3779 265 3848 στής,
292 3783 353 3846 aqui
376 3795 438 3833 mea
459 3783 522 3832 vitia
540 3795 602 3833 cum
625 3781 708 3832 liber·
745 3781 826 3845 (quod
848 3784 937 3832 umen
955 3783 981 3831 te
1005 3780 1137 3830 iacturum
1159 3781 1268 3844 spero),

180 3861 235 3909 tete
253 3858 395 3920 corrigat.»
416 3885 442 3893 -
456 3857 568 3919 iactabas]
585 3856 709 3907 lucubra-
743 3869 792 3921 pro
810 3857 884 3906 certo
896 3857 986 3907 veniet
997 3857 1066 3905 cet.»
1084 3855 1126 3904 Sic
1137 3854 1184 3904 ubi
1196 3867 1272 3906 ecce-

180 3935 273 3984 torius.
300 3959 327 3968 -
351 3932 472 3994 Portimas]
491 3933 538 3983 «in
561 3944 612 3995 qua
636 3929 708 3982 solus
745 3931 880 3995 perimus,
898 3932 1009 3994 apparet
1021 3930 1203 3990 necessarium
1218 3943 1271 3981 non

180 4004 357 4058 deambulare
375 4004 474 4056 soleo.»
493 4033 522 4044 -
538 4007 623 4056 desum
638 4005 707 4069 mibi]
745 4018 820 4066 esse,
839 4007 869 4054 ut
879 4004 1030 4054 scribamus
1046 4016 1108 4053 curn
1124 4004 1270 4055 Kircbnero

182 4095 251 4132 anon
268 4079 384 4144 negligo,
403 4081 477 4144 quod
494 4080 571 4131 oiiicii
584 4081 637 4131 mei
654 4083 707 4140 est;
745 4081 808 4130 notis
819 4107 834 4117 -
845 4105 858 4116 ·
869 4079 967 4139 nanim,
1001 4082 1047 4130 aut
1069 4091 1131 4130 cum
1153 4079 1271 4130 Bentleio

180 4159 264 4208 immo
276 4154 386 4206 elaboro
398 4156 424 4206 in
436 4157 538 4206 memet
548 4157 606 4220 ipso
618 4167 710 4206 emen·
745 4155 812 4204 nolu
823 4183 838 4194 -
849 4181 864 4190 -
874 4153 962 4204 cenot.
981 4153 1109 4204 Futurum
1120 4154 1188 4204 setes
1199 4152 1271 4204 esset

181 4230 297 4280 dando.»
318 4257 345 4266 -—
365 4229 471 4291 Rectius]
491 4231 607 4280 Diintzer
618 4228 710 4279 statuit
747 4227 896 4292 praefracte
908 4228 1042 4290 negantis;
1055 4227 1119 4278 nolis
1130 4227 1226 4277 dicitur
1236 4225 1270 4276 de

181 4304 235 4356 duo
253 4305 391 4356 dumtaxat
412 4303 535 4355 membra
559 4315 634 4355 esse:
662 4305 710 4354 iic-
727 4345 730 4352 .
747 4317 794 4364 eo,
819 4303 864 4366 qui
888 4301 1062 4366 probabiliter
1082 4303 1109 4353 id
1127 4313 1273 4352 concessu·
