3156 4972
611 439 672 492 am.
690 441 721 490 n.
756 394 825 491 aar.
842 439 897 490 vu.
1242 437 1305 503 347

218 597 270 649 τὸν
286 599 416 666 οἰκέτην,
435 611 498 650 oum
515 599 641 663 mancipii
658 599 774 664 asperis,
792 598 841 650 sed
858 596 999 649 voracibus
1017 598 1123 648 monitis
1137 601 1305 664 opponantur

220 684 279 736 heri
297 683 357 735 talia
375 683 426 736 sibi
443 681 521 734 obiici
539 682 666 746 indignati
682 681 772 733 rabies
790 684 869 747 atque
888 695 981 745 graves
998 683 1095 731 minae.

282 766 472 828 Nihilominus,
491 766 557 817 dum
573 769 600 817 iu
618 769 706 817 semet
722 767 811 831 ipsum
829 765 972 832 opprobria
994 763 1066 829 larga
1084 779 1165 816 manu
1181 767 1304 829 ingerere
1360 825 1368 830 ,

216 850 334 910 ridetur,
347 851 486 902 bominum
498 849 575 914 rotgo
587 853 668 916 atqua
680 851 811 916 imprimis
823 849 983 901 adversariis
994 851 1050 900 suis
1061 849 1200 912 significat,
1212 849 1304 901 talium

217 935 251 986 de
263 949 293 986 se
305 935 400 985 iudicia
412 935 509 999 partim
521 935 661 998 iniquiora,
676 935 771 999 partim
783 947 893 1000 prorsus
905 932 969 984 iaisa
982 933 1091 984 minime
1104 932 1203 984 distare
1216 934 1250 984 ab
1262 935 1304 997 iis,

217 1032 287 1084 quae
304 1033 320 1068 a
337 1020 433 1083 quovis
449 1017 556 1070 servolo
574 1019 632 1070 fleri
649 1021 677 1069 et
692 1019 796 1084 possint
812 1021 840 1068 et
855 1017 972 1078 soleant;
999 1016 1122 1080 indiguos
1144 1017 1223 1080 igitur
1243 1031 1305 1070 ossa

216 1117 280 1156 suos
298 1102 508 1164 obtrectatores,
535 1102 633 1168 quibus
656 1102 759 1152 directo
779 1101 955 1166 respondeat,
982 1103 1109 1165 omniqua
1127 1101 1305 1154 contutatione

219 1201 287 1252 ougo
312 1189 451 1252 praestare
474 1185 591 1251 tepidam
614 1183 755 1236 stultorum
779 1185 951 1236 derisionem.
986 1187 1025 1237 De
1049 1184 1145 1237 tatibus
1167 1187 1238 1237 enim
1256 1199 1305 1238 suo

218 1285 266 1322 ore
284 1272 376 1322 dicero
393 1272 517 1336 poterat:
534 1264 711 1340 Ἅνδράποδα
727 1265 820 1320 ταῦτα
838 1263 892 1321 οὐκ
909 1266 986 1320 oioev
999 1265 1066 1320 niati
1082 1271 1127 1334 τίς
1143 1271 1218 1336 εἰμι,
1237 1263 1306 1322 οὐδὲ

217 1355 276 1407 ποῦ
293 1371 353 1421 μου
369 1350 405 1404 τὸ
422 1349 537 1420 ἀγαθὸν
554 1355 603 1404 καὶ
620 1351 655 1404 τὸ
671 1350 777 1415 κακόν,
796 1346 842 1404 ὅτι
854 1349 888 1405 οὐ
901 1350 1047 1426 πρόσοδος
1063 1348 1163 1418 αὐτοῖς
1180 1351 1253 1427 πρὸς
1269 1351 1305 1405 τὰ

216 1435 283 1506 ἐμά.
320 1440 431 1504 (arrian.
444 1439 528 1505 Epict.
541 1437 570 1502 i,
588 1439 617 1500 5,
636 1437 688 1501 at.)
717 1438 794 1490 Haud
804 1439 897 1490 inscita
910 1440 951 1488 est
962 1439 1087 1490 Diintzeri
1098 1439 1200 1504 opinio,
1219 1440 1306 1505 prima

217 1522 260 1576 illa
277 1523 359 1576 voluti
376 1537 392 1573 a
408 1523 571 1588 Damasippo
588 1521 774 1574 Saturnalibus
792 1522 904 1573 diatriba
921 1523 1011 1574 habito
1030 1523 1092 1587 (Sat.
1105 1524 1135 1586 2,
1154 1523 1189 1587 3.)
1207 1523 1306 1575 adver-

217 1609 302 1660 sartos
318 1605 418 1672 aliquot
435 1608 564 1658 excitatos
583 1619 657 1668 esse,
684 1606 781 1671 quibus
803 1620 856 1657 non
873 1607 931 1658 sine
949 1605 1050 1658 urbana
1068 1607 1184 1671 quadam
1205 1605 1305 1660 malitia

218 1692 342 1744 Horatius
362 1691 407 1744 bio
427 1689 539 1744 alteram
559 1692 679 1744 suanam
701 1688 868 1742 Saturnalem
888 1691 991 1743 otierat.
1030 1691 1133 1758 Scripta
1155 1690 1262 1744 videtur
1277 1705 1303 1743 a.

217 1789 244 1826 u.
262 1789 287 1828 o.
306 1774 364 1828 iti.
