3174 4974
310 417 372 484 olo
673 418 802 470 uonnrn
820 418 1041 471 arrsromnon

350 575 539 642 Promittant
561 573 694 654 medioi;
718 583 852 641 tractant
873 572 999 640 fabrilia
1020 572 1116 640 labri:

351 695 527 764 Scribimus
550 693 669 760 indooti
692 693 845 782 dootiqua
867 701 1017 782 poemata
1038 694 1169 782 passim.

352 817 411 882 llio
433 835 526 882 error
547 825 654 881 tamen
676 824 709 881 et
730 815 810 883 levis
833 815 913 883 haec
937 816 1061 881 insania
1082 824 1220 903 quantas

351 938 489 1004 Virtutes
511 935 644 1014 habeat,
668 935 715 1002 sio
735 935 865 1023 collige:
888 936 969 1002 vatis
992 955 1109 1002 avarus

350 1060 421 1124 Non
430 1068 553 1124 temere
569 1066 619 1123 ast
632 1057 757 1123 animus
767 1079 774 1136 ;
786 1077 900 1123 versus
910 1066 1002 1134 amat,
1016 1056 1078 1123 hoc
1090 1056 1198 1123 studet
1209 1077 1322 1138 unum3
1336 1057 1400 1123 i20

351 1179 562 1256 Detrimenta,
586 1178 678 1264 sugas
700 1197 886 1254 servorum,
911 1176 1059 1244 incendia
1081 1176 1179 1256 ridat;

351 1301 421 1368 Non
442 1300 589 1368 fraudem
611 1299 700 1366 sooio
722 1318 867 1387 puerove
889 1298 1040 1386 incogitat
1061 1297 1158 1365 ullam

376 1535 433 1585 tta.
450 1548 529 1597 puero
544 1549 595 1585 non
611 1535 705 1599 cogitat
716 1547 749 1586 ex
759 1547 842 1598 prava
853 1504 1213 1598 interpol'Gueiierbytanus
1228 1534 1362 1596 Sohmldii‚

343 1608 409 1659 Edd.
422 1607 540 1660 Aldinae.
562 1637 589 1645 -
609 1609 665 1660 itt.
684 1610 741 1659 urii
758 1615 793 1658 art
810 1621 873 1659 oum
890 1621 944 1658 uno
961 1610 1029 1659 Feae
1046 1607 1157 1671 aliisque
1175 1609 1245 1673 apud
1262 1610 1365 1660 Combe

343 1685 417 1735 lahn.
446 1685 558 1746 (Utnos,
577 1682 663 1744 bSEo,
682 1696 778 1734 omnes
795 1684 910 1734 Pottiarii
929 1687 957 1734 et
977 1682 1122 1746 Schmidii.)
1147 1711 1173 1720 -
1196 1685 1261 1734 ortt.
1288 1685 1366 1734 st·-

311 1891 381 1940 ἅλοις
397 1888 559 1940 abrotonum
577 1891 685 1953 aegram
702 1889 761 1939 dat:
784 1901 835 1938 mo
874 1891 981 1954 proprie
993 1890 1027 1940 sit
1045 1902 1114 1939 onon
1126 1889 1347 1950 inconsiderata»
1365 1891 1401 1940 sl-

310 1964 360 2014 dioi
382 1965 554 2028 promittunt,
582 1963 654 2027 quod
672 1963 838 2013 medicorum
876 1961 929 2014 moi
942 1965 1011 2014 inest
1022 1961 1272 2014 difficultatienotio.
1291 1963 1330 2014 Ci.
1344 1963 1398 2014 Sat.

311 2041 360 2089 ast.
390 2039 489 2098 Sentis,
513 2037 621 2102 opinor,
648 2034 838 2102 ταυτολογίαν
874 2037 1269 2101 a‚2,tto.13pp.t‚2‚ra.-
1288 2037 1333 2087 loo
1349 2042 1401 2086 etu-

311 2109 445 2174 garrulam
463 2113 490 2162 et
507 2113 650 2176 ineptam.»
681 2114 714 2161 nt
731 2114 772 2162 ast
788 2123 838 2175 po·
875 2111 1011 2174 dationum]
1024 2112 1054 2159 V.
1065 2113 1236 2159 studerooum
1248 2111 1400 2160 accusativo

312 2187 365 2236 tius
381 2183 562 2256 βραχυλογία
579 2199 628 2250 pro
651 2186 707 2236 his:
732 2185 839 2235 Abroto-
876 2183 1013 2234 dumtaxat
1036 2185 1223 2248 pronominum
1253 2186 1299 2234 aut
1326 2185 1401 2234 adie-

311 2271 373 2309 num
384 2285 422 2297 -·
433 2261 509 2318 dore;
538 2273 619 2318 nam,
637 2263 666 2307 ut
682 2256 766 2322 probe
785 2258 839 2307 soi·
876 2259 1006 2308 clivorum
1014 2255 1234 2324 pronominalium
1244 2261 1398 2322 gennautr.

313 2345 387 2392 mus,
408 2334 474 2394 quod
483 2357 514 2368 --
523 2333 620 2381 ntodtoi.
637 2359 663 2368 —
676 2331 781 2394 fabrilia
796 2332 839 2394 fo·
877 2335 1059 2382 constructum
1072 2333 1221 2395 reperitur,
1233 2335 1264 2381 ut
1275 2333 1330 2382 Clo.
1342 2331 1400 2383 Phi-

313 2404 359 2468 bri]
378 2406 501 2468 Speciem
517 2403 600 2454 habet
617 2405 760 2469 proverbii.
786 2406 840 2454 Eu·
876 2405 1081 2471 lipp.6,i,lli:
1104 2419 1183 2456 unum
1199 2407 1293 2456 mdis
1308 2419 1399 2468 omnes,

313 2479 363 2542 rip.
377 2479 480 2541 Fragm.
493 2479 545 2527 ine.
560 2478 600 2528 al.
614 2478 707 2528 Diud.:
727 2478 839 2528 Τέκτων
875 2493 955 2530 noum
970 2481 1085 2542 studetis,
1104 2483 1216 2544 excepto
1234 2485 1324 2532 tamen
1341 2480 1401 2532 looo

313 2549 368 2622 γὰρ
385 2547 426 2602 ὢν
443 2547 586 2624 ἔπρασσες
603 2547 638 2603 οὐ
656 2549 838 2624 ξυλουργικά.
877 2553 961 2605 Plauti
972 2552 1023 2605 llil.
1037 2554 1070 2617 gl.
1084 2556 1108 2613 5,
1122 2553 1161 2606 ll.
1176 2555 1323 2618 antiquiore
1334 2569 1398 2606 usu:

317 2655 345 2666 -
356 2629 458 2693 paedia]
472 2641 581 2680 «omues
592 2629 755 2693 promiscue,
769 2629 839 2679 dooti
875 2629 958 2679 minus
974 2630 1019 2678 lar
1035 2641 1075 2677 rer
1091 2630 1213 2679 studeant.
1234 2655 1261 2665 -
1279 2630 1353 2693 socio]
1372 2631 1399 2680 in

213 2709 216 2714 '
315 2715 377 2752 cum
386 2704 499 2754 indoctis
508 2704 608 2753 minti.»
627 2703 665 2754 Cl.
678 2703 838 2754 llandTurs.
877 2703 1053 2767 negotiatione
1071 2701 1158 2766 eliqua
1175 2701 1218 2753 vel
1236 2704 1263 2753 in
1280 2703 1401 2767 publiea-

313 2778 355 2828 lV.
374 2791 401 2842 p.
420 2776 477 2829 toa.
510 2777 553 2827 Sio
573 2775 666 2827 Tibull.
688 2779 718 2839 λ,
740 2777 769 2836 3,
791 2777 838 2827 69:
878 2792 973 2830 norum
990 2778 1127 2828 societate.
1149 2779 1203 2828 Cio.
1216 2779 1311 2829 loeus.
1326 2778 1399 2828 verr.

316 2853 394 2904 Gtunr
409 2853 473 2902 oluit
489 2857 594 2914 υυλυνυυ,
621 2857 644 2902 ot
663 2853 760 2915 passim
775 2865 840 2902 υυυι-
877 2854 907 2916 3,
925 2853 967 2914 20,
982 2854 1028 2902 tto:
1047 2853 1114 2902 Sooit
1129 2853 1235 2914 puwndi
1251 2857 1323 2914 aaut,
1341 2865 1402 2915 quoa

312 2933 505 2990 peramarunt.
877 2929 943 2977 inter
967 2939 1008 2976 roe
1032 2927 1217 2976 oornmuniooto
1237 2931 1281 2976 eet.
1307 2928 1399 2991 pros.

351 3003 472 3053 tls-tuo.
490 3003 536 3052 Hic
552 3015 626 3052 error
638 3001 700 3065 cet]
719 3001 792 3051 llano
803 3003 842 3050 ta-
877 3001 972 3051 Rosoio
989 3003 1047 3050 Am.
1066 2999 1111 3062 to,
1129 3001 1189 3051 tto:
1209 3001 1279 3050 λκιο
1293 3001 1402 3051 maiorer

317 3089 379 3126 men
405 3076 522 3126 carmina
549 3075 680 3141 pangendi
705 3077 840 3136 iunoniam,
877 3088 948 3136 eum,
967 3075 1010 3135 qai
1026 3075 1121 3125 socium
1136 3075 1271 3138 fefellisset,
1290 3075 1317 3124 in
1331 3076 1401 3125 otro-

316 3151 365 3201 eed
383 3150 459 3200 lavem
476 3151 629 3214 neminique
647 3151 754 3200 noxiam
770 3162 842 3199 oom·
877 3163 936 3200 mm
952 3150 1073 3199 bonorum
1095 3161 1200 3199 ownero
1215 3163 1266 3199 non
1277 3155 1403 3212 putam

316 3225 398 3275 moda
407 3227 487 3276 etiam
497 3225 628 3291 quaedam
640 3223 741 3274 habero
750 3226 841 3287 Augu·
878 3225 964 3274 haberi
980 3229 1102 3286 oportere.
1116 3250 1146 3261 -
1159 3225 1288 3287 incogitat]
1304 3226 1402 3276 «inmu-

316 3304 358 3350 ato
373 3299 486 3350 candide
501 3299 633 3364 simulque
648 3298 842 3349 callideosten-
879 3300 930 3360 dit,
949 3297 1087 3358 molliat-3»
1112 3299 1184 3361 quod
1201 3299 1314 3350 verbum
1331 3300 1402 3365 apud

317 3373 367 3432 dlt;
384 3372 489 3434 callide,
504 3376 635 3436 quotenus
647 3372 794 3423 simulatae
807 3373 841 3424 de
879 3372 966 3425 solum
994 3373 1131 3422 Horatium
1160 3386 1230 3423 nuno
1260 3377 1400 3438 reperitur.

316 3449 371 3497 tota
389 3447 431 3497 iila
448 3450 589 3512 poetarum
607 3445 685 3496 turba
700 3446 783 3497 verba
802 3449 842 3498 la·
880 3449 925 3499 Est
942 3448 1054 3498 loriasea
1072 3461 1103 3496 ex
1123 3445 1186 3508 iliis,
1214 3461 1283 3511 quaa
1306 3449 1403 3499 Graeco

318 3533 393 3582 aera,
421 3534 484 3572 curn
502 3535 547 3582 aa,
575 3534 643 3585 quae
662 3521 755 3582 alieri,
783 3525 843 3572 tan-
878 3525 945 3586 fonto
966 3535 1045 3584 parce
1068 3522 1181 3582 detorsit,
1208 3520 1313 3584 ἐνυοεῖ,
1340 3522 1402 3574 ἐκι-

318 3594 457 3646 tummodo
469 3595 503 3646 da
516 3597 586 3646 venie
598 3596 764 3658 summisque
776 3601 842 3659 poa·
878 3593 1020 3658 βουλεύει.
1056 3596 1132 3657 Quod
1155 3599 1244 3646 autem
1267 3599 1318 3648 l'aa
1340 3599 1404 3649 dioit

318 3672 351 3721 tis
359 3672 463 3735 possint
470 3671 604 3722 affirmari.
614 3699 641 3707 -
652 3671 756 3734 avam]
765 3670 840 3722 ovid.
879 3671 951 3722 idem
968 3672 1021 3721 lam
1036 3671 1148 3734 reperiri
1160 3670 1232 3734 apud
1244 3670 1365 3723 Plautum
1376 3675 1404 3723 et

316 3747 347 3796 Α.
362 3749 391 3795 λ.
405 3745 430 3808 35
443 3745 500 3796 ott.
514 3745 548 3796 de
559 3747 658 3810 poetis:
673 3747 723 3796 Noc
734 3757 779 3795 nor
789 3759 844 3795 am-
879 3747 1030 3797 Terentium
1054 3746 1132 3808 (adde
1155 3747 1308 3810 Senecam),
1334 3746 1404 3798 ualet

319 3819 392 3880 ditio,
418 3834 463 3870 neo
479 3834 553 3870 amor
568 3834 614 3870 nor
629 3821 711 3884 tangit
727 3819 840 3870 labendi.
879 3821 1063 3873 tantummodo
1089 3821 1123 3872 de
1149 3823 1286 3893 p‘ioipio
1307 3823 1404 3888 indagi-

320 3920 347 3932 -
366 3896 424 3946 Non
439 3896 537 3957 tonare]
560 3894 699 3956 Quomodo
717 3895 784 3946 hoec
802 3893 842 3945 lo-
879 3901 943 3946 tons.
957 3923 983 3932 -
997 3895 1101 3959 ελιῑυυίυ]
1114 3895 1306 3958 ologuminibua
1317 3897 1404 3948 omnis

319 3971 390 4021 cutio
407 3971 507 4022 senaim
524 3971 677 4035 pervenerit
693 3968 727 4019 ad
745 3970 844 4033 signifi-
879 3969 1000 4034 generis,
1012 3969 1090 4034 pisis,
1103 3967 1184 4030 labis,
1198 3969 1278 4031 viola,
1292 3969 1404 4021 lortaaee

318 4044 434 4097 candum
451 4045 523 4096 idem
541 4057 625 4109 prope
643 4058 675 4095 ao
691 4057 742 4095 non
757 4045 840 4109 fautu,
879 4044 1013 4096 interdum
1039 4045 1119 4095 etiarn
1145 4043 1239 4108 siliqua
1262 4045 1363 4095 Graeca
1380 4057 1402 4094 a.

317 4119 418 4182 optima
433 4119 593 4184 perspicitur
603 4131 636 4168 ex
649 4117 730 4169 Plauti
741 4120 839 4171 Baooh.
880 4118 980 4170 silicula
1002 4119 1111 4184 proprie
1137 4118 1221 4179 diota,
1248 4119 1403 4190 κεραίας,

318 4195 342 4253 t,
358 4193 381 4254 i,
395 4193 774 4259 onnapumnwtmoto:
791 4209 842 4245 oon
878 4193 1139 4245 lolannlrbrod.·
1162 4221 1187 4230 -
1206 4207 1274 4257 pono
1289 4193 1403 4257 mundo]

316 4270 363 4318 dac
379 4273 469 4319 umere
485 4270 590 4320 transiri
604 4263 695 4333 poton)
715 4269 761 4320 uhi
778 4281 841 4321 cum
879 4281 947 4320 «uon
965 4265 1096 4332 siligineo,
1121 4281 1173 4319 uon
1192 4268 1279 4334 primo
1291 4281 1342 4319 neo
1352 4279 1405 4332 po-
