3130 4966
573 517 576 524 ‚
673 451 803 502 HORATll
822 452 1002 504 SATlRARUM

331 610 403 687 Quo
427 629 495 674 rem
517 607 685 674 deducam.
731 597 769 674 si'
787 609 861 696 quis
884 607 982 684 dem,
1007 609 1054 673 En
1076 627 1155 694 ego,
1179 606 1281 684 dicat,
1340 608 1380 673 tt

330 731 397 796 lam
419 728 533 796 facium
556 728 645 817 qnod
666 729 775 796 voltis:
799 731 865 796 eris
887 740 938 808 tu,
962 731 1019 818 qni
1041 729 1139 795 modo
1162 729 1268 806 miles,

329 853 502 931 Mercator;
525 861 572 930 tu,
597 851 762 918 consultus
785 851 898 929 mode,
923 852 1077 918 rusticus:
1101 851 1272 928 hisceres,

328 975 392 1039 Vos
413 972 487 1040 hinc
509 973 637 1040 mutatis
660 972 817 1040 discedite
839 973 995 1061 partibus.
1041 973 1112 1040 Eia!

330 1094 416 1174 Quid
438 1095 555 1161 statis?
577 1094 691 1160 Nolint.
736 1096 831 1182 Atqui
853 1093 929 1161 licet
950 1113 1024 1162 esse
1048 1095 1160 1162 beatis.

329 1215 414 1294 Quid
437 1236 557 1282 causae
581 1225 646 1292 est,
670 1216 785 1282 merito
808 1216 887 1304 quin
911 1215 971 1282 illis
994 1217 1138 1305 luppiter
1159 1217 1273 1285 ambas
1340 1221 1383 1286 20

328 1339 432 1403 lratus
453 1336 574 1404 buccas
596 1335 687 1403 inllet
707 1357 815 1424 neque
837 1358 874 1404 se
895 1336 964 1404 lore
986 1337 1122 1425 posthac

351 1489 391 1538 ts.
410 1489 493 1538 colent
509 1489 544 1550 lt,
562 1488 649 1538 nolunt
665 1500 735 1538 corr.
749 1487 768 1538 d
780 1488 856 1553 (apr.
870 1501 906 1538 m.
921 1488 1004 1539 habet
1020 1489 1118 1554 nolint),
1138 1489 1191 1540 duo
1209 1491 1347 1552 Pottierll,

317 1562 412 1624 Aldus,
432 1565 549 1626 Doerlng
566 1565 592 1613 in
609 1563 657 1613 Ed.
676 1564 739 1613 min.

285 1693 387 1744 Gallum
398 1696 490 1754 vocat,
507 1695 624 1759 primum
636 1694 810 1759 Epicureum,
849 1695 945 1758 pantis.
975 1695 1089 1746 cessere
1102 1695 1187 1757 videt,
1204 1709 1273 1760 quos
1288 1699 1381 1750 stetim

285 1769 382 1820 deinde
404 1770 537 1829 Stoicum,
565 1771 610 1834 qul
632 1768 812 1820 laudationem
849 1769 1016 1821 discessuros
1033 1771 1240 1833 eusumavemt,
1259 1772 1379 1838 ideoque

285 1845 393 1895 Catonis
411 1845 539 1896 Uticensis
557 1858 580 1893 a.
595 1857 621 1894 u.
634 1859 659 1895 c.
672 1845 729 1894 709.
743 1843 812 1894 scri·
849 1847 944 1895 evocat
960 1849 1078 1898 moratos
1095 1847 1223 1910 additque
1242 1849 1309 1909 Quid
1324 1855 1381 1899 eto-

284 1921 344 1984 psit.
391 1918 536 1982 Aliquoties
571 1922 735 1970 memoratur
768 1919 812 1968 hic
848 1919 899 1970 tie?
924 1919 1000 1972 llend
1018 1921 1093 1973 Ture.
1112 1923 1143 1972 ll.
1162 1935 1189 1986 p.
1208 1921 1266 1974 sut.
1303 1925 1381 1976 Stare

285 1994 356 2058 opud
380 1995 539 2044 Ciceronem
564 1994 636 2058 (vide
661 1995 812 2045 Onomasti-
849 1996 939 2046 autem
963 2009 1012 2060 pro
1030 2009 1175 2058 «cessare,
1194 1998 1332 2061 morari»,
1351 2003 1383 2050 ut

286 2069 367 2130 cum),
381 2066 430 2118 sed
443 2079 475 2116 ex
487 2069 594 2132 optimis
610 2069 812 2120 auctoritatibus
849 2069 926 2120 Silius
945 2071 975 2131 l,
994 2069 1038 2121 etl
1054 2085 1060 2120 ι
1078 2072 1132 2120 tom
1147 2077 1222 2134 capto
1238 2077 1337 2123 atomus
1354 2075 1382 2124 lu

284 2143 385 2206 ubique
397 2142 448 2205 leg.
460 2145 497 2193 ll.
509 2144 603 2194 Fadius
617 2144 713 2204 Gallus,
732 2143 812 2193 adeo·
848 2144 934 2194 toste?
952 2173 979 2212 -.
998 2145 1092 2209 Nolim]
1111 2145 1164 2196 Clr.
1183 2145 1273 2197 locum
1298 2147 1382 2200 simil-

285 2231 338 2280 que
351 2216 557 2270 Scholiastarum
575 2219 726 2270 testimonio
741 2220 813 2269 stan-
849 2218 941 2269 limum
954 2219 1025 2269 adv.
1040 2220 1080 2270 tt.
1094 2217 1215 2270 allatum:
1234 2221 1263 2270 st
1275 2223 1332 2284 qula
1343 2224 1379 2272 od

285 2291 421 2343 domest.
456 2292 533 2343 ldem
555 2292 667 2344 tortasse
691 2295 733 2344 est
749 2307 811 2344 cum
848 2295 894 2344 illu
911 2295 971 2344 deur
986 2294 1067 2344 udilo
1084 2299 1107 2344 le
1123 2299 1198 2358 aaut,
1216 2309 1295 2358 morte
1306 2309 1382 2348 recu·

286 2380 331 2427 eo,
350 2380 432 2431 quem
449 2380 543 2418 rursus
561 2367 666 2418 deridet
677 2370 730 2420 Sat.
744 2370 754 2418 l
766 2407 771 2430 ,
785 2370 810 2428 2,
848 2383 897 2430 see,
916 2369 988 2420 unde
1006 2368 1049 2419 hic
1061 2369 1182 2420 firmetur
1195 2369 1275 2422 lectio
1286 2373 1378 2423 nollet.

286 2441 343 2492 tat.
364 2468 392 2478 —
411 2444 465 2504 Quo
481 2455 535 2491 rem
552 2443 680 2507 deducam]
700 2444 760 2508 «qui
779 2444 813 2496 sit
848 2443 1031 2497 lteliciendum
1048 2445 1139 2507 utique
1157 2446 1185 2495 et
1200 2446 1283 2496 uolent
1295 2450 1382 2498 eteo-

286 2515 471 2580 dlsputationls
496 2530 574 2567 meae
600 2517 659 2570 finis
683 2519 739 2582 (aco
762 2521 812 2569 tot
848 2519 1379 2587 tunt.-liceteseebeotlallrrian.llplct.

285 2591 395 2640 liunus
416 2591 512 2655 will),
532 2591 633 2643 scillcet
650 2605 745 2644 omnes
762 2593 811 2644 hes
849 2598 873 2658 3,
886 2599 932 2658 25,
947 2597 975 2646 3:
995 2589 1087 2659 ἔξεστι
1098 2594 1153 2660 μὲν
1165 2590 1378 2664 εὐτυχεστάτῳ,
1404 2601 1407 2608 “

285 2665 411 2728 querulos
423 2665 502 2715 stulta
519 2665 643 2717 laborare
661 2667 812 2718 inconstan-
848 2666 941 2736 ἔξεστι
949 2668 981 2722 δὲ
989 2667 1282 2738 κακοδαιμονεστάτῳ
1291 2669 1377 2724 εἶναι.

285 2743 347 2790 tiu.»
368 2740 442 2790 —Si
464 2741 519 2803 quta
540 2741 607 2805 deus]
632 2741 686 2792 Cir.
705 2743 811 2792 Maximi
881 2747 970 2799 tc-at.
991 2747 1056 2809 Quid
1072 2750 1165 2798 canuae
1181 2749 1244 2810 cet]
1264 2748 1379 2808 eooldnl

284 2819 355 2881 Tyrii
380 2816 470 2868 locum
495 2819 530 2869 ad
554 2834 580 2868 v.
606 2821 629 2869 l.
652 2818 759 2871 allatum
785 2822 812 2872 et
848 2825 959 2886 propter
975 2821 1045 2872 hano
1062 2821 1233 2873 stoliditatem
1251 2835 1316 2874 cum
1336 2826 1379 2875 ln·

285 2893 369 2956 ipsius
381 2893 481 2943 lloratii
493 2895 546 2944 Sat.
559 2895 590 2956 i,
603 2895 632 2955 l,
645 2895 692 2944 22:
710 2897 813 2946 leudos
849 2897 995 2948 constantie
1005 2897 1174 2946 coniunctum
1186 2899 1282 2947 merito
1291 2898 1379 2950 iratus

287 2968 424 3016 Fortunam
440 2973 463 3018 et
482 2983 564 3019 mores
586 2970 707 3032 antiquae
723 2970 811 3034 plebis
848 2972 967 3036 luppiter
982 2969 1031 3022 illis
1047 2970 1150 3021 buccas
1167 2971 1281 3022 infleti»
1307 2972 1378 3024 Alibi

285 3046 309 3091 et
324 3042 404 3104 idem,
428 3043 457 3093 Si
474 3045 529 3106 quis
546 3045 580 3094 ud
595 3045 642 3094 illo
657 3046 717 3096 decu
732 3046 812 3097 sclito
847 3042 901 3110 τὰς
916 3043 1043 3114 γνάθους
1060 3044 1160 3115 φνσᾷν
1177 3048 1274 3099 testum
1292 3048 1378 3101 deno-

285 3121 308 3166 te
325 3122 401 3180 auat,
424 3131 502 3181 usqele
521 3133 627 3170 recuses.
649 3147 676 3158 -·
695 3122 736 3172 ll'n
757 3123 811 3186 eqo]
849 3123 899 3183 tat;
924 3123 1062 3174 Demosth.
1082 3123 1115 3174 de
1140 3124 1166 3173 F.
1186 3125 1247 3186 Leg.
1267 3122 1291 3186 ἓ.
1311 3124 1376 3176 att:

284 3188 342 3241 Noli
359 3192 427 3242 haec
444 3193 554 3257 iungere
576 3209 638 3246 cum
656 3209 681 3246 v.
698 3197 809 3259 socium,
847 3193 896 3249 διὰ
912 3195 965 3264 τῆς
981 3191 1090 3270 ἀγορᾶς
1102 3194 1254 3268 πορεύεται
1264 3196 1377 3263 θοιμά-

285 3267 335 3318 sed
352 3270 403 3328 est,
422 3270 451 3319 ut
467 3269 551 3320 Varro
569 3272 598 3321 u.
617 3273 645 3321 lt.
665 3273 692 3331 l,
711 3273 756 3322 ὅθι
781 3285 811 3322 en
847 3287 910 3324 τιον
927 3275 1027 3336 καθεὶς
1041 3268 1112 3344 ἄχρι
1123 3270 1181 3323 τῶν
1191 3270 1313 3344 σφυρῶν
1325 3274 1377 3326 iou

285 3343 347 3403 quin
369 3344 466 3392 udum
502 3342 598 3395 salust.
623 3345 694 3394 Orat.
717 3347 810 3396 Cottae
847 3346 957 3407 βαίνων
982 3346 1144 3408 Πυθοκλεῖ,
1170 3342 1223 3410 τὰς
1246 3344 1377 3414 γνάθους

284 3416 313 3467 l:
332 3415 810 3482 ddmmeuo.cottoconeul.-lom]
848 3410 960 3474 φυσῶν.
998 3415 1030 3464 ll.
1051 3413 1068 3464 l.
1089 3413 1243 3464 iracundiae
1268 3415 1376 3478 signum

286 3488 510 3550 alticomum.»
540 3492 625 3542 llond.
639 3494 713 3544 Ture.
727 3493 769 3542 lll.
782 3506 809 3557 p.
849 3489 898 3548 est,
917 3490 948 3538 ut
963 3489 1052 3552 Eurip.
1073 3489 1155 3553 lphtg.
1167 3486 1225 3539 Aul.
1246 3490 1307 3539 ηδε
1326 3493 1378 3554 μέ-

286 3567 342 3616 tte.
362 3589 390 3601 -
408 3567 506 3629 sociam
523 3567 589 3628 quod
604 3566 686 3629 ocule]
703 3565 811 3632 Expllco
847 3577 885 3630 yn
896 3560 1000 3624 φυσῶν
1007 3559 1105 3630 θυμὸν
1113 3563 1221 3634 ἐπαρεῖ.
1235 3565 1303 3616 lbid.
1314 3565 1373 3618 ³8⁴:

286 3639 353 3691 hoec
381 3639 538 3706 simpliciter
568 3653 630 3692 cum
659 3641 755 3692 Wolfio
785 3644 813 3693 et
847 3639 875 3690 τι
886 3633 966 3689 δεινὰ
976 3637 1145 3710 φυσᾷςςδίο
1157 3639 1263 3691 Plautus
1275 3641 1373 3691 Bacch.

287 3715 446 3766 llirchnoro:
473 3717 565 3766 «Wus
584 3717 632 3766 ihr
652 3717 810 3780 hunstrot,
848 3715 877 3778 l,
896 3716 926 3776 2,
944 3716 986 3764 ll.
1005 3713 1134 3780 ενῐμτιντη
1150 3717 1230 3766 vocat
1246 3716 1300 3765 irae
1316 3714 1376 3778 ple-

286 3791 334 3839 lclt
350 3791 450 3850 ticum
469 3804 522 3840 non
538 3803 618 3841 vero:
647 3793 761 3854 oscelam
778 3805 812 3842 ex
848 3802 913 3842 num
937 3789 1062 3852 militem,
1091 3794 1119 3842 et
1140 3789 1273 3854 iungendo
1293 3791 1376 3842 artis·

286 3863 363 3914 vobis
380 3865 422 3925 ld,
441 3867 507 3927 quod
524 3880 585 3919 esse
601 3868 699 3918 voltis.»
714 3882 812 3918 -ooo-
849 3867 916 3917 sime
945 3879 1005 3918 esse
1031 3868 1081 3917 iltis
1101 3867 1170 3931 mitet
1186 3865 1318 3916 monstret
1333 3865 1373 3916 ld.
1432 3917 1436 3924 ,

285 3939 375 4004 nullm]
400 3939 521 3992 absolute
541 3955 590 4006 pro
608 3943 687 3994 «iuris
704 3943 813 3994 consul·
850 3943 937 3994 Cesln.
956 3941 986 4002 3,
1005 3943 1034 4004 3,
1059 3942 1103 3992 t9;
1121 3939 1375 4001 tio·-Noscioould

286 4015 360 4075 tos»,
388 4016 417 4065 ut
441 4015 506 4081 Epir.
525 4017 554 4078 2,
581 4018 611 4078 ἓ,
639 4019 680 4068 87.
705 4019 760 4070 459.
782 4047 810 4056 -
848 4017 998 4082 commonit
1013 4017 1091 4067 urnii
1107 4025 1180 4075 mee.
1200 4015 1264 4064 item
1281 4015 1372 4066 iratus.

285 4089 341 4138 linc
357 4103 400 4140 vos
417 4091 479 4156 oet]
498 4095 542 4142 aet
557 4095 648 4156 partes
666 4096 768 4144 vestras
784 4097 812 4144 et
847 4093 939 4145 Merito
961 4103 1026 4144 sune
1048 4091 1082 4140 ad
1107 4092 1190 4142 totam
1213 4089 1373 4142 sententiam

286 4165 388 4214 mutato
405 4177 504 4228 genere
519 4166 588 4218 vitae
601 4169 682 4220 etiam
699 4167 772 4219 locos
784 4169 809 4219 ln
849 4180 935 4232 neque
953 4167 987 4217 ad
1005 4181 1029 4216 v.
1048 4167 1117 4232 tollet
1134 4165 1305 4217 relerendum
1322 4165 1372 4222 est,

287 4237 337 4288 trac
358 4239 450 4290 mundi
472 4240 552 4292 voluti
575 4253 655 4294 scene
682 4245 809 4295 mutate.»
849 4257 903 4294 non
928 4240 1015 4293 solum
1041 4241 1075 4292 ad
1098 4255 1123 4291 v.
1142 4241 1238 4302 umus,
1266 4242 1296 4290 ut
1321 4237 1374 4288 volt

289 4335 316 4349 -
335 4313 393 4379 llio]
411 4315 437 4364 h.
453 4315 468 4366 l.
483 4318 524 4368 est
541 4317 710 4382 impatienter
726 4320 812 4370 inore-
849 4317 985 4370 ltimliner.
1007 4341 1033 4353 —
1052 4316 1194 4381 materen]
1217 4318 1259 4368 est
1279 4327 1373 4366 rursus
