3174 4974
604 429 663 480 tiit.
683 430 713 478 ll.
732 429 830 480 arisi.
850 431 869 478 l.

254 585 302 650 An
324 605 406 672 quos
429 593 462 651 et
483 604 640 671 praesens
662 595 695 652 et
716 593 847 671 postera
869 594 1001 672 respuat
1022 587 1133 654 aetas?

253 707 317 772 iste
339 704 471 793 quidem
494 715 622 774 veteres
645 707 728 774 inter
748 717 888 794 ponetur
908 706 1060 784 honeste,

254 827 316 906 Qui
338 826 388 894 vcl
411 847 524 895 mense
545 826 636 894 brevi
659 827 711 895 vel
733 837 798 896 toto
821 839 871 896 ost
892 829 999 895 iunior
1020 850 1113 896 anno.

253 949 330 1017 Utor
351 949 511 1035 permisso
532 948 724 1037 caudaeque
746 948 829 1038 pilos
851 962 887 1016 ut
908 951 1046 1039 equinae
1258 951 1298 1016 45

253 1068 410 1136 Paulatim
431 1069 516 1136 vello
538 1081 570 1137 et
591 1069 688 1137 demo
710 1093 827 1149 unum,
851 1072 947 1140 demo
971 1073 1100 1140 etitem
1122 1093 1231 1149 unum,

252 1192 337 1257 Dum
360 1189 453 1257 cadat
475 1190 587 1257 elusus
609 1193 732 1259 ratione
754 1193 878 1260 ruentis
900 1195 1023 1270 acervi,

253 1313 315 1392 Qui
337 1311 421 1378 redit
441 1311 473 1378 in
498 1312 596 1380 iastos
618 1321 651 1379 et
671 1314 821 1381 virtutem
843 1315 990 1382 aestimat
1011 1315 1103 1381 annis

252 1434 450 1521 Miraturque
472 1433 562 1510 nihil,
585 1434 647 1502 nisi
669 1435 758 1523 quod
778 1436 916 1504 Libitina
938 1439 1084 1505 sacravit.

241 1611 316 1680 γζκλ,
335 1613 451 1664 Pottierii
462 1614 488 1664 4.
502 1613 526 1664 3.
540 1614 564 1663 6.
578 1613 619 1664 43.
633 1616 661 1664 44
672 1615 779 1678 quintus
791 1615 931 1677 Schmidii,
944 1613 1087 1666 Bentleius:
1105 1615 1190 1666 iiidnn
1201 1617 1263 1677 844,

240 1691 316 1743 mum
333 1691 350 1740 b
368 1693 396 1741 et
412 1705 428 1742 e
445 1691 503 1755 ised
526 1693 569 1742 hic
587 1693 614 1742 in
631 1691 747 1754 rasura),
766 1692 830 1741 item
848 1688 1011 1752 Guelferbyt.
1026 1689 1164 1751 Schmidii,
1183 1691 1262 1750 LCts.

240 1767 331 1816 iterien
348 1766 414 1816 (iod.
428 1767 610 1816 lovaniensis,
627 1767 693 1816 ires
705 1768 768 1816 sunt
779 1763 996 1828 interpolationes
1013 1763 1150 1825 diversae,
1169 1777 1263 1815 omnes

241 1853 327 1904 aeque
344 1841 523 1905 importunae.
544 1868 572 1877 -
591 1840 631 1892 47.
650 1843 721 1892 cedei
738 1840 757 1890 b
775 1843 802 1889 et
817 1852 858 1904 pr.
877 1841 903 1889 S.
924 1867 951 1876 -
978 1838 1020 1890 48.
1040 1838 1099 1902 Qui]
1125 1841 1194 1889 Dum
1210 1838 1264 1888 duo

240 1915 376 1966 Schmidii.
391 1943 418 1951 -
432 1913 467 1978 in]
486 1916 520 1964 ad
537 1927 605 1964 corr.
624 1927 654 1976 c,
673 1914 727 1966 duo
744 1913 873 1965 Schmidii
890 1915 918 1963 et
934 1913 1008 1964 LCts.
1037 1913 1080 1974 (Ut
1097 1925 1157 1974 nos,
1177 1913 1263 1978 bSEp,

239 2003 279 2054 pr.
293 2002 316 2051 o,
336 1993 442 2054 septem
459 1989 575 2039 Pottierii
592 1991 621 2040 et
635 1989 729 2040 tertius
746 1987 893 2052 Schmidii.)
910 2015 937 2025 -
955 1988 1035 2050 suone
1053 1987 1137 2037 «Libri
1150 1988 1264 2038 veterri-

239 2064 291 2113 mi»
309 2065 339 2114 N.
353 2063 453 2114 Heinsii
470 2063 505 2114 ad
522 2063 606 2114 Ovidii
622 2065 691 2116 Fasi.
710 2065 735 2126 4,
754 2065 795 2115 ii.

206 2210 287 2263 leins:
317 2213 405 2272 nouas
430 2223 510 2263 aures
536 2225 589 2262 nen
614 2212 733 2264 ellendet
770 2215 856 2263 artem
874 2212 958 2275 magis
977 2209 1088 2262 callente
1105 2211 1297 2262 4444444444-

206 2285 329 2336 odiosum
346 2284 410 2336 iliud
428 2280 663 2351 ὁμοιοτέλευτον,
687 2299 732 2338 44-
770 2287 832 2338 dein
842 2287 928 2337 victus
937 2286 1061 2338 concidit.
1091 2288 1296 2337 [4444444444-

205 2365 300 2411 tercino
316 2361 451 2421 9044448,
476 2367 580 2425 respuet
594 2362 729 2412 AETAS‘ln
769 2363 818 2423 dit,
846 2374 927 2424 quam
949 2359 1081 2425 praebent
1099 2362 1176 2426 pauci
1200 2359 1295 2412 nullius

205 2435 239 2486 nt
253 2433 314 2484 uide
326 2437 357 2484 Α.
371 2436 399 2484 Ρ.
413 2435 454 2485 99.
475 2436 531 2486 too.
547 2463 574 2472 -
592 2437 647 2500 Iste]
665 2438 731 2488 «iste
769 2437 932 2487 auctoritatis
950 2436 1077 2496 Codices,
1105 2439 1195 2486 tuetur
1218 2437 1295 2487 iland

207 2511 281 2571 tuns,
304 2521 385 2572 quem
408 2511 436 2560 tu
453 2509 534 2560 mode
552 2511 730 2574 significasti.»
768 2512 844 2561 Tura.
858 2511 888 2560 ll.
899 2523 926 2575 p.
937 2510 1005 2571 344,
1021 2513 1050 2560 ut
1060 2511 1119 2560 dum
1131 2511 1216 2575 depluit
1226 2511 1292 2577 Epp.

208 2611 234 2620 -
253 2584 433 2646 4444444444
448 2585 545 2645 Eiron,
564 2585 730 2636 itauthoius
769 2585 798 2646 4,
818 2585 847 2644 4,
867 2584 908 2635 ii.
929 2611 956 2620 -
974 2585 1185 2636 retionerumtis
1200 2585 1294 2647 444444]

204 2657 292 2708 iudicii
310 2658 446 2708 neminem
463 2659 566 2723 pudere
584 2657 709 2710 debeat.»
769 2658 881 2708 neodem
894 2657 989 2718 modo,
1007 2671 1060 2721 quo
1073 2659 1225 2708 necessario
1237 2671 1295 2708 con

237 2731 326 2784 tt-itt.
352 2734 448 2782 4444444
465 2759 505 2770 --
522 2733 639 2798 equinae]
665 2734 730 2782 For·
768 2733 821 2782 ruit
838 2733 1088 2792 tandemacervus,
1107 2733 1149 2781 cui
1167 2733 1293 2782 continuo

205 2808 276 2858 44444
297 2805 490 2857 recordabatur
513 2809 591 2856 notae
615 2805 649 2856 de
667 2807 732 2855 Ser·
768 2818 852 2857 unum
875 2817 987 2868 granum
1009 2807 1071 2869 post
1092 2803 1205 2854 alterum
1227 2805 1294 2855 sub-

205 2883 272 2931 terio
307 2880 519 2931 narratiunculae
553 2879 625 2944 apud
662 2878 728 2930 Plut.
768 2879 911 2938 traxerisp
935 2891 997 2928 cum
1015 2879 1080 2928 scita
1097 2880 1194 2928 soritae
1212 2891 1233 2929 s.
1247 2893 1294 2928 or-

204 2955 273 3005 Sert.
285 2955 326 3005 46.
346 2954 401 3005 Val.
415 2956 485 3006 4444.
497 2955 525 3014 7,
545 2954 573 3015 3,
593 2953 617 3004 6.
648 2955 730 3003 iron—
766 2953 959 3017 gumentatione
976 2953 1100 3003 44444444
1117 2953 1181 3015 (Cic.
1195 2953 1229 3002 de
1246 2953 1293 3004 Dl-

204 3029 402 3092 444,4,49,4.
430 3027 730 3090 eti‚7,6.Cenl.so·
767 3026 944 3089 vinat.2‚l‚
975 3028 1014 3077 44.
1053 3027 1179 3078 Academ.
1198 3027 1226 3088 9,
1246 3027 1291 3088 46,

202 3100 492 3174 phiemeiuatnapov)
504 3101 641 3154 Eubulidis
658 3100 730 3153 illle-
766 3101 818 3164 49.)
836 3101 1035 3165 significatione.
1056 3130 1084 3139 —
1105 3101 1152 3164 Qu
1176 3102 1241 3152 redit
1264 3102 1292 3151 in

204 3181 235 3231 sii
258 3179 339 3243 (niog.
363 3179 447 3229 44444.
471 3179 500 3240 4,
525 3177 602 3240 iiiii),
630 3177 728 3228 soritae
764 3175 850 3240 fastos]
874 3177 939 3236 «Qui
961 3177 1040 3226 unice
1061 3175 1224 3239 antiquitatis
1246 3189 1292 3226 rn—

203 3253 301 3314 simile,
336 3266 390 3316 quo
423 3253 574 3316 quaesitum
606 3251 726 3313 videtur,
766 3251 866 3300 tionem
889 3251 961 3300 initu
999 3252 1071 3300 ilaec
1093 3249 1171 3300 lectio
1194 3246 1291 3300 melius

204 3331 269 3393 quot
279 3329 339 3392 quis
350 3327 408 3392 pilis
420 3327 549 3390 deinceps
561 3326 667 3377 amissis
677 3324 730 3375 eal·
766 3337 848 3388 quarn
865 3323 946 3375 altera
964 3326 999 3375 ud
1013 3325 1092 3388 festos
1102 3323 1232 3388 significat
1246 3337 1292 3373 an-

205 3415 253 3453 444
264 3400 438 3466 appellandus
449 3404 530 3452 esset.
544 3401 602 3452 Vid.
616 3403 643 3450 L.
657 3399 729 3451 Prel-
764 3400 892 3464 tiquarios
909 3400 974 3450 istos
991 3413 1105 3464 operose
1118 3411 1249 3463 quaerere
1265 3399 1291 3447 in

202 3477 243 3528 444
258 3479 320 3528 44444.
337 3477 427 3528 Ptitos.
441 3477 486 3529 Gr.
499 3479 569 3528 Rom.
582 3491 609 3541 p.
625 3476 680 3526 449,
697 3501 725 3512 -
766 3475 839 3525 444444
850 3475 944 3525 aetatis
953 3474 1117 3538 singulorum
1129 3475 1290 3538 scriptorum

202 3559 226 3603 et
240 3551 725 3618 item1Ct.ilandTurs‚lil.p.iti9.
765 3549 925 3600 testimonia.
962 3551 1104 3600 Praeterea
1129 3549 1212 3599 redire
1233 3547 1290 3596 ed-

203 3631 230 3678 et
239 3627 313 3688 nst.,
332 3627 378 3678 ubi
393 3629 511 3678 44444444
523 3625 681 3692 comprobat
691 3626 728 3677 le-
764 3622 893 3686 volgatius
906 3627 949 3674 est
960 3637 1048 3688 neque
1060 3622 1135 3674 iacile
1146 3623 1290 3687 quisquam

203 3704 327 3753 ctionem.
359 3700 470 3752 Videtur
486 3703 620 3752 sermonis
638 3701 727 3765 quoti·
763 3699 791 3747 in
807 3699 993 3762 excogitasset.
1020 3700 1107 3749 Festos
1123 3695 1289 3747 autemdicit

202 3778 274 3827 diani
286 3777 380 3836 luisse,
393 3776 508 3839 ideoque
522 3777 608 3840 aptius
620 3778 662 3826 est
672 3777 728 3840 epi·
763 3787 873 3824 omnem
886 3775 1039 3838 temporum
1051 3773 1287 3837 computationem;

203 3851 286 3904 stolae
299 3851 484 3916 quanticum
496 3853 617 3901 44444444
629 3849 728 3912 glosse—
763 3849 803 3898 sio
823 3849 850 3899 in
872 3849 955 3898 Fastis
972 3844 1158 3898 consularibus
1180 3847 1289 3910 proprie

202 3929 274 3978 mate
291 3925 333 3977 vel
354 3924 504 3990 corruptela
522 3927 572 3976 est.
603 3925 726 3975 Horatius
764 3921 850 3982 dietis,
868 3923 890 3974 si
908 3921 1014 3972 aliunde
1026 3922 1170 3982 noverant,
1190 3920 1288 3983 quibus

202 4003 309 4052 ariete
327 4001 411 4051 cauda
429 4001 526 4064 equina
544 3999 650 4049 duobus
667 3997 726 4062 pilis
764 3995 919 4046 consulibus
944 3997 1058 4061 scriptor
1086 3994 1180 4059 aliquis
1205 3995 1288 4045 tioru-

202 4075 299 4127 evolsis
330 4087 484 4126 sermonem
518 4071 664 4136 abscindit,
701 4073 726 4122 id
765 4072 834 4129 erat,
865 4068 969 4120 illorum
999 4069 1106 4120 nomina
1131 4069 1287 4133 quaerendo

202 4151 275 4214 quod
293 4163 358 4202 sane
376 4149 427 4200 alio
445 4147 528 4198 verbo
546 4160 628 4212 44444
651 4147 727 4198 etiam
765 4145 900 4208 scriptoris
918 4146 1033 4195 44444444
1057 4146 1214 4208 investigare
1238 4159 1288 4210 po-

203 4223 365 4276 indicaretur
385 4235 498 4274 necesse
522 4222 579 4272 luit.
602 4247 629 4258 -
653 4223 729 4272 cudat
766 4221 862 4271 terant.
883 4219 1225 4286 —uirtutern1apoiitarum
1247 4222 1288 4271 in-

202 4302 291 4363 clusus]
314 4302 343 4350 ut
365 4298 494 4363 gladiator
515 4295 550 4347 ab
573 4299 729 4350 adversario
767 4297 874 4362 genium
905 4297 932 4344 at
960 4299 1071 4346 artem.»
1108 4323 1134 4331 -
1169 4295 1287 4360 44444444]
