3130 4966
601 461 659 512 tta.
680 461 697 511 l.
734 463 800 512 stt.
820 463 861 512 tlt.
1236 457 1277 521 45

181 614 235 683 lile
261 615 413 704 Tigellius
437 615 514 684 boc:
539 617 675 694 Caesar,
700 619 755 706 qui
780 637 897 705 cogere
920 629 1047 705 posset,

1257 739 1272 772 ι’

182 739 214 804 Si
236 747 365 826 peteret
388 759 448 826 per
469 739 641 805 amicitiam
664 740 763 827 petris
787 749 885 827 atque
907 761 1014 816 suam,
1039 760 1103 807 non
1256 761 1276 802 ο

183 859 371 948 Quidquam
392 859 581 948 proliceret;
605 861 632 927 si
654 860 872 940 collibuisset,
898 861 939 928 ab
961 883 1024 928 ovo

183 981 292 1069 Usque
316 980 359 1049 ad
381 981 466 1049 mala
488 983 616 1060 citaret,
641 985 676 1049 lo
697 981 841 1051 Bacchei
864 982 963 1050 modo
986 1004 1112 1050 summa

183 1105 282 1180 Voce,
307 1102 406 1171 modo
428 1104 503 1182 bac,
529 1115 659 1172 resonat
680 1125 766 1192 quae
789 1104 920 1172 cbordis
943 1115 1095 1193 quattuor
1117 1107 1189 1174 ima.

247 1322 272 1372 5.
291 1321 418 1372 muicitics
434 1335 461 1386 p.
477 1347 504 1359 -
524 1322 549 1373 t.
568 1323 672 1374 ιιενοοει
688 1321 822 1386 Bentlcius
840 1323 908 1374 cont.
930 1349 957 1360 -
971 1323 1084 1374 Bcccbae
1100 1323 1239 1378 Pulmanni

214 1395 329 1447 Codices
347 1398 471 1460 quattuor
487 1397 697 1462 Bersmannique
715 1410 793 1448 unus.
815 1424 843 1434 -
862 1399 886 1449 8.
905 1399 1003 1449 chordis
1020 1412 1085 1462 quoe
1102 1401 1129 1450 l..

181 1581 226 1635 alti
244 1585 333 1635 minus
351 1585 471 1650 apposite
489 1583 636 1650 explicant:
665 1585 706 1634 ast
746 1585 780 1634 de
805 1585 864 1650 ipso
892 1586 979 1650 polius
1003 1588 1083 1644 cantu
1109 1587 1144 1638 ad
1170 1587 1270 1650 lyram,

181 1661 305 1724 petisset,
319 1688 334 1699 -
345 1659 435 1710 -nibil
452 1660 636 1724 proiecissetn
664 1660 704 1710 Gi.
746 1671 828 1722 quam
841 1659 874 1710 de
886 1661 961 1710 vocis
972 1661 1176 1724 praeparatione
1189 1663 1273 1712 inter-

182 1735 265 1797 lieisig
283 1736 338 1784 Lat.
358 1735 529 1800 Spracbuiss.
549 1749 576 1800 p.
596 1736 654 1785 5²2.
676 1759 703 1770 -
745 1734 907 1798 pretendum
924 1734 1039 1784 videtur.
1069 1736 1204 1785 Posterior
1220 1735 1273 1800 syl-

180 1809 333 1873 coiiibuisset]
355 1811 410 1859 Nec
426 1809 522 1860 collibet
542 1823 631 1872 neque
653 1810 707 1859 coi-
745 1807 806 1858 laba
829 1810 855 1858 in
872 1821 898 1858 v.
917 1809 1013 1858 Bacche
1033 1807 1192 1872 producitur
1208 1825 1272 1874 pro-

179 1881 271 1932 libescit
295 1883 384 1933 adbuc
409 1887 547 1949 repertum
571 1887 613 1934 εει
634 1884 706 1948 apud
744 1885 805 1947 pter
828 1884 899 1934 arsin
921 1883 947 1932 in
967 1895 1089 1933 caesura.
1125 1884 1174 1942 Qui
1191 1897 1271 1948 prae·

180 1958 324 2021 scriptores
357 1959 478 2018 Latincs;
514 1959 562 2009 sed
597 1959 707 2010 collibuit
744 1955 904 2008 ieruntlect.
918 1958 1044 2017 Bacchae,
1063 1958 1204 2008 conterunt
1222 1960 1273 2010 Eu-

180 2031 253 2095 apud
264 2033 427 2094 Terentium,
440 2033 577 2084 collibitum
588 2039 622 2083 est
634 2035 705 2098 apud
743 2033 792 2096 rip.
806 2033 903 2082 Bacch.
917 2045 942 2082 r.
955 2033 1016 2081 576:
1028 2024 1081 2092 Ἰώ,
1094 2028 1187 2083 κλύετ’
1199 2031 1272 2098 ἐμᾶς

179 2106 299 2157 Plautum
323 2111 350 2158 et
373 2108 541 2159 Ciceronem.
564 2135 591 2144 —
610 2108 642 2158 ab
660 2123 706 2158 evo
743 2101 835 2157 κλύετ’
853 2099 953 2168 αὐδᾶς,
972 2095 995 2154 oi
1011 2101 1132 2168 βάκχαι,
1153 2100 1185 2156 id
1199 2104 1271 2168 βάκ-

180 2179 259 2242 lisque
275 2182 310 2230 cci
325 2181 404 2246 meio]
423 2183 509 2232 Ormm
526 2183 629 2232 initium
642 2195 706 2233 coe-
743 2197 803 2242 χαι.
831 2209 858 2219 -
885 2181 959 2231 modo
983 2182 1096 2246 amena]
1124 2181 1269 2246 «Tigellius

179 2267 228 2304 nae
247 2259 318 2316 erat,
345 2258 445 2321 quippe
468 2257 542 2321 quod
564 2258 590 2307 in
614 2259 706 2320 gusta·
745 2255 827 2307 modo
839 2255 966 2306 utebatur
977 2269 1008 2306 ea
1020 2269 1102 2318 voce,
1117 2269 1186 2320 quae
1200 2271 1272 2308 sum-

179 2329 248 2379 ticne
267 2331 357 2381 statim
374 2345 389 2381 a
407 2329 510 2382 balneis
528 2330 703 2393 oflerebatur,
745 2332 789 2382 ma
804 2331 904 2381 chorda
923 2331 1101 2382 tetrachordi»
1116 2333 1178 2395 (quo
1189 2345 1271 2384 sonos

177 2417 258 2468 poma
276 2418 341 2455 vero
354 2418 416 2456 cum
434 2404 550 2457 bellariis
568 2407 594 2456 in
607 2419 706 2457 secun·
745 2405 963 2466 modulabantur,
982 2408 1011 2455 ut
1028 2405 1058 2455 fit
1074 2406 1101 2456 in
1113 2407 1204 2456 nostro
1214 2408 1271 2456 uio-

178 2478 219 2528 dis
241 2481 344 2530 mensis
368 2484 452 2531 erant.
488 2480 527 2531 (ιι.
547 2479 622 2544 Apul.
641 2483 703 2532 blei.
743 2480 805 2544 lino)
825 2477 873 2548 «τῇ
898 2473 994 2550 ὑπάτῃ
1016 2481 1137 2541 resonat,
1164 2479 1269 2542 idest,

177 2553 206 2613 e,
225 2553 266 2603 33.
292 2554 426 2618 Lamprid.
449 2554 522 2605 Alex.
542 2555 657 2605 Semi.
677 2581 703 2592 -
744 2555 915 2616 gravissima,
943 2555 978 2623 τῇ
1000 2549 1161 2624 βαρυτάτῃ,
1189 2553 1271 2604 modo

176 2627 274 2691 ciceret]
299 2627 387 2678 «clera
407 2642 474 2678 voce
499 2631 650 2690 canuam,-
676 2631 706 2680 ut
744 2641 787 2688 ee,
815 2641 884 2692 quae
906 2629 958 2679 ima
981 2628 1093 2690 chorda,
1119 2625 1155 2698 τῇ
1181 2625 1269 2699 νήτῃ,

177 2703 232 2752 Cic.
251 2701 286 2752 de
304 2703 375 2751 Orat.
396 2703 425 2764 t,
444 2704 489 2764 ee,
508 2704 565 2753 att.
581 2717 706 2765 paeonem
744 2702 895 2767 eademque
907 2703 1069 2765 acutissima,
1086 2701 1121 2774 τῇ
1134 2697 1270 2776 ὀξυτάτῃ,

175 2777 269 2836 οιιοεες
289 2789 329 2840 pr,
350 2789 445 2828 usonos
463 2778 548 2838 ciere,
567 2791 703 2829 movere.»
743 2782 877 2828 resonat.»
900 2779 1007 2827 Gesner.
1033 2779 1105 2828 llaec
1123 2779 1271 2829 enimvero

176 2849 261 2901 Plaut.
280 2851 377 2902 Pseud.
398 2852 426 2912 t,
447 2852 474 2912 l,
493 2852 521 2902 et
537 2865 542 2900 :
561 2857 590 2901 tu
605 2853 662 2902 binc
673 2867 706 2902 eor
744 2855 786 2903 est
802 2853 1001 2916 interpretatio;
1021 2865 1084 2903 nam
1101 2867 1211 2904 sensum
1222 2852 1271 2904 ob·

176 2926 441 2988 oecumenem,
460 2926 544 2990 lege».
561 2929 706 2977 -loBac-
744 2928 862 2979 scuravit
891 2927 995 2978 Comm.
1024 2929 1120 2991 Cruq.:
1152 2941 1271 2979 numme

176 2999 228 3063 cbo]
240 3012 292 3048 non
304 3003 360 3050 tam
372 3001 476 3050 initium
486 3002 552 3052 certi
565 3002 705 3052 cuiusdam
742 3002 810 3066 uoce]
828 3003 982 3053 acutissima
1000 3003 1115 3064 chorda,
1133 3015 1203 3067 quae
1222 3017 1269 3055 su-

177 3075 286 3134 cantici,
312 3075 386 3138 quod
409 3073 451 3125 ille
469 3076 596 3125 cantitare
614 3073 705 3126 solitus
743 3089 838 3141 prema
861 3079 903 3127 est
923 3079 950 3127 et
970 3076 1044 3142 νήτη
1063 3077 1166 3127 dicitur.
1196 3081 1270 3131 uude

176 3149 224 3208 eit,
250 3160 333 3212 quam
357 3148 549 3212 qualiscunque
576 3150 704 3201 cantilena
743 3153 791 3201 ιοο
815 3151 888 3214 noce]
916 3151 941 3199 id
968 3154 1022 3211 est,
1054 3152 1168 3212 chorda,
1200 3165 1269 3216 quae

176 3221 337 3284 convivalis,
365 3237 479 3288 quarum
503 3236 588 3287 genus
612 3227 704 3276 Graeci
744 3237 834 3274 crassa
847 3226 889 3274 est
906 3225 933 3274 et
949 3224 1014 3285 ime,
1035 3238 1104 3287 quae
1116 3219 1212 3291 ὑπάτη
1224 3240 1271 3276 no-

177 3298 312 3349 vocabant
329 3295 498 3362 ἰοβάκχοος.
528 3299 659 3362 Polluxl,
678 3301 703 3362 't,
743 3299 868 3350 minatur.
905 3299 1004 3349 chordis
1023 3301 1152 3361 οοοιιοον]
1175 3299 1269 3364 supple

176 3374 222 3424 53:
252 3376 402 3444 παροίνια,
431 3372 584 3436 ἰόβακχοι·
612 3376 704 3439 quales
744 3375 811 3435 «inu,
829 3375 859 3423 ut
876 3374 918 3436 sit,
937 3387 1006 3438 quae
1024 3375 1066 3424 est
1082 3374 1172 3424 intima
1189 3376 1269 3426 inte·

176 3446 338 3498 Archilocho
351 3449 545 3510 tribuebantur,
559 3449 702 3516 Hepbaest.
742 3447 912 3499 tracbordc.»
934 3476 960 3485 -
979 3451 1130 3500 Pronomen
1147 3450 1195 3499 bac
1210 3463 1270 3501 rem

176 3535 204 3587 p,
217 3520 258 3573 Pi.
279 3523 360 3573 Gaisl.
379 3523 489 3575 Procius
508 3524 659 3575 Chrestom.
676 3537 702 3589 p.
743 3525 827 3586 meas
856 3521 939 3574 oculis
969 3525 1045 3588 quasi
1074 3526 1270 3589 appropinquat

176 3595 240 3646 3l5:
259 3589 345 3667 ᾔδετο
362 3595 393 3648 di
406 3593 423 3647 ὁ
437 3593 581 3661 ιόβακχος
598 3597 629 3648 ἐν
640 3597 705 3670 iop-
743 3611 825 3662 quam
842 3611 887 3660 co,
906 3612 921 3648 a
939 3611 992 3663 quo
1009 3600 1166 3663 pronomine
1184 3597 1268 3664 prop'e

176 3675 240 3734 ταῖς
256 3673 307 3722 etet
323 3672 440 3736 θυσίαις
452 3669 598 3723 Διονύσου
613 3671 704 3734 βεβο-
743 3671 864 3722 εοειιιιοο
890 3675 1020 3736 quantum
1043 3674 1131 3736 potest
1153 3672 1271 3724 abstinet

177 3748 334 3812 πεισμένος
351 3745 447 3814 πολλῷ
464 3743 641 3818 φρυάγματι.
666 3749 705 3798 la·
743 3747 825 3796 etiam
842 3747 894 3796 boc
911 3748 1053 3797 satirarum
1070 3757 1162 3808 genus.
1190 3746 1270 3797 Ditio-

177 3819 244 3872 cobs
269 3822 353 3872 Lecti,
378 3823 444 3872 Ven.
468 3836 495 3886 p.
516 3823 573 3872 386.
592 3821 706 3887 explicat
741 3821 855 3870 rentiam
873 3822 973 3871 senties
991 3833 1023 3869 ex
1036 3820 1091 3870 Cio.
1111 3820 1145 3868 dc
1163 3821 1220 3869 Nat.
1234 3821 1266 3872 D.

178 3895 213 3945 de
231 3897 419 3947 exercitatione
440 3898 528 3958 vocis,
554 3909 622 3960 uque
644 3909 704 3947 eam
742 3895 770 3956 2,
790 3893 836 3955 3t,
855 3895 902 3945 88:
927 3895 1019 3958 Quodsi
1035 3894 1063 3943 in
1079 3893 1208 3954 staulam
1223 3921 1239 3932 -
1254 3921 1269 3932 -

178 3971 240 4019 ente
258 3970 392 4020 actionem
409 3969 452 4021 vel
474 3973 582 4020 cantum
603 3970 704 4020 sensim
741 3969 876 4031 spiam
891 3969 982 4031 etquis
998 3967 1082 4018 tutem
1098 3969 1172 4032 banc,
1191 3983 1269 4032 quam

178 4042 343 4106 excitabant,
370 4046 409 4105 ει,
434 4057 496 4094 cnm
522 4047 645 4106 egerant,
669 4043 703 4093 ab
741 4055 822 4106 uesper
837 4069 853 4079 -
868 4069 883 4079 -
899 4044 979 4106 effodi
999 4043 1151 4093 Posidonius.
1178 4069 1205 4080 -
1224 4057 1268 4096 re-

179 4117 332 4167 acutissimo
349 4130 418 4168 sono
434 4131 520 4182 usque
532 4117 567 4168 ad
584 4118 706 4181 grestem
742 4122 815 4168 souot
830 4116 969 4180 -cbordis1
988 4131 1019 4167 ιε
1036 4116 1145 4168 chordis
1164 4118 1265 4182 prodit,

180 4203 254 4241 mum
273 4191 463 4257 recipiebant.»
488 4192 705 4258 (sctsepeireni
742 4205 793 4256 per
810 4191 926 4241 chordas
940 4193 1042 4254 sonat»,
1062 4190 1141 4242 ablat.
1155 4191 1268 4242 causalis

179 4263 280 4315 Verum
298 4265 355 4328 bie,
383 4279 445 4317 cum
463 4267 548 4328 dicat,
575 4267 639 4330 quid
657 4279 706 4330 per
742 4265 786 4316 vel
804 4264 1022 4317 instrumentalis.
1047 4265 1266 4318 HandTurs.1ll.

182 4338 266 4390 totum
283 4339 435 4392 cenuvium
452 4339 575 4406 Tigellius
596 4340 703 4404 lecerit,
742 4354 769 4405 p.
793 4341 850 4392 353.
891 4339 939 4392 Alii
962 4355 1012 4407 pro
1038 4339 1126 4392 dativo
1151 4340 1266 4402 babent,
