3192 4974
591 478 650 528 ure.
671 479 688 528 ι.
724 447 822 528 uarsr'.
842 479 895 528 vu.

245 635 310 703 lam
333 635 410 702 satis
433 644 490 701 est.
534 637 573 700 At
594 645 629 700 tu
650 644 805 724 quantum
830 635 878 701 vis
900 634 984 702 tolle.
1029 637 1180 723 Benigne.

245 762 314 825 Non
338 758 440 824 invisa
461 756 547 824 feres
569 757 679 844 pueris
702 756 893 823 munuscula
916 757 1034 844 parvis.

246 882 322 948 Tam
342 889 458 946 teneor
479 877 580 957 dono,
604 899 702 967 quam
724 878 751 944 si
778 878 918 944 dimittar
940 889 1086 946 onustus.

247 1003 286 1070 Ut
307 1001 398 1081 libet;
422 1001 503 1068 haec
525 1001 633 1089 porois
656 999 754 1065 hodie
776 999 977 1067 comedenda
1000 1001 1173 1090 relinques.

270 1202 310 1250 46.
333 1201 493 1262 quantaeuis
511 1201 529 1250 t
552 1201 579 1248 et
600 1196 743 1249 Bentleius.
764 1226 791 1235 -
811 1199 850 1249 ts.
874 1199 1003 1249 terrers,
1025 1226 1051 1235 -
1077 1201 1115 1250 ⁴9.
1134 1201 1259 1262 rattaqaes

237 1275 343 1336 bSadE,
361 1274 482 1339 plerique
504 1273 633 1333 Pottierii,
651 1273 751 1324 Veneta
770 1272 846 1334 tter,
866 1275 930 1334 th,
953 1273 1087 1326 Bentleius
1111 1278 1139 1326 et
1155 1277 1189 1326 0:
1216 1289 1259 1325 rc-

237 1351 329 1413 taqua
344 1352 400 1400 tres
417 1349 544 1410 l‘ottierii‚
564 1362 597 1398 ex
614 1346 670 1400 aliia
688 1349 740 1398 Fu.

206 1519 314 1572 liberius
336 1519 441 1582 vaganti
464 1517 656 1580 remissiusque
680 1517 730 1566 ob·
769 1528 813 1566 me
831 1519 892 1567 ante
910 1517 1033 1576 allecisti,
1059 1531 1121 1570 cum
1138 1519 1165 1570 id
1182 1533 1291 1586 semper

206 1593 351 1647 ambulanti
370 1593 460 1658 (Epist.
474 1593 503 1653 2,
522 1593 551 1652 2,
571 1591 622 1654 80.)
641 1593 730 1641 iocose
769 1593 921 1656 spectares,
941 1605 974 1642 ne
987 1593 1055 1642 dona
1074 1598 1117 1644 tua
1130 1609 1291 1661 quocunque

206 1670 373 1734 opponitur.»
389 1669 445 1718 Hac
457 1667 529 1718 enim
540 1665 730 1728 significatione
768 1666 850 1716 modo
873 1680 991 1730 unquam
1015 1669 1079 1718 mihi
1105 1683 1218 1722 onerosa
1242 1673 1292 1722 lie-

206 1745 266 1809 quis
283 1756 403 1808 unquam
419 1755 463 1792 vv.
477 1744 513 1792 ita
530 1742 659 1792 iunxisset
675 1755 733 1790 carr·
769 1743 840 1801 rent;
859 1754 921 1792 nam
938 1741 1058 1806 prolecto
1076 1745 1103 1794 tu
1121 1758 1292 1810 naquaquam

206 1825 302 1870 bootae
313 1819 387 1881 tepet,
407 1817 661 1881 «wiraeiapesoqea,
674 1815 732 1878 sra-
770 1813 862 1866 similis
880 1829 909 1866 es
927 1816 1101 1868 Calabrorum
1119 1819 1235 1883 illorum,
1255 1823 1293 1872 vi-

205 1895 251 1959 901
269 1895 365 1953 usae»‚·
389 1905 438 1956 pro
459 1891 501 1942 bls
522 1889 565 1941 vel
586 1889 730 1942 similibus:
769 1903 861 1942 rorum
873 1904 938 1942 sans
955 1891 1104 1952 bonorum,
1123 1895 1172 1946 aed
1191 1895 1293 1960 politio-

206 1972 350 2018 coatractua
366 1967 433 2016 domi
453 1979 515 2015 auae
534 1966 599 2015 viaet
620 1965 732 2014 madae-
770 1966 807 2015 ris
823 1967 893 2016 vitae
911 1967 1065 2030 ignatorum
1082 1970 1151 2018 cet.»
1172 1998 1200 2006 -
1222 1971 1293 2022 ιιοιι-

208 2057 255 2107 qua
271 2043 334 2106 tepet
344 2042 386 2090 —i
405 2041 573 2102 Quamquam
585 2039 676 2089 Latina
688 2053 731 2089 vv.
769 2039 866 2105 petam]
880 2041 934 2090 lloc
943 2040 1027 2091 verbo
1039 2054 1069 2092 se
1082 2043 1145 2094 satia
1157 2057 1293 2110 superque

209 2119 231 2170 si
242 2119 278 2168 ita
290 2117 444 2180 acceperis,
462 2113 546 2165 multo
559 2115 639 2164 etiam
648 2115 733 2176 magis
771 2117 927 2166 contentum
944 2129 1004 2166 esse
1021 2115 1108 2167 villula
1126 2131 1175 2168 sua
1195 2119 1292 2170 Sabina

208 2191 318 2244 ridicula
328 2193 406 2241 erunt
417 2203 498 2254 quam
511 2191 667 2240 Germanica
680 2188 731 2239 illa.
772 2189 909 2252 significat.
922 2217 949 2226 -
963 2191 1079 2256 lienique]
1093 2193 1194 2243 Gratias
1212 2207 1293 2258 ageas

212 2297 238 2306 -
256 2269 319 2320 Cam
334 2266 460 2330 Zeplaptte]
480 2265 594 2329 Zephyri
612 2266 667 2316 sive
685 2266 734 2316 Fa·
771 2265 874 2315 urbane
886 2265 986 2317 donum
997 2267 1098 2330 hospes
1109 2271 1225 2320 recusat.
1252 2271 1294 2319 Sic
1392 2309 1395 2317 .
1483 2270 1489 2282 '

209 2343 279 2394 vonii
290 2357 315 2392 a.
329 2342 355 2391 d.
369 2342 410 2390 Vl.
423 2341 485 2391 Idus
499 2340 574 2390 Febr.
586 2338 620 2389 ab
634 2353 732 2390 occasu
772 2353 898 2390 sermone
916 2343 1065 2405 antiquiore
1083 2347 1136 2392 tam
1157 2345 1244 2406 pratia
1260 2351 1295 2395 eat

210 2431 296 2481 eoque
314 2414 501 2480 aequinoctiali
524 2416 619 2466 ssantes
637 2417 734 2466 Roma·
773 2414 813 2477 (aa
825 2417 847 2466 si
859 2416 1033 2480 accepissem)
1046 2418 1073 2466 et
1083 2416 1140 2467 Itali
1152 2423 1221 2468 tante
1231 2433 1295 2484 pra-

209 2495 249 2544 nis
266 2505 316 2543 ver
333 2490 501 2556 aperiebant,
519 2491 590 2540 unde
609 2488 734 2541 Claudia·
772 2492 818 2540 sia.
849 2491 888 2541 Cl.
906 2504 932 2540 v.
950 2492 990 2541 62.
1018 2489 1101 2542 l‘laut.
1118 2493 1198 2543 Stich.
1216 2493 1244 2556 3,
1263 2495 1293 2555 Ξ,

210 2581 259 2618 nus
277 2567 311 2617 de
334 2568 362 2616 lt.
381 2569 455 2617 Pros.
473 2567 503 2627 2,
525 2564 571 2614 7³:
598 2565 735 2628 Cornpettat
772 2565 816 2616 ta:
842 2567 937 2615 locata
953 2571 989 2616 eat
1005 2580 1082 2628 opera
1098 2581 1166 2617 acac
1182 2571 1294 2630 quidem:

210 2643 363 2706 Zephyrum:
387 2641 462 2690 Pater
478 2653 494 2689 a
510 2640 653 2704 pratiasime
669 2641 735 2690 verta
772 2645 826 2689 tam
841 2641 929 2702 qratia
945 2643 987 2688 est.
1018 2639 1143 2692 Similiter
1158 2643 1293 2708 Aristopb.

210 2719 261 2767 cet.
284 2744 310 2753 -
329 2715 462 2764 tinentiae
476 2714 570 2779 priua]
587 2714 628 2764 Ab
641 2715 734 2766 birnu-
773 2715 836 2764 ltan.
849 2714 909 2764 507:
933 2713 990 2764 ΘΕ.
1007 2707 1075 2764 Ἀλλ’
1094 2713 1191 2767 εἴσιθι.
1209 2715 1294 2769 ΞΑΝ.

211 2792 272 2842 dine
293 2803 374 2854 saepe
394 2801 443 2840 ver
465 2789 626 2853 designatur.
657 2789 732 2839 conl.
773 2786 918 2848 Kaliour,
937 2785 1053 2838 ἐπαινῶ.
1079 2818 1095 2828 -
1116 2821 1131 2830 -
1153 2791 1210 2841 ΘΕ.
1228 2787 1295 2841 Ἀλλ’

211 2865 402 2918 Hesiod.0.et
418 2865 448 2914 l).
470 2865 527 2914 tae.
556 2865 610 2914 Cic.
629 2863 664 2913 ad
682 2866 733 2913 stt.
773 2859 857 2913 εἴσιθ’
875 2855 924 2926 ἅμ’
941 2863 1016 2928 ἐμοί.
1041 2861 1125 2914 ΞΑΝ,
1144 2865 1226 2916 Πάνυ
1243 2882 1297 2916 κα-

212 2943 255 3002 40,
268 2943 295 2992 2:
315 2936 488 3005 Λαλαγιῦσα
504 2941 557 2989 tam
568 2940 638 2989 adast
655 2937 735 3001 (unde
773 2935 838 3000 λῶς.
854 2967 881 2975 -
896 2938 958 2987 Tuan
974 2944 1058 2988 teneor
1075 2941 1138 3001 cet]
1159 2943 1237 2991 «Tam
1249 2941 1297 2991 ob-

212 3013 574 3078 maremoxeritapertum).
604 3012 736 3063 Leonidas
774 3013 868 3076 ligatus
885 3012 931 3062 tibi
949 3025 1010 3062 sum
1025 3014 1102 3074 ιιοιιο,
1121 3015 1294 3078 quodoilers,

211 3087 315 3141 Antbol.
341 3087 422 3139 Palat.
446 3089 477 3138 Il.
501 3088 564 3138 279:
590 3081 621 3136 Ὁ
647 3083 736 3149 πλόος
774 3100 855 3152 quam
881 3089 903 3137 si
928 3087 1026 3138 eodem
1052 3093 1162 3139 onustus
1186 3091 1297 3142 domum

211 3159 333 3236 ὡραῖος·
357 3158 484 3232 καὶγὰρ
505 3159 670 3229 λαλαγιῡσα
687 3176 737 3221 χε·
774 3163 917 3212 redirem.»
945 3163 1106 3214 Manendum
1119 3167 1176 3214 erat
1187 3166 1298 3229 propter

212 3236 296 3290 λιὸὠν
303 3233 376 3304 Ἤδη
387 3236 560 3304 papatum
570 3231 613 3297 χώ
626 3239 737 3309 χαρίεις
774 3235 923 3300 quendam,
943 3239 989 3299 qui
999 3239 1038 3288 sic
1050 3238 1199 3302 interpungi
1211 3240 1295 3290 iussit:

212 3317 353 3387 Ζέφυρος.
383 3315 493 3379 Oppian.
509 3313 621 3364 Halieut.
635 3313 659 3373 3,
672 3312 734 3364 bli:
776 3312 836 3360 Tam
852 3315 950 3374 teneor,
974 3312 1039 3362 aloao
1056 3325 1133 3374 ριιαηι
1149 3315 1200 3363 cat.
1237 3315 1296 3378 ipsa

213 3386 322 3462 εἰαρινὴ
335 3385 468 3460 Ζεφύρου
479 3381 738 3459 πρωτάγγιλοςόρ-
774 3399 869 3437 versus
891 3399 1002 3437 caesura
1024 3389 1108 3450 vetat,
1133 3401 1167 3438 ne
1188 3402 1213 3439 v.
1233 3390 1297 3438 dono

212 3483 265 3529 νις.
296 3464 576 3525 avinionenses.
606 3465 674 3526 Ergo
692 3476 736 3514 se·
774 3463 945 3525 seiungamus
962 3463 1073 3512 averbo
1090 3468 1181 3514 ιιιεον.
1196 3465 1298 3514 -taec

213 3544 285 3605 ptem
312 3540 451 3591 minimum
476 3551 586 3590 menses
608 3536 643 3587 ab
666 3537 735 3590 Urbe
770 3537 1131 3602 porciscet.]lnnocentem,
1151 3538 1298 3589 sedsubri-

213 3616 332 3665 aiuturus
349 3616 408 3664 erat
425 3615 556 3665 Horatius.
774 3611 888 3662 diculam
918 3606 1068 3682 ἀγροικίαν
1102 3614 1188 3676 quivis
1222 3613 1297 3663 tacite

244 3688 333 3740 tt-to.
358 3690 416 3738 Noa
438 3688 499 3753 cet]
523 3691 675 3740 Sententiae
698 3691 736 3741 sic
774 3688 862 3737 sentit.
891 3715 911 3723 -
930 3687 1009 3751 bodie]
1028 3689 1084 3737 Non
1102 3689 1142 3738 est
1166 3689 1295 3748 otiosum

213 3766 420 3814 connectuntur:
441 3764 511 3813 «lam
528 3765 637 3814 minime
655 3777 735 3827 aegre
774 3762 822 3812 sed
840 3763 983 3824 significat,
1003 3763 1100 3812 diutius
1117 3763 1173 3826 pira
1191 3764 1240 3812 ista
1253 3775 1298 3812 as-

213 3841 241 3888 tu
270 3838 339 3888 ieres
368 3836 517 3888 absentiam
550 3851 654 3899 meam,
688 3839 735 3888 ubi
774 3838 876 3888 servari
893 3850 945 3887 non
960 3849 1049 3900 posse.
1065 3837 1236 3902 —relioqaesl
1250 3839 1298 3887 lte-

212 3913 319 3973 acieris‚
331 3912 393 3962 ideo
406 3912 590 3963 tantummodo
602 3927 646 3963 me
658 3913 736 3962 abes-
774 3912 832 3976 cepi
851 3925 922 3961 nunc
940 3914 1049 3975 propter
1061 3911 1144 3960 Codd.
1156 3913 1298 3960 auctorita·

211 4001 242 4037 se
264 3986 298 4037 ab
326 3985 407 4047 Urbe,
436 3988 465 4036 ut
489 3987 593 4037 sanitati
619 3987 735 4036 tuendae
772 3983 1298 4048 temetquiasanelaciliusanegligen-

212 4075 324 4128 operam
341 4062 414 4112 dem.
446 4063 501 4112 lloc
517 4063 596 4125 igitur
608 4075 656 4127 pro
669 4063 736 4111 ami·
773 4059 884 4110 tioribus
901 4058 1073 4123 scriptoribus
1091 4056 1204 4109 librariis
1226 4062 1298 4112 lutu-

212 4139 273 4188 citia
295 4141 339 4188 tua
363 4137 461 4187 libente
482 4139 571 4187 animo
589 4137 652 4186 mihi
670 4149 735 4186 con·
773 4149 832 4186 rum
862 4135 887 4186 in
917 4147 1044 4199 praesens
1069 4135 1165 4184 mutari
1195 4139 1298 4200 poterat

212 4214 307 4274 cedes,
327 4213 482 4263 existimans
499 4226 597 4263 novum
617 4212 734 4262 boclore
774 4225 855 4276 quam
882 4210 982 4259 contra.
1021 4211 1190 4273 Quamquam
1218 4225 1297 4275 prae-

212 4288 374 4338 beneficium
400 4288 425 4336 in
451 4299 495 4338 me
521 4287 660 4348 collatum,
687 4299 736 4352 par
773 4299 836 4336 sens
860 4285 982 4344 relinquis
1005 4283 1140 4335 eliioacius
1166 4285 1297 4338 nonnullis

212 4363 304 4427 utique
319 4362 384 4425 illis,
404 4363 501 4426 quibus
520 4365 574 4412 tam
591 4361 735 4412 liberaliter
773 4365 814 4411 est
825 4361 923 4410 visana
943 4359 1075 4424 praesenti
1088 4359 1159 4410 enim
1176 4363 1296 4425 tenrpore
