3174 4974
305 438 366 503 602
670 439 797 490 uouuru
815 438 1035 509 nursronuuuu

348 595 470 663 Dicitur
492 595 597 662 Afrani
620 605 693 683 toga
715 597 907 664 convenisse
928 595 1117 670 Menandro,

306 881 330 930 is
353 894 368 929 0
389 881 507 930 Varrone
525 877 596 942 apud
613 875 677 928 deii.
696 879 724 939 4,
742 877 786 939 44,
803 879 828 929 6.
862 891 1041 941 personae-run.
1060 877 1392 929 Ceteramuitoretumurra

303 955 424 1004 ubertatis
457 954 537 1004 tuisse
566 952 662 1003 dicitur
689 955 828 1016 00000404.
867 953 894 1001 iu
910 953 1052 1002 0000400440
1073 951 1188 1013 operibus
1203 965 1294 1002 mamus
1309 953 1392 1016 mapis

305 1030 443 1080 Cicomt.
458 1029 501 1089 44,
515 1028 562 1078 364
581 1041 665 1078 onmes
681 1030 750 1090 apud
765 1029 830 1078 4000
865 1028 945 1077 uideri
968 1031 1048 1090 potest
1068 1027 1218 1090 temporibus
1239 1041 1316 1090 quara
1331 1031 1393 1091 ipsis

305 1103 466 1168 (Pacuvium)
484 1103 569 1153 amati
585 1103 756 1166 elaboratique
774 1108 831 1154 4004
866 1101 978 1166 00444440.
1011 1101 1107 1151 Virium
1131 1107 1215 1152 tamen
1237 1103 1312 1153 40040
1332 1103 1392 1166 pius

302 1191 395 1228 004404.
426 1179 522 1229 Contra
536 1178 630 1228 Cicero
643 1179 714 1228 Brut.
728 1176 768 1229 44.
786 1179 831 1228 So-
865 1175 1002 1225 tribuitur:
1021 1178 1160 1227 Pacuuium
1174 1177 1255 1228 uideri
1270 1179 1391 1228 doctio-

303 1253 355 1302 ium
366 1280 380 1289 -
391 1280 405 1289 -
422 1257 446 1302 ct
467 1253 540 1314 quast
561 1252 752 1314 [000040004οω
768 1265 831 1302 oru-
865 1264 942 1312 rem,
961 1252 1004 1313 qui
1014 1265 1066 1301 esse
1076 1253 1142 1302 docti
1155 1254 1282 1316 affectant,
1294 1253 1388 1303 uoiuut.

303 1327 366 1377 toris
380 1329 448 1377 uides
470 1327 618 1376 locutionem
634 1329 792 1377 eureudatam
808 1333 831 1378 et
866 1324 905 1375 Ci.
925 1326 1084 1375 Frontonem
1102 1339 1128 1390 p.
1143 1326 1199 1377 444.
1214 1327 1257 1378 ed.
1275 1329 1349 1378 iiom.
1362 1342 1388 1378 4.

304 1404 436 1462 Latinam,
455 1403 527 1450 00404
541 1415 616 1464 peaes
632 1415 694 1464 0000
712 1403 769 1452 4004
785 1404 831 1452 aa·
867 1397 941 1450 4846.
952 1413 958 1447 :
971 1399 1000 1448 10
1007 1401 1276 1465 portisqutriprorat,
1291 1407 1319 1451 04
1329 1415 1391 1466 pra-

303 1478 350 1526 buc
365 1478 428 1540 44044,
446 1491 497 1526 nou
512 1477 560 1538 [044
574 1477 682 1526 rationis
692 1481 738 1526 aut
748 1477 831 1527 scieu-
865 1473 920 1523 citu
943 1475 975 1524 rit
1000 1476 1126 1538 40044400,
1152 1477 1269 1527 Albucius
1292 1479 1388 1538 044004,

304 1553 366 1613 tiae,
385 1553 426 1601 sed
447 1552 520 1614 00044
535 1553 726 1602 consuetudinis.
758 1553 831 1602 444440
865 1549 976 1598 4444440444
992 1550 1133 1612 Lucretius,
1159 1553 1291 1602 mediocris
1309 1554 1390 1603 racu-

304 1628 332 1678 0.
345 1627 471 1688 Laelium,
488 1628 515 1676 P.
529 1627 683 1689 Scipiouerrt:
700 1627 791 1676 aetatis
801 1627 831 1676 ii-
864 1623 932 1682 vius.
950 1623 1092 1685 4000000444
1103 1626 1203 1688 Accius,
1221 1627 1318 1677 4404404
1327 1628 1391 1677 0004-

303 1703 352 1751 4404
377 1701 585 1764 stamiriam,
613 1706 743 1763 tamquam
759 1701 831 1751 4000-
866 1697 991 1761 biformis?
1015 1701 1088 1750 Pers.
1103 1702 1126 1761 4,
1139 1701 1185 1750 76:
1202 1702 1323 1752 iistuumc
1334 1703 1391 1752 4404-

303 1777 415 1838 cmtiae,
447 1777 483 1825 aio
509 1777 597 1826 Latine
618 1776 830 1838 loquendi-uec
865 1773 1002 1834 4044000444
1025 1787 1129 1824 0000400
1151 1775 1213 1826 iiber
1228 1778 1301 1838 4004,
1326 1777 1391 1827 Suu

303 1852 415 1901 onmium
431 1856 529 1910 tamen,·
546 1863 607 1900 uam
622 1851 723 1900 illoram
736 1863 830 1911 aequa-
866 1860 927 1909 04404
950 1849 1122 1911 440οω400000
1141 1855 1164 1899 04
1182 1863 1319 1901 00400000
1333 1865 1391 1902 mo-

304 1925 338 1976 les
359 1925 493 1976 Caecilium
514 1930 538 1975 et
552 1926 691 1976 Pacuuium
709 1925 775 1975 maie
790 1925 830 1974 io·
865 1926 937 1972 retur
951 1922 1072 1985 Antiopa,
1094 1925 1223 1974 0044004044
1237 1939 1283 1976 cor
1298 1927 1390 1990 40044-

303 2005 373 2050 00400
387 2001 507 2050 uideruur.
526 1999 565 2050 ci.
584 2001 673 2050 Vatari
690 2001 771 2051 vitam
783 2002 831 2050 Pa·
866 1995 944 2046 cabiie
958 1997 1032 2060 440440.

304 2076 372 2125 curii
390 2076 417 2125 in
435 2074 535 2125 Erschii
552 2077 580 2124 04
596 2074 710 2125 Grubari
726 2074 828 2136 iinauoi.
899 2072 939 2121 b'i.
966 2072 1073 2137 Afrani]
1106 2074 1135 2123 L.
1156 2073 1277 2124 44400400
1302 2073 1391 2124 duruit

305 2151 331 2200 in
346 2149 372 2199 h.
386 2162 455 2198 v.-
473 2147 571 2213 400404]
589 2151 616 2198 L.
629 2149 725 2199 Accius
743 2149 773 2212 (4.
786 2151 831 2198 44-
866 2147 1153 2198 04404404000664.
1181 2147 1286 2208 Quintil.
1304 2149 1386 2210 40,4,

305 2223 364 2284 iius)
389 2225 466 2274 natus
484 2236 509 2272 a.
527 2236 554 2272 u.
572 2237 596 2273 c.
615 2222 673 2274 4484.
693 2223 776 2272 vitam
796 2235 829 2271 eo
867 2220 928 2270 40οε
958 2221 1056 2284 Topatis
1071 2222 1170 2272 00004444
1184 2223 1315 2286 Afranius,
1337 2224 1390 2272 uti-

304 2309 390 2360 usque
413 2296 550 2360 produxit,
577 2299 606 2346 ut
622 2296 719 2346 viderit
735 2297 765 2346 C.
786 2297 830 2345 iu·
865 2307 974 2356 ucmoue
997 2309 1048 2344 uon
1068 2297 1222 2356 inquinasset
1240 2303 1390 2362 arprmmta

304 2369 368 2421 lium
394 2371 538 2421 Caesarem
563 2370 723 2420 Strabonem
748 2370 830 2434 Vopi-
862 2381 1001 2429 puerorum
1010 2369 1089 2433 foedis
1099 2370 1391 2432 0040444404,Μοοω

304 2457 395 2506 scum,
419 2447 554 2494 oratorem
577 2447 604 2494 04
623 2447 731 2508 poetam
749 2445 830 2507 tragi—
864 2443 961 2504 [044004
979 2444 1033 2493 Cic.
1050 2445 1123 2494 Brut.
1136 2443 1178 2506 44,
1191 2445 1252 2496 ibi:
1271 2447 1299 2497 4.
1311 2447 1389 2509 ,4440-

304 2533 382 2580 0004,
412 2518 458 2581 qui
477 2531 502 2567 0.
524 2532 550 2568 u.
572 2531 596 2568 0.
618 2519 675 2568 our.
699 2518 829 2570 aedilitias
864 2517 1024 2579 aiuspoi'ta,
1042 2518 1293 2584 barnoperarputus,
1312 2521 1390 2584 iula-

303 2594 389 2658 periit.
421 2595 529 2643 Praeter
551 2593 701 2656 tragoedias
723 2595 830 2658 scripsit
865 2591 928 2641 baiis
944 2593 1044 2653 quium
1060 2595 1149 2655 etiam,
1167 2600 1196 2644 ut
1211 2596 1290 2655 004444,
1308 2597 1390 2646 diser-

304 2665 577 2719 etiamDidusoaiioon
589 2665 680 2727 libros,
694 2681 761 2732 quos
770 2681 830 2718 ver·
864 2672 911 2716 400.
950 2667 1048 2717 Contra
1069 2667 1184 2720 velleius
1207 2671 1236 2731 4,
1260 2671 1300 2720 tr.
1325 2683 1389 2722 eum

304 2742 378 2794 sibus
391 2743 557 2806 conscriptos
569 2742 649 2794 tuisse
662 2741 753 2792 docuit
765 2743 830 2793 Her-
865 2739 979 2792 Caeoflio
996 2743 1172 2806 Terentioque
1189 2755 1333 2808 supparem
1345 2758 1390 2795 ae·

303 2830 426 2868 manuus.
464 2816 523 2867 Vid.
545 2817 666 2880 Madvigii
692 2817 788 2882 opusc.
808 2819 826 2867 4.
864 2817 918 2866 tate
935 2815 1016 2867 404440
1034 2816 1110 2878 dicit,
1136 2817 1163 2868 id
1185 2819 1238 2878 est,
1264 2819 1388 2870 iioruisse

305 2905 331 2956 p.
345 2892 385 2942 94.
413 2891 489 2942 Cani.
502 2892 554 2940 Sat.
575 2892 602 2951 4,
621 2892 667 2952 40,
686 2891 726 2941 bb.
750 2895 780 2942 Α.
799 2894 826 2941 P.
865 2892 1006 2941 circitare.
1019 2892 1077 2942 604.
1102 2892 1154 2943 Sed
1166 2893 1255 2943 minus
1263 2895 1388 2944 accurate

303 2967 405 3029 44840.
421 2993 448 3002 -
468 2967 523 3028 0440]
541 2964 702 3016 «sublimis».
727 2967 827 3031 Repete
864 2966 914 3015 hac
939 2966 966 3015 in
990 2979 1020 3016 40
1044 2969 1167 3018 versatus
1192 2979 1252 3018 0440
1272 2969 1387 3030 videtur,

303 3045 393 3092 eutem
419 3043 499 3102 seuis;
529 3055 581 3091 non
607 3043 692 3101 enirn,
719 3043 749 3092 ut
771 3041 827 3092 aiiis
865 3041 913 3092 etsi
938 3053 1001 3091 cum
1024 3053 1057 3091 eo
1078 3042 1140 3091 iacit
1156 3043 1288 3096 iieusdius
1305 3044 1385 3095 Lucii.

303 3113 416 3179 placuit.
435 3114 561 3179 supplere
572 3128 716 3179 possumus
727 3119 826 3178 posiae.
865 3129 892 3180 p.
910 3117 950 3166 ii.
980 3117 1175 3169 posterioribus
1192 3130 1300 3183 qnoque
1317 3122 1388 3171 tem-

304 3190 416 3240 Omnino
427 3193 535 3241 veteres
551 3194 645 3255 poitas
655 3203 723 3241 04000
734 3191 828 3255 appei·
864 3191 974 3255 poribus
992 3193 1049 3244 eius
1066 3195 1168 3256 togatas
1180 3195 1205 3245 iu
1223 3207 1333 3247 scenam
1349 3197 1388 3248 in·

303 3262 408 3325 labant,
426 3267 457 3314 ut
472 3263 600 3315 Lucilium
617 3265 670 3314 Sat.
687 3266 716 3324 4,
736 3267 765 3325 4,
785 3266 825 3316 34.
864 3267 959 3317 ductas
968 3279 1028 3318 esee
1038 3269 1149 3318 testatur
1158 3269 1265 3320 Sueton.
1276 3271 1385 3322 440444,

302 3339 400 3390 Statius
417 3337 478 3388 silv.
492 3340 517 3399 4,
529 3340 554 3400 4,
567 3339 628 3388 aba:
648 3339 828 3390 0044444004οε-
864 3337 1012 3406 supersunt
1034 3343 1121 3392 adhuc
1138 3341 1197 3407 pius
1214 3345 1265 3394 XL.
1284 3344 1387 3396 tabula-

303 3427 350 3476 pue
366 3427 450 3464 00000.
474 3413 535 3463 Situ.
549 3416 573 3476 5,
587 3415 612 3476 3,
625 3416 687 3464 tut:
705 3416 828 3467 44040004
863 3431 924 3469 rum
941 3420 998 3468 cius
1015 3419 1120 3468 nomina
1133 3421 1160 3468 et
1172 3417 1308 3483 reliquiae.
1331 3421 1387 3472 iioo

301 3488 449 3550 8400404040
477 3501 561 3539 smero.
600 3487 647 3539 4444
670 3491 773 3552 tamen,
798 3495 828 3541 ut
863 3493 941 3556 igitur
958 3492 1083 3542 dicebant
1100 3493 1203 3543 critici:
1224 3495 1337 3544 «4444044
1352 3495 1388 3545 40-

303 3561 435 3614 Heusdius
451 3562 532 3613 Lucil.
550 3576 576 3627 p.
597 3563 649 3622 32..
668 3567 775 3629 propria
792 3565 826 3616 de
863 3566 940 3618 bulas
957 3569 1073 3631 togatas,
1094 3568 1246 3632 etquidem
1265 3569 1388 3620 taberne·

302 3642 389 3690 aetate
407 3640 623 3704 interpretantur.
650 3641 769 3691 Priorem
787 3655 828 3692 ra-
862 3643 928 3701 rias‚
947 3655 1031 3706 propa
1049 3641 1181 3693 accedere
1198 3643 1232 3694 ad
1250 3643 1387 3695 Menandri

303 3715 402 3764 tionem
436 3713 561 3778 praetulit
589 3714 763 3766 casaubonus
791 3715 826 3766 ad
863 3716 965 3767 tabulas
980 3715 1131 3780 (palliatusiz
1149 3715 1222 3768 iilum
1233 3717 1315 3768 vitem
1326 3731 1387 3769 ruo-

302 3792 375 3841 Pers.
390 3791 414 3850 4,
429 3789 485 3841 tat.
501 3817 528 3827 -
542 3792 671 3840 Perverse
684 3790 826 3840 commen-
862 3803 961 3855 resque
985 3793 1162 3841 Romanorum
1185 3791 1282 3842 oedem
1303 3791 1387 3843 404404-

303 3867 372 3914 tator
391 3865 500 3928 cruquii
526 3867 553 3914 et
570 3863 703 3915 Glossator
720 3864 826 3916 Codicis
863 3869 916 3918 tate
943 3867 1073 3918 imitatum
1098 3878 1159 3916 0440
1184 3879 1217 3916 00
1241 3867 1387 3918 Menander

303 3940 337 3990 E:
354 3939 431 3999 04040,
451 3938 637 4004 «5004400444ιο
659 3939 718 4000 utri,
738 3941 827 3991 044044-
862 3941 1024 4006 expresserit
1039 3942 1153 4000 Α444004;
1172 3941 1244 3992 hunc
1261 3942 1287 3991 in
1300 3942 1386 3993 444400

302 4013 400 4078 prais».
429 4017 514 4064 immo
532 4014 682 4077 interpretis
699 4012 759 4065 4000
770 4016 827 4066 400-
861 4028 986 4068 40404000
1004 4027 1138 4066 summam
1154 4013 1387 4078 elegantiemoon·

302 4089 379 4151 00404
394 4087 557 4149 0044444444,
572 4089 595 4150 4,
609 4088 654 4138 ⁹⁷:
675 4087 826 4153 4400004400
861 4093 984 4142 secutum
1009 4103 1086 4150 0440,
1115 4087 1189 4140 ilium
1215 4091 1240 4139 in
1266 4091 1385 4141 Latino.»

301 4163 433 4224 scriptores
454 4169 566 4213 usurum
585 4161 672 4214 ,400404
688 4168 764 4225 atque
779 4167 827 4214 Pa-
861 4167 890 4215 in
907 4177 987 4230 prosa
1004 4175 1044 4214 or.
1059 4162 1170 4214 tortasse
1188 4163 1310 4216 dixisset:
1328 4177 1386 4215 eoe-

301 4237 388 4286 cuoiru
403 4237 536 4287 clarissimi
552 4238 826 4302 04004040400400440-
859 4245 966 4290 coitura
981 4239 1064 4303 4404440.
1092 4239 1252 4302 ipseautera
1264 4238 1385 4289 44440404

303 4325 374 4373 mm,
392 4313 524 4364 cuborum
537 4314 661 4375 paudere,
674 4315 825 4365 auctoritate
862 4315 972 4366 testatus
989 4317 1032 4366 044
1048 4314 1075 4366 in
1093 4313 1283 4378 Compitalibus
1304 4314 1385 4378 (apud
