3022 4984
579 447 639 498 aas
657 446 801 500 rosrrcn.
1108 505 1111 512 ,
1177 444 1238 508 795

155 604 203 656 illis
220 607 363 669 conspicua
382 607 452 666 erat,
472 601 579 669 qualem
597 605 623 654 44
634 605 742 656 Graecis
759 604 930 654 admiramur.
958 605 1062 656 Chorus
1074 605 1238 668 4444444444-

153 690 190 740 444
205 689 374 753 potissimum
390 689 462 753 apud
480 690 585 740 Latinos
602 690 716 751 tragicos
728 691 819 752 partes
830 687 990 746 sustinebat,
1009 688 1058 738 ssd
1070 687 1238 738 immiscebat

154 772 233 822 etiem
257 773 423 836 precationes
440 772 475 823 ad
492 773 558 824 deos
576 775 603 822 et
623 771 762 836 generales
779 773 924 824 sententias
943 772 977 822 ad
994 771 1156 836 singularum
1174 772 1237 822 dra-

153 855 231 906 matis
248 869 425 919 personamm
442 855 629 908 condicionem
645 858 823 921 spectantes.»
841 857 935 908 444444.

465 1175 925 1271 nxcunsusva

539 1357 571 1392 an
588 1345 618 1394 A.
636 1344 664 1393 P.
684 1356 708 1393 v.
727 1343 776 1392 2444
793 1355 851 1406 sqq.

221 1433 319 1496 Extis,
339 1448 407 1498 quae
426 1433 460 1485 de
478 1436 620 1498 satyricis,
648 1448 714 1499 qaas
732 1421 882 1498 tingebant,
905 1434 1000 1486 tabulis
1018 1435 1088 1500 apud
1107 1436 1238 1488 Romanos

155 1520 324 1584 disputarunt
335 1520 414 1570 44444
425 1519 459 1570 de
469 1519 521 1583 fal.
534 1518 652 1570 Atellams
662 1533 689 1584 p.
703 1519 734 1568 76
746 1531 806 1584 sqq.
820 1522 900 1582 atqua
912 1521 1061 1570 accuratius
1073 1521 1152 1569 etiam
1164 1519 1239 1569 Wei-

154 1605 218 1654 clrer
235 1605 279 1654 Gr.
296 1603 434 1666 Trapo'dica
450 1616 477 1667 p.
493 1603 552 1653 4364
568 1615 639 1668 sqq.,
657 1604 710 1653 hoc
723 1605 785 1654 ante
797 1603 885 1653 omnic
897 1605 1021 1668 apparet,
1040 1602 1109 1654 nulls
1121 1614 1239 1666 unquam

155 1687 225 1752 apud
244 1689 375 1738 Romanos
391 1687 474 1736 tuisse
492 1687 612 1737 dramata
630 1687 763 1748 satyrica,
790 1689 830 1746 ct,
853 1686 938 1736 sicubi
955 1686 1132 1748 recentiores,
1158 1687 1238 1738 etiam

154 1771 285 1820 Neulrirch
304 1772 334 1820 da
348 1770 440 1834 fabulis
456 1771 547 1833 tapetis
563 1784 589 1834 p.
607 1770 639 1820 48
654 1782 728 1834 sqq..
752 1769 812 1820 talia
834 1771 1006 1833 investigasse
1029 1769 1080 1822 sibi
1101 1771 1237 1830 visisunt,

153 1855 223 1904 banc
239 1855 391 1918 opinionem
409 1856 495 1904 ortam
512 1867 573 1906 esse
590 1867 623 1902 ex
641 1866 688 1914 co,
715 1853 787 1918 quod
808 1867 871 1906 cum
893 1854 934 1904 his
951 1852 1150 1905 contundebant
1166 1852 1239 1904 Atel-

154 1936 237 1988 lanas.

220 2019 297 2072 Clara
315 2021 365 2070 bac
382 2020 416 2070 de
434 2033 463 2072 44
482 2024 587 2072 exstant
598 2021 747 2072 testimonia
759 2021 895 2072 Diomedis
907 2022 931 2072 3.
945 2035 971 2086 p.
985 2020 1043 2072 4844.
1057 2024 1098 2072 P.:
1118 2021 1240 2070 Pmntatis

154 2104 290 2154 dramatici
306 2104 345 2153 cel
361 2105 437 2154 activi
453 2117 547 2168 penna
563 2111 620 2153 aunt
637 2109 772 2166 quattuor:
791 2107 860 2168 apud
877 2106 986 2156 Graecos
1002 2107 1115 2170 tropica,
1133 2105 1238 2166 4444444,

154 2189 278 2248 umnec,
297 2188 412 2248 manica,
431 2189 500 2250 opud
516 2189 640 2239 Romanos
654 2193 831 2251 praenotato,
850 2189 1010 2247 tabernario,
1028 2189 1158 2248 Atellano,
1178 2189 1239 2250 plu-

153 2272 231 2333 aipes.
266 2270 341 2321 idem
358 2283 384 2333 p.
402 2270 459 2321 484.
479 2273 520 2321 P.:
541 2272 624 2322 444444
639 2273 731 2334 species
747 2277 782 2322 eat
797 2271 944 2336 [4444444444
960 2274 1123 2332 naamanin,
1142 2283 1240 2334 quasa

153 2355 253 2404 44444444
270 2355 389 2404 Oscorum
405 2353 498 2418 Atella,
517 2355 543 2407 in
560 2369 612 2418 pua
623 2357 737 2418 patmum
747 2361 862 2418 coeptae,
880 2357 1007 2408 Atellanae
1018 2359 1099 2406 444444
1109 2361 1175 2416 sunt,
1193 2369 1239 2404 ar·

153 2438 276 2503 prenmlts
293 2439 411 2500 dictisque
427 2439 592 2499 mculorlbus,
616 2440 707 2492 similes
723 2441 846 2501 8444444444
861 2441 954 2503 fabalia
970 2443 1082 2492 Graecia.
1102 2467 1128 2476 -
1148 2441 1240 2490 4444444

153 2523 268 2572 Atellano
283 2536 302 2572 a
319 2523 418 2574 Graeca
435 2524 553 2586 Satyrion
569 2525 667 2586 differt,
686 2527 752 2586 cuod
768 2527 795 2574 tn
811 2526 931 2586 Soterico
946 2527 998 2589 sare
1015 2527 1166 2586 Satyrorum
1179 2537 1239 2586 per·

154 2619 229 2656 sonae
253 2607 420 2668 inclementer,
446 2613 491 2658 out
512 2609 534 2658 si
560 2621 625 2670 puae
640 2614 697 2658 sunt
713 2609 836 2658 ridiculae
851 2609 942 2658 44444444
958 2609 1071 2669 surpra,
1098 2609 1239 2668 Autolycus,

153 2691 244 2740 Buccis
260 2689 368 2752 (4444444
383 2689 509 2752 44444444),
532 2693 560 2742 in
575 2693 691 2742 Atellano
709 2692 788 2740 Oscae
801 2705 936 2754 peramans,
960 2699 988 2742 at
1005 2695 1114 2742 Maomu.
1144 2691 1240 2740 ilarius

154 2773 303 2824 Victorinus
320 2775 351 2834 4,
369 2772 399 2834 4,
418 2775 458 2822 45.
478 2786 504 2836 4.
519 2775 575 2824 440.
595 2775 690 2826 64444.;
708 2775 826 2836 Superest
842 2775 1001 2836 Satyrirum,
1021 2775 1086 2836 quod
1102 2776 1167 2823 inter
1183 2777 1240 2821 tro-

154 2857 238 2921 picum
254 2861 278 2906 ct
294 2857 416 2906 comicum
431 2857 523 2919 4444444
538 2859 648 2908 martiam
663 2863 717 2908 eal:
742 2885 758 2894 -
770 2885 784 2895 -
802 2860 868 2920 qaod
887 2871 965 2922 penas
986 2859 1065 2908 nostri
1081 2859 1109 2906 in
1123 2855 1241 2906 4444444444

155 2941 252 2990 imant.

220 3025 311 3074 Naevii
328 3025 469 3088 churpas,
489 3026 539 3076 etsi
556 3027 582 3076 in
600 3039 632 3076 so
650 3023 753 3076 Silenos
766 3026 951 3090 comparebat,
971 3025 1005 3074 ab
1021 3021 1241 3088 hilarotragoedia

157 3108 240 3172 (cuius
257 3107 364 3159 dicendi
381 3121 465 3172 genus
483 3121 547 3159 sans
566 3109 688 3160 redolent
705 3109 846 3174 reliquiae,
866 3113 895 3160 ut
911 3109 981 3173 apud
999 3110 1147 3158 Varronem
1164 3109 1192 3156 L.
1211 3109 1239 3156 b.

156 3192 184 3250 7,
203 3191 251 3242 53:
270 3193 321 3244 44444
337 3198 432 3256 eportet
447 3193 630 3244 conabundum
646 3195 685 3244 ire
701 3194 796 3244 cortem
806 3209 814 3241 .·
833 3194 975 3244 Diaballrra
986 3193 1012 3242 in
1024 3192 1127 3255 pedidus
1137 3191 1241 3240 babebat

156 3277 261 3326 amalus
277 3276 410 3342 epicroca.)
428 3279 536 3342 propius
554 3277 647 3328 aberat
664 3291 745 3342 quam
762 3292 777 3328 a
796 3276 882 3330 tabula
900 3278 1031 3340 Satyrica;
1051 3278 1124 3326 certo
1142 3277 1240 3326 chorus

157 3359 297 3410 constabat
314 3375 345 3410 cx
366 3361 471 3412 Edonis.

457 3710 824 3770 EXCUBSUS
862 3710 940 3772 vti.

523 3863 556 3900 44
574 3853 603 3901 A.
622 3853 650 3900 P.
669 3865 712 3900 vv.
731 3849 870 3901 stt-23³.

223 3962 372 4013 Dilucidum
390 3959 556 4026 exemplum,
583 3961 718 4024 quomodo
736 3963 763 4012 ia
780 3962 900 4014 (44444444
917 3962 1034 4025 satyrico
1052 3961 1144 4012 Graeci
1160 3967 1242 4012 amle-

157 4047 210 4096 rint
225 4047 292 4096 seria
308 4047 380 4104 lado,
400 4043 511 4110 praebet
528 4043 659 4110 Euripidis
671 4043 765 4108 Syleus
777 4046 849 4110 apud
860 4044 997 4096 Philonem
1009 4044 1072 4116 aspi
1084 4041 1135 4096 τοῦ
1148 4041 1242 4094 πάντα

158 4126 319 4180 σπουδαῖον
340 4125 412 4179 sluaa
435 4125 594 4198 ἐλεύθερον.
630 4128 676 4179 Ed.
700 4129 769 4192 Lips.
789 4130 818 4180 Τ.
836 4129 867 4178 V.
888 4142 914 4192 p.
932 4129 990 4180 890.
1014 4129 1117 4194 (Eurip.
1136 4131 1176 4178 Fr.
1196 4128 1239 4179 ed.

158 4213 275 4276 Wagner
299 4215 381 4263 Paris.
403 4212 474 4264 4846,
494 4227 520 4278 p.
542 4213 608 4274 484.)
637 4205 692 4262 Ἴδε
713 4208 784 4277 γοῦν
808 4205 857 4262 ote
874 4215 938 4282 παρ’
957 4207 1096 4284 Εὐριπίδῃ
1113 4213 1205 4277 φησὶν
1223 4207 1239 4261 ὁ

156 4289 296 4367 ‘ispaniae
308 4309 314 4323 ·
