3174 4974
359 441 422 509 dib
719 443 846 499 aonam
863 441 1083 494 setsromnuu

403 599 555 680 Cuilibet;
578 597 689 686 argilla
711 599 840 687 quidvis
862 598 1039 665 imitaberis
1061 595 1142 674 uda,

403 723 487 802 Quin
511 722 606 788 etiam
629 729 723 787 canet
745 719 925 796 indoctum,
950 718 1009 786 scd
1032 718 1127 786 dulce
1150 719 1281 786 bibenti.

403 841 500 909 Multa
521 841 619 909 fidem
640 842 800 930 promissa
822 841 943 918 levant,
967 841 1022 908 ubi
1044 841 1172 929 plenius
1194 861 1301 929 aequo
1411 840 1447 906 lb

404 963 527 1031 Laudat
547 963 694 1040 venales,
718 963 774 1052 qui
796 962 862 1030 voli
883 963 1071 1040 extrudere,
1097 983 1231 1030 merces.

405 1090 467 1153 lies
490 1096 582 1174 urget
603 1107 655 1152 me
678 1084 780 1164 nulla;
804 1106 876 1152 meo
899 1105 971 1150 sum
990 1105 1116 1172 pauper
1138 1085 1169 1150 in
1191 1105 1278 1152 aere.

428 1330 452 1380 8.
471 1331 569 1392 quiduis
585 1342 720 1393 superscr.
739 1331 805 1391 quod
816 1329 843 1380 b.
859 1356 886 1365 -
900 1329 1038 1380 inmunis
1049 1330 1082 1378 Sc
1093 1331 1121 1379 et
1130 1341 1172 1394 pr.
1186 1328 1220 1390 b,
1239 1331 1293 1380 tct
1305 1332 1332 1380 et
1343 1331 1421 1381 lieni-

397 1404 477 1456 leius:
496 1405 635 1454 imitabitur
646 1404 664 1454 d
676 1407 703 1454 et
712 1418 780 1454 corr.
794 1404 826 1463 b,
845 1405 909 1454 item
922 1405 989 1456 Fila.
1005 1431 1032 1441 -
1047 1404 1087 1454 it.
1100 1404 1234 1454 excindere
1251 1405 1296 1466 Ec,
1316 1407 1420 1469 septem

397 1479 524 1540 Pottlerii,
544 1482 598 1530 tres
618 1478 753 1530 Schmidii.

366 1705 390 1754 6.
409 1706 500 1754 namet
517 1700 630 1753 Calvisio
653 1701 765 1763 Sabino,
790 1703 890 1752 bomini
929 1715 973 1764 sa,
991 1703 1114 1767 patinae,
1133 1701 1238 1764 lances,
1256 1702 1335 1766 longe
1352 1706 1451 1754 minore

365 1781 456 1842 inepto
474 1777 594 1828 centenis
615 1774 722 1828 milibus
740 1777 890 1828 constitisse
930 1779 1060 1840 apparatu
1077 1779 1104 1826 ei
1115 1776 1255 1842 dispendio
1267 1777 1302 1828 ab
1314 1778 1452 1842 opificibus

366 1849 483 1915 singulos
499 1863 593 1902 servos
610 1850 753 1912 litteratos,
776 1864 891 1916 quorum
930 1850 1334 1906 etmereaioribusemebantur:
1346 1853 1453 1917 inprae-

366 1926 492 1978 undecim
510 1925 652 1990 pascebat.
670 1941 761 1988 unum,
780 1928 824 1988 aui
840 1927 893 1976 iia-
930 1926 980 1978 diis
1006 1927 1097 1990 utique
1120 1925 1155 1976 ad
1178 1924 1276 1977 lateres
1295 1926 1452 1990 bubulosque

366 2015 464 2052 emmim
487 2005 595 2062 tentaret,
621 2001 730 2051 aiterum
747 2003 790 2063 put
806 2003 893 2052 liesto-
931 1999 1114 2052 conficiendos
1135 2014 1276 2052 servorum
1298 2004 1381 2066 operi
1396 2005 1453 2052 ute-

367 2077 443 2134 dum,·
471 2089 559 2125 ment
577 2081 711 2137 praeterea
728 2077 825 2138 Luricia
840 2077 893 2126 ein
931 2075 1043 2136 bantur,
1060 2078 1090 2125 ut
1108 2089 1141 2126 ex
1157 2077 1377 2140 inscriptionibus
1392 2089 1452 2127 eon·

366 2152 438 2216 pratea
454 2152 600 2215 mdpnaoit.
615 2151 758 2215 -arpitia]
775 2149 852 2212 «Vel,
871 2152 894 2202 si
932 2153 992 2202 stat.
1020 2153 1076 2200 Nec
1092 2162 1157 2200 vero
1174 2153 1239 2214 puto
1253 2150 1357 2201 babere
1368 2150 1453 2202 solitos

368 2227 467 2287 mavis,
494 2227 540 2275 luo
559 2224 687 2274 arbitratu
710 2225 812 2275 destina
831 2237 893 2275 eum
932 2239 993 2276 esse
1005 2222 1230 2292 γυψοπλάστας,
1249 2225 1284 2275 ad
1300 2227 1453 2276 ornamenta

368 2302 417 2351 arti
445 2298 534 2358 altcui;
568 2299 697 2363 quidquid
729 2300 774 2350 tibi
803 2299 894 2364 place·
932 2299 1452 2364 illaatriorum,quostyposvocabant,

368 2376 420 2436 hit,
447 2389 481 2425 ex
506 2388 539 2423 eo
564 2374 645 2424 iacies
670 2377 751 2437 atque
773 2388 836 2424 eum
859 2376 895 2424 ita
933 2390 965 2426 ac
986 2377 1079 2428 similia
1102 2390 1182 2441 opera
1203 2389 1235 2425 ex
1252 2389 1338 2441 gypso
1355 2377 1398 2428 vel
1415 2391 1454 2427 ar-

368 2462 480 2514 prorsus
511 2447 652 2508 formabis,
688 2452 717 2498 ui
742 2448 837 2512 figulus
863 2463 895 2500 ex
933 2451 992 2516 gilla
1016 2451 1108 2516 (atucco
1130 2456 1232 2501 eterra
1250 2451 1328 2514 coba)
1350 2452 1454 2502 coniici-

368 2522 458 2586 argtlla
475 2525 564 2573 omnia
582 2523 704 2585 coniicit,
727 2538 797 2589 quae
814 2523 895 2575 volt.»
934 2527 1017 2578 enda:
1043 2527 1110 2577 baec
1132 2539 1241 2592 quoque
1263 2527 1335 2577 enim
1354 2525 1454 2577 aliunde

369 2596 465 2648 Similis
490 2610 600 2662 prorsus
627 2601 668 2649 est
693 2601 718 2649 in
747 2601 788 2650 bis
816 2613 895 2650 cerae
934 2600 1069 2652 emebant.
1083 2599 1182 2651 eldad
1193 2601 1454 2661 att.t‚to‚a:t>me

369 2674 457 2734 imago
474 2671 546 2722 Plato
564 2675 642 2736 Legg.
659 2675 683 2724 b.
703 2687 730 2738 p.
744 2674 801 2725 tio.
815 2678 858 2724 i:
878 2669 895 2724 ὁ
934 2683 1002 2727 terea
1019 2683 1090 2738 tppoa
1101 2677 1144 2726 tibi
1152 2679 1254 2736 mado,
1273 2679 1373 2738 auceia
1385 2681 1454 2727 tecto-

369 2746 533 2812 νομοθέτης
550 2774 591 2785 --
608 2745 738 2798 πλάττων
763 2745 896 2821 καθάπερ
933 2755 973 2802 eia
991 2753 1076 2802 atrioli
1091 2753 1183 2814 possim
1199 2751 1360 2802 includerent
1373 2757 1455 2816 putea·

370 2821 403 2873 a'ie
419 2819 511 2892 κηροῦ
529 2818 593 2872 τινὰ
611 2821 694 2874 πόλιν
706 2825 756 2874 καὶ
767 2823 894 2887 πολίτας.
934 2828 970 2877 lta
985 2827 1165 2891 umbauduo.
1193 2828 1243 2876 Pro
1261 2829 1353 2877 nostra
1371 2829 1455 2877 autem

371 2899 617 2960 (Saepissimevero
632 2898 897 2965 particulascompa-
934 2903 1152 2965 interpretatione
1187 2901 1285 2952 iaciunt
1309 2903 1392 2953 etiam
1415 2915 1456 2952 se-

370 2973 478 3023 rationis
496 2972 649 3023 abHoratio
664 2975 747 3024 omitti
765 2987 896 3038 perquam
935 2977 1058 3039 quentia:
1086 2975 1150 3026 nibil
1170 2977 1240 3027 enim
1260 2978 1345 3040 magis
1363 2977 1456 3028 ridicu-

372 3051 464 3096 notum
490 3049 541 3098 est.
578 3048 630 3098 Cir.
660 3047 739 3099 huius
764 3047 896 3111 Epistulae
934 3049 989 3100 lum
1012 3052 1039 3099 et
1056 3049 1189 3099 Nasidieni
1213 3051 1333 3113 aemonia
1355 3051 1415 3113 (Sat.
1432 3049 1454 3110 i,

371 3135 397 3172 v.
416 3123 474 3182 28.v
493 3121 539 3172 ubi
557 3121 724 3174 Marklandus
741 3124 799 3174 sinc
817 3136 896 3174 neusa
935 3125 964 3182 8,
983 3123 1034 3186 72.)
1053 3123 1164 3174 similius
1182 3135 1265 3186 quam
1281 3125 1308 3174 in
1320 3125 1400 3176 divite
1412 3123 1456 3174 do-

371 3195 617 3248 volebatuebemem
628 3197 752 3259 lupiuut,
771 3201 798 3248 et
809 3211 835 3248 v.
849 3199 895 3248 98:
935 3211 980 3248 mo
998 3209 1094 3249 servus
1110 3197 1205 3262 figulus
1224 3197 1353 3263 idemque
1371 3201 1457 3249 cantor

373 3272 418 3337 (ull
436 3273 569 3322 Samnites.
596 3271 635 3322 Ci.
649 3273 714 3335 Epp.
727 3273 752 3332 i,
764 3274 789 3332 i,
802 3272 854 3335 28.)
868 3301 896 3309 -
936 3273 969 3323 ad
988 3285 1119 3323 mensam.

372 3346 517 3411 innitebaris]
540 3347 665 3397 Praeiero
682 3347 751 3396 heac
769 3347 897 3397 Codicum
968 3347 1041 3398 e-te.
1069 3351 1141 3397 canet
1156 3347 1291 3412 indoctum]
1318 3347 1412 3412 «quod
1428 3347 1457 3396 sit

373 3423 511 3486 antiquiss.
525 3424 551 3471 et
566 3423 727 3484 optimorum
739 3420 857 3472 Blandin.
872 3423 899 3470 et
936 3422 1081 3482 indoctum,
1095 3423 1152 3472 sine
1165 3425 1231 3482 arte,
1250 3425 1346 3472 natura
1360 3424 1456 3473 unum

373 3509 497 3550 meorum
523 3499 706 3561 Pottieriique‚
733 3500 762 3547 ut
785 3497 897 3560 videtur,
936 3497 1162 3556 duce,ltunstios.»
1176 3496 1302 3548 Consulto
1312 3509 1457 3560 manguar-

374 3573 494 3624 omnium
522 3571 681 3632 lectionem;
713 3573 811 3623 etenim
837 3585 898 3622 cum
935 3574 1028 3624 tenuat
1046 3570 1209 3636 aliquantum
1231 3573 1307 3635 pueri
1327 3571 1455 3636 peritiam:

372 3647 473 3699 librarii
490 3647 607 3698 nonnulli
619 3661 711 3698 veram
729 3648 899 3711 significatio-
937 3659 998 3696 nam
1017 3647 1039 3696 si
1050 3659 1080 3696 re
1093 3659 1156 3696 vera
1169 3649 1262 3695 cantor
1273 3649 1356 3708 esset,
1375 3645 1457 3696 statim

375 3735 436 3773 nem
455 3737 480 3772 v.
499 3722 636 3772 imitaberis
653 3723 784 3786 (iunges,
810 3723 899 3786 exprt-
937 3723 1028 3774 mirari
1041 3722 1159 3774 debebat
1170 3723 1344 3787 empturiens
1357 3732 1456 3773 curnon

375 3797 457 3859 mese)
469 3809 565 3861 parum
578 3797 766 3861 intelligerent,
786 3797 821 3846 ad
834 3809 901 3861 pue-
937 3796 1019 3848 multo
1043 3799 1128 3848 maius
1152 3799 1267 3861 prelium
1285 3797 1327 3848 ille
1345 3797 1455 3862 peteret.

374 3885 434 3922 rum
452 3873 642 3924 transferentes
655 3873 791 3922 mutarunt
803 3874 828 3922 in
841 3873 900 3922 imi·
937 3887 969 3923 ac
985 3873 1115 3936 suspicari
1127 3871 1217 3922 dolum
1230 3869 1330 3922 malum
1348 3871 1456 3935 aliquem

374 3946 483 4006 tabem,
497 3947 524 3996 ld
536 3951 588 4007 est,
603 3947 705 3998 :bonus
717 3949 767 3998 erit
779 3947 899 4011 figulus.»
938 3947 1059 3998 subesse.
1083 3975 1109 3983 -
1129 3947 1207 4012 dialce]
1225 3945 1349 4010 Calpura.
1369 3944 1422 3996 Eel.
1434 3941 1456 4000 l,

374 4021 413 4071 Ci.
427 4022 456 4071 Α.
471 4024 499 4072 P.
511 4021 552 4072 33.
581 4022 633 4072 Sed
652 4021 723 4070 haud
741 4023 819 4073 nimis
836 4035 901 4085 pro-
938 4021 1001 4072 titt:
1019 4035 1085 4082 quae
1100 4021 1240 4084 imparibus
1255 4017 1458 4070 modaconeieiii·

375 4095 464 4145 babile
477 4098 526 4156 est,
539 4097 662 4146 homines
674 4094 820 4161 locupletes
832 4096 901 4146 iuter
937 4098 981 4146 stis
992 4097 1092 4158 aoeeie,
1111 4097 1171 4146 Tam
1182 4097 1317 4160 liquidum.
1331 4100 1384 4145 iam
1394 4092 1458 4143 delae

376 4169 500 4221 inmittam
523 4169 654 4223 urbanam
675 4171 802 4222 habuisse
820 4171 899 4222 etiam
938 4177 1028 4221 sonant
1039 4173 1091 4222 cet.
1107 4199 1134 4207 —
1148 4171 1246 4236 bibenti]
1261 4183 1331 4234 equo
1343 4173 1457 4234 tempore

376 4242 484 4307 figulos:
512 4257 574 4296 nam
591 4258 661 4310 quae
678 4246 714 4297 ad
735 4259 816 4298 omne
833 4259 901 4310 opus
940 4245 1069 4298 iaciliores
1092 4259 1185 4298 sumus
1209 4246 1366 4298 adveniam
1383 4245 1456 4294 etiam

375 4317 493 4382 figlinum
505 4331 537 4371 ac
548 4319 647 4372 doliana
660 4321 837 4386 pertinebant,
856 4333 903 4370 va·
939 4319 1051 4372 servulis
1064 4321 1207 4372 dandam.»
1223 4349 1249 4358 -
1262 4321 1355 4382 mesu]
1366 4317 1457 4370 «tento
