3022 4984
553 474 612 524 nus
630 473 774 524 raurici.
906 517 910 526 .
1011 519 1014 526 .
1148 473 1209 536 787

126 631 149 692 i]
169 631 215 682 «Ut
230 631 355 680 intortam
372 630 443 680 dicat
459 631 561 690 omnia,
580 632 705 681 inordina
722 629 862 694 pleraque,
882 643 951 694 quae
968 631 1105 682 debebant
1118 631 1170 682 dici
1182 635 1209 682 et

126 714 160 765 ad
178 713 266 764 iocum
282 712 464 778 pertinebant,
491 714 597 764 diderat
618 715 645 764 in
662 712 733 764 aliud
750 716 869 778 tempas,
897 729 930 765 ne
948 714 1018 766 male
1034 715 1137 766 scilicet
1152 712 1209 765 τῶν

126 791 320 867 περιστάσεων
337 796 466 847 obruatur
482 796 566 847 lector
583 801 610 847 et
627 799 783 848 narrationis
800 797 874 849 titum
891 800 1019 848 amittat·
1036 801 1128 850 Basra.
1158 801 1209 862 (Sic

125 882 205 931 etiem
231 881 337 940 Garrod,
365 882 439 930 cuius
463 883 517 931 tota
540 881 682 945 disputatio
700 880 734 932 de
753 883 779 932 b.
798 881 815 930 l.
835 881 912 945 digua
931 885 984 942 est,
1011 895 1080 946 quae
1096 881 1207 946 tegatur.

125 965 209 1014 Vertit
228 967 337 1014 autem:
363 965 396 1015 Ge
417 966 462 1026 qai
483 966 564 1014 donae
580 966 610 1015 de
626 965 700 1028 testei
716 970 739 1016 et
755 966 786 1014 de
801 967 827 1014 to
843 979 920 1028 proce
936 966 953 1016 ὰ
969 967 1077 1029 t'ordre,
1101 967 1163 1029 rije
1178 979 1209 1017 ne

125 1061 164 1098 me
179 1053 288 1110 nempe,
314 1050 372 1098 c'est
388 1051 469 1098 tentat
485 1049 515 1098 de
531 1049 587 1098 dire
601 1049 719 1110 Habora,
747 1052 827 1098 tarnat
843 1050 873 1098 de
888 1050 992 1112 differor
1007 1049 1032 1099 io
1046 1049 1153 1112 ptupurt
1168 1051 1210 1100 des

125 1133 206 1182 cboses
223 1134 299 1192 qu'an
316 1133 368 1181 doit
383 1133 450 1192 dire,
465 1145 533 1193 pour
549 1133 583 1182 tre
595 1132 685 1194 placer
700 1145 737 1182 aa
750 1133 893 1182 momentis
906 1132 1110 1196 ptusfouorubte.
1131 1135 1210 1184 esea·

126 1218 235 1266 tenum
261 1215 370 1279 quidem
394 1217 500 1279 penitus
525 1217 662 1279 perspexit
681 1214 829 1276 Bentiaius,
856 1216 940 1266 verba
962 1219 1052 1267 autem
1073 1217 1209 1281 quemme

127 1301 217 1350 esseut
233 1299 412 1363 expedienda,
432 1301 520 1350 minus
537 1299 602 1349 vidit
617 1301 658 1349 vir
674 1300 853 1350 acunssimus.
882 1301 944 1350 Sine
962 1313 1041 1352 causa
1059 1301 1138 1364 igitur
1154 1314 1208 1352 non

126 1382 208 1433 moda
234 1383 319 1434 amnia
341 1383 457 1444 addidit,
483 1383 532 1433 sed
555 1384 634 1433 etiam
656 1381 790 1446 particulis
806 1385 861 1432 iam
876 1398 942 1434 nunc
959 1397 1020 1434 eam
1037 1385 1091 1436 vim
1108 1383 1208 1445 tribuit,

126 1479 178 1530 qua
196 1466 247 1515 dici
264 1467 307 1516 vix
323 1470 449 1531 possunt,
477 1468 551 1516 certe
568 1478 622 1516 nan
639 1463 734 1516 soient.
761 1467 828 1517 Nem
846 1467 919 1530 quod
935 1468 1056 1530 Persius,
1075 1473 1211 1532 perpetuae

125 1551 225 1600 Horatii
240 1551 366 1612 imitator,
393 1549 478 1600 semei
499 1551 534 1599 ita
552 1550 629 1609 dixit,
656 1549 740 1600 rideri
762 1553 849 1614 potest
865 1551 917 1600 hac
933 1553 992 1615 ipso
1009 1550 1068 1602 ioca
1085 1552 1209 1603 inductus

126 1639 192 1684 esse·
204 1635 230 1684 iu
248 1646 378 1684 amarem.
412 1632 463 1684 Sed
481 1633 533 1682 bac
550 1633 672 1696 quidem,
695 1634 854 1697 utquisque
871 1633 956 1694 roiet3
975 1633 1038 1684 illud
1056 1638 1159 1686 canstat
1175 1636 1209 1686 ad

126 1717 193 1768 dicat
214 1731 246 1768 ex
269 1716 352 1768 attero
374 1716 498 1768 membra
516 1717 670 1768 addendum
689 1729 749 1767 esse
766 1717 879 1766 debentia
895 1719 953 1766 dici.
981 1719 1037 1767 iam
1054 1721 1144 1769 autem
1161 1733 1210 1770 eo-

126 1801 189 1852 dem
206 1801 288 1852 modo
305 1801 406 1852 dictum
422 1804 501 1865 puto,
520 1801 549 1849 ut
566 1801 619 1848 Sat.
638 1801 667 1860 2,
686 1801 715 1858 7,
734 1801 781 1850 20:
801 1801 1060 1862 (trimenstrem,
1078 1803 1132 1852 iam
1149 1803 1210 1854 tana

125 1885 184 1946 fane
200 1885 308 1934 tutaret.
335 1884 402 1934 ibid.
420 1899 446 1935 r.
460 1882 522 1934 tit:
540 1885 596 1933 Iam
611 1884 670 1932 aino
688 1897 821 1946 quaerere,
840 1885 893 1933 mm
908 1897 994 1934 somno
1010 1885 1099 1947 satim
1110 1899 1208 1937 curura

125 1970 265 2018 Neminem
282 1969 335 2018 iam
352 1968 471 2018 futurum
488 1979 547 2018 esee
566 1980 659 2031 spero,
687 1968 731 2030 qui
752 1980 805 2016 non
825 1965 875 2018 sibi
892 1970 968 2032 putet
983 1969 1210 2032 adquiescendum

128 2053 154 2102 in
172 2053 223 2102 hac
240 2053 387 2101 sententia:
416 2056 444 2100 ut
459 2052 532 2101 mado
547 2063 614 2100 orme
631 2051 712 2110 dicat,
731 2064 796 2112 quae
812 2051 861 2100 dici
878 2051 976 2112 debari,
993 2053 1067 2102 mado
1083 2067 1150 2104 nanc
1167 2055 1211 2104 de·

126 2134 208 2186 beatio
224 2135 273 2184 dici
290 2133 355 2198 (war
371 2137 416 2184 der
430 2135 613 2200 pewddntiriren
625 2135 747 2199 ordnunp
761 2135 897 2196 nacbjetst
907 2135 1020 2186 kommen
1030 2137 1108 2200 route}
1124 2137 1211 2199 piera-

125 2233 172 2281 qne
188 2219 314 2282 differam
334 2218 449 2282 iisnesr.)
479 2219 552 2278 Quae
570 2219 800 2281 interpretationes
818 2220 932 2270 maxime
951 2219 1210 2284 differuatiusigui-
1251 2263 1253 2267 .

126 2304 248 2353 ticabone
264 2316 307 2351 vv.
325 2301 379 2351 ιἰιιιι
394 2315 461 2351 neme
477 2301 670 2352 constituenda.
699 2302 722 2364 3)
742 2301 790 2352 Atii
807 2302 833 2351 h.
848 2302 864 2352 i.
881 2303 1029 2366 intelligunt
1046 2304 1095 2354 ude
1112 2305 1209 2355 virtute

126 2386 239 2448 ordinis,
267 2399 319 2450 que
340 2387 428 2436 statim
450 2386 477 2434 iu
496 2385 604 2435 exordio
623 2386 746 2436 carminis
763 2388 842 2451 poeta
860 2388 935 2451 quasi
952 2389 1132 2451 spectatorem
1149 2387 1209 2438 iacti

126 2469 278 2531 cuiusdam,
304 2469 331 2520 in
357 2468 429 2532 quod
451 2469 570 2519 medium
587 2469 701 2530 incidat,
728 2468 856 2520 lectorem
874 2471 900 2520 iu
917 2471 1020 2522 medias
1036 2485 1081 2522 res
1098 2473 1209 2536 rapiat..

126 2553 178 2602 Sed
196 2554 229 2602 de
247 2554 297 2602 hac
314 2555 410 2603 virtute
429 2553 550 2604 Horatius
569 2551 618 2602 aiio
635 2552 695 2603 ioco
711 2567 737 2604 v.
758 2553 805 2604 rte
822 2567 881 2618 sqq.
901 2556 1036 2619 praecipit.
1075 2555 1114 2606 Ci.
1134 2557 1211 2606 Schi-

125 2637 190 2686 rach
209 2636 280 2686 Clau.
299 2649 325 2700 p.
344 2637 401 2686 289.
420 2639 493 2686 recte
511 2636 545 2686 de
563 2637 589 2685 h.
607 2635 622 2686 i.
642 2636 830 2699 disputantem.
852 2664 878 2676 -
899 2639 928 2686 V.
948 2640 1049 2700 differat
1065 2637 1108 2688 aiii
1126 2638 1211 2703 expli-

126 2723 187 2770 cant
203 2721 336 2781 dispescat,
356 2721 498 2780 inportat,
516 2732 560 2768 vv.
575 2733 696 2781 promere
712 2719 845 2781 missaper
855 2719 897 2770 vel
911 2721 951 2769 «ia
965 2724 1071 2785 tempus
1083 2721 1210 2772 idoneum

126 2807 205 2867 utque
224 2805 307 2866 magis
326 2803 537 2866 opportunum„
554 2801 597 2851 vei
616 2803 657 2852 ein
675 2804 795 2866 tempus,
815 2815 868 2864 quo
879 2801 964 2852 lectar
975 2797 992 2851 ὁ
1005 2799 1145 2862 ἐπιτυχών
1157 2805 1210 2855 boc

125 2890 212 2951 ipsum
230 2888 404 2949 exspectem
430 2897 499 2947 quae
521 2886 609 2935 omnia
629 2885 735 2934 Latinae
754 2884 939 2934 consuetudini
956 2889 1119 2949 repugnant;
1146 2901 1208 2937 nam

126 2972 224 3022 Horatii
245 2968 371 3033 aequatos
394 2967 470 3018 aliter
485 2967 631 3032 intelligere
649 2982 702 3020 nan
725 2971 849 3032 poteraut
866 2981 961 3032 quaro,
988 2971 1060 3032 quad
1077 2983 1209 3036 persaepe

125 3055 270 3119 reperitur,
297 3055 470 3116 inpressae,
498 3053 532 3102 ad
548 3065 669 3114 massan
695 3051 747 3116 (εἰς
767 3049 802 3102 τὸ
823 3048 931 3122 παρόν,
953 3067 1010 3102 aar
1026 3055 1205 3120 derHand).

125 3139 165 3190 Ct.
179 3137 254 3190 Hand
265 3139 339 3188 Turs.
353 3139 395 3187 iti.
414 3151 442 3202 p.
455 3136 503 3187 336
515 3149 556 3199 sq.
573 3163 599 3172 -
618 3138 700 3186 Porro
714 3137 866 3198 promissam
881 3143 984 3188 camut
1000 3135 1042 3186 alii
1061 3136 1206 3212 explicant:

126 3224 149 3284 4)
176 3221 369 3285 «perlongum.
393 3222 482 3283 magni
508 3219 624 3270 ambitus
650 3222 678 3269 et
699 3221 858 3281 momentis
884 3219 1004 3283 analogia
1029 3220 1123 3272 barbae
1145 3235 1209 3285 pro-

124 3307 228 3366 missas,
254 3307 332 3355 crinis
353 3305 471 3366 promissi
496 3303 656 3364 abutentes,
683 3317 750 3367 quas
775 3303 844 3354 saise
871 3304 976 3355 deridet
1000 3304 1111 3356 Woitius
1137 3305 1209 3370 apud

124 3388 275 3441 scheitiuur.
305 3389 328 3450 2)
348 3389 533 3453 «inceptump
559 3387 722 3451 simpliciter.
753 3388 776 3450 3)
795 3389 878 3439 «Cum
896 3390 991 3452 cuique
1009 3390 1098 3453 poesis
1115 3391 1207 3453 generi

124 3487 174 3526 sua
191 3475 295 3524 constet
312 3474 391 3532 ratio,
416 3475 494 3537 po'eta
516 3485 625 3523 carmen
648 3471 801 3522 conditurus
825 3475 898 3522 certo
916 3471 992 3523 aticui
1009 3474 1098 3537 pa'esie
1116 3474 1208 3536 generi

124 3557 183 3621 lege
204 3557 360 3608 adstrictum
386 3556 499 3620 (alioqui
521 3569 575 3606 aaa
597 3557 676 3606 tuerit
697 3556 800 3620 poema)
824 3557 955 3620 promissa
981 3557 1069 3608 iacere
1087 3557 1206 3618 videtur,

124 3641 236 3706 quibus,
256 3643 278 3692 si
295 3641 442 3704 legitimum
459 3642 609 3693 condiderit
625 3645 736 3705 poema,
755 3641 858 3690 tautam
873 3640 963 3702 abest,
982 3643 1011 3690 ut
1023 3642 1160 3703 exciderit,
1179 3643 1209 3690 ut

125 3725 160 3778 ab
178 3724 412 3788 intedigantissima
431 3737 537 3789 quoque
555 3726 693 3789 promissis
710 3725 816 3775 stetisse
835 3725 875 3787 (ex
889 3722 955 3788 leget
973 3725 1130 3775 iudicandus
1147 3725 1206 3775 sit.»

124 3811 248 3860 &aarum
286 3808 313 3870 t)
341 3809 506 3858 anamiim
533 3809 604 3859 idem
634 3811 675 3860 est
699 3811 779 3872 atque
802 3810 927 3872 prodere,
953 3811 1076 3870 ιιιιιιιινι,
1103 3809 1206 3858 edere.»

124 3893 273 3944 Horarum.

191 3978 259 4028 Cum
284 3975 406 4026 Horatius
431 3975 520 4026 dedita
546 3989 628 4039 apere
648 3979 774 4039 perires
796 3989 890 4026 versus
913 3977 1068 4026 immoratus
1086 3976 1158 4024 esset
1180 3975 1207 4024 ia

122 4061 280 4123 gravissima
296 4061 442 4124 praecepto
460 4058 493 4109 de
511 4059 658 4110 artificiosis
669 4057 838 4110 ditationibus
849 4062 930 4123 atque
942 4057 1129 4108 amissionibus
1141 4064 1208 4123 poe-

124 4143 184 4194 ticis
201 4143 343 4202 tradendo,
362 4141 494 4193 Hendeius
511 4146 602 4194 tamen
620 4143 645 4192 in
664 4143 740 4192 tertio
757 4142 826 4192 adeo
843 4144 941 4203 haesit,
963 4155 1079 4204 quanam
1095 4143 1208 4192 Hoc-troc

125 4225 282 4286 reterretur,
309 4229 338 4276 ut
362 4239 457 4276 versus
481 4225 522 4276 ts.
541 4224 581 4276 ta.
602 4224 727 4289 explicari
749 4239 801 4276 non
826 4239 906 4290 posse
929 4226 1105 4276 contenderet
1126 4229 1206 4290 atque

128 4309 187 4359 ideo
206 4311 240 4360 ita
258 4312 458 4373 transponeret:
