3022 4984
344 473 405 538 m
498 469 500 474 ·
663 472 666 478 ·
827 473 956 524 mmi

343 633 422 706 νιρῶν
440 632 717 699 συγκεκαττυμένος,
736 631 785 682 καί
802 625 821 697 ἡ
839 625 929 694 ἀσπίς
945 619 1075 696 οίσνίνη,
1094 631 1144 682 καὶ
1160 633 1276 702 χοιρίνη
1294 630 1353 702 περὶ
1361 633 1410 692 ταῖς

342 715 476 783 κνήμαις.
495 711 580 778 ’Ἰδοις
597 712 652 786 γὰρ
668 710 706 766 ἂν
724 709 876 778 οἷφιίόνονς
893 711 1043 777 τοιούτους
1055 716 1240 786 συγγραφέας
1250 712 1305 765 τοῦ
1318 709 1410 764 Ῥοδίον

342 797 489 850 κολοσσοῦ
515 795 568 865 τὴν
594 795 725 865 κεφαλὴν
751 795 886 850 ναννώδει
909 796 1022 864 σώματι
1042 797 1237 862 ἐπιτιθέντας·
1264 791 1365 862 ἄλλους
1383 789 1411 846 αἰ·

340 878 464 950 ἔμπαλιν
488 878 624 946 ἀκέφαλα
646 879 682 933 τὰ
700 879 822 947 σώματα
839 877 1009 950 εἰσάγοντας
1026 881 1102 933 κτλ.»
1122 884 1203 934 Hans.
1238 883 1289 934 Vix
1306 883 1412 946 equidem

342 968 474 1028 adducor,
493 971 523 1018 ut
539 967 650 1018 credam
667 968 693 1017 in
711 967 752 1018 his
771 967 869 1018 Horatii
886 968 1061 1018 imitationem
1078 967 1223 1028 contineri;
1250 968 1301 1018 scd
1317 970 1412 1030 uterque

341 1055 388 1103 aut
412 1051 518 1102 iortnito
542 1051 569 1100 in
587 1049 680 1102 similia
699 1050 823 1102 incidisse
842 1053 888 1100 aut
904 1050 976 1101 idem
994 1052 1126 1100 Graecum
1143 1049 1282 1114 exemplar
1298 1052 1413 1114 antiquins

342 1137 449 1187 secutus
476 1148 536 1185 esse
559 1135 624 1184 mibi
647 1134 765 1195 videtur;
793 1133 907 1185 tortasse
924 1133 1061 1184 Platonem
1078 1135 1105 1185 in
1122 1134 1244 1184 Phaedro
1269 1149 1296 1200 p.
1316 1134 1369 1185 iti.
1385 1133 1411 1182 C:

342 1217 414 1271 Τόδε
438 1234 470 1285 γε
495 1213 578 1282 οἶμαί
599 1232 633 1268 σε
658 1213 750 1279 φάναι
767 1211 821 1278 ἄν,
848 1215 907 1268 δεῖν
925 1214 1019 1268 πάντα
1036 1214 1123 1284 λόγον
1140 1210 1238 1288 ὥσπερ
1256 1217 1330 1283 ζῶον
1345 1231 1414 1269 σοντ-

340 1299 444 1354 στιίναι
465 1299 551 1369 σῶμα
574 1315 601 1350 τι
622 1294 728 1361 ἔχοντα
751 1295 841 1353 αὐτὸν
862 1296 967 1362 αὑτοῦ,
992 1293 1067 1352 ὥστε
1089 1301 1163 1367 μήτε
1185 1295 1337 1364 ἀκέφαλον
1356 1297 1414 1353 τίνοι

340 1383 414 1452 μήτε
436 1380 544 1446 ἅτιονν,
566 1379 640 1435 ἀλλὰ
662 1387 739 1451 μέσα
756 1400 786 1435 τε
802 1379 880 1446 ἔχειν
897 1387 946 1435 καί
963 1378 1053 1456 ἄκρα,
1078 1387 1210 1457 πρέποντ’
1228 1379 1363 1452 ἀλλήλοις
1377 1387 1414 1435 τοι

342 1467 381 1537 τῷ
399 1463 457 1537 ὅλῳ
473 1470 665 1540 γεγραμμένα,

815 1629 954 1640 ——n

665 1785 1034 1844 excitastis
1066 1789 1110 1844 ΙΙ.

741 1920 1022 1982 mmnuvm

405 2024 484 2084 coepit
495 2020 599 2086 institui]
612 2021 694 2070 Docte
707 2019 804 2070 dehac
817 2021 1014 2072 constructione
1028 2022 1080 2085 egit
1089 2022 1268 2086 Nipperdeins
1281 2025 1307 2074 in
1320 2025 1414 2086 Quaem,

341 2105 442 2156 Caesar.
461 2119 488 2170 p.
503 2105 542 2154 te.
559 2105 602 2154 his
620 2103 726 2154 verbis:

406 2189 450 2239 uc.
466 2187 529 2249 ibt
552 2185 622 2250 (Bell.
641 2187 706 2250 Δία)
724 2185 836 2251 legimus
849 2187 935 2250 pulvis
950 2187 1038 2252 inpane
1054 2189 1161 2250 conspici
1178 2195 1282 2251 coeptus
1300 2197 1335 2240 est
1350 2193 1374 2240 et
1384 2187 1415 2241 ti..

338 2273 430 2322 ioum
449 2272 514 2322 ίιίιοτ
535 2270 685 2332 apiarium
707 2272 875 2322 animadverti
894 2277 1006 2333 coeptum
1028 2276 1105 2322 esset:
1132 2275 1212 2336 atquc
1230 2273 1268 2322 ita
1288 2275 1384 2325 Caesar
1397 2275 1417 2321 et

337 2355 436 2404 Hirtius
453 2367 561 2418 semper
578 2353 716 2414 dixerunt,
740 2355 833 2404 Cicero
851 2368 958 2418 quoque
975 2358 1084 2419 praeter
1101 2369 1185 2406 unum
1202 2354 1298 2409 locum
1315 2360 1386 2408 Tusc.
1399 2359 1417 2407 l.

339 2436 384 2496 43,
403 2437 435 2486 29
452 2437 494 2486 sed
510 2437 554 2497 qui
569 2437 680 2488 οοοιίιιο
696 2450 738 2496 αι,
758 2451 823 2499 quoa
838 2438 987 2501 muttispost
998 2441 1072 2490 οααίτ
1082 2439 1189 2490 ίττιτττιιτΙ
1200 2443 1350 2504 coepissent,
1365 2441 1418 2503 ple

336 2520 390 2570 sico
414 2519 566 2580 didicissem,
594 2517 628 2570 de
649 2532 702 2583 quo
725 2519 902 2572 dubitandum
919 2521 1039 2583 videtur,
1068 2524 1116 2574 etsi
1133 2524 1227 2587 optinui
1244 2525 1350 2576 codicis
1366 2523 1418 2586 regii

336 2608 448 2653 muctare
473 2601 535 2652 terri
559 2604 676 2666 nequit.»
704 2603 844 2666 (scribitur
867 2619 938 2656 nunc
958 2607 992 2656 ds
1010 2606 1131 2671 Madvigii
1149 2609 1308 2659 coniectura
1325 2607 1419 2659 tractui

337 2691 424 2749 coepto
440 2685 518 2751 nent.)
555 2687 621 2737 «Sed
639 2687 707 2737 banc
725 2687 837 2740 sormam
856 2688 988 2740 babemus
1006 2691 1049 2740 bic
1066 2689 1137 2754 (Bell.
1151 2691 1215 2753 air.)
1232 2693 1310 2753 ΞΗ
1327 2689 1419 2744 mo

337 2769 490 2820 ασυττεοτίίι
506 2771 602 2833 lapides
617 2771 683 2820 mitti
699 2773 832 2834 coepissent
849 2775 876 2823 ct
886 2772 962 2836 82‚l
979 2775 1053 2838 είροα
1069 2775 1096 2824 ic
1109 2774 1202 2825 bostem
1213 2787 1322 2839 coepere
1332 2776 1417 2839 besem

337 2857 417 2918 atquc
443 2855 478 2903 ita
503 2855 670 2919 scripserunt
695 2855 778 2905 Varro
804 2855 838 2906 de
862 2869 891 2906 re
909 2857 975 2906 rust.
994 2857 1023 2920 3,
1044 2858 1088 2920 ta,
1108 2859 1146 2908 iu.
1175 2855 1274 2909 salust.
1296 2859 1369 2911 Catil.
1387 2859 1417 2908 tt.

336 2939 392 3001 lug.
409 2937 449 2986 94.
463 2937 508 2998 96,
536 2938 622 2988 Livius
642 2939 669 2988 ct
685 2937 824 2990 interiores
842 2952 932 3003 saepe.
966 2941 1063 2992 Contra
1081 2943 1244 3006 antiquiores
1264 2945 1417 2996 constanter.

338 3020 411 3084 quod
428 3022 524 3084 sciam,
544 3021 668 3072 dixerunt
684 3024 764 3085 coepit
778 3025 846 3088 tiam,
871 3036 933 3074 cum
949 3025 1002 3076 hoc
1019 3025 1103 3076 verbo
1122 3041 1175 3078 uon
1192 3030 1222 3078 ut
1238 3032 1364 3092 passivo,
1380 3025 1418 3078 sed

337 3107 367 3154 ut
384 3104 529 3167 deponenti
546 3107 701 3158 uterentur:
726 3107 770 3177 liic
788 3107 885 3158 eadem
902 3109 1050 3160 constantia
1067 3111 1174 3174 ponitur
1191 3118 1310 3174 coeptum
1327 3119 1362 3164 est
1374 3109 1435 3176 μί’

338 3182 1417 3258 mammffmmmmmmmmmmmmmm

337 3269 591 3334 mmmm„

649 3561 1109 3644 exconsusmn

721 3704 754 3740 an
771 3692 801 3740 Α.
820 3693 848 3742 Ρ.
867 3705 910 3742 vv.
929 3693 1036 3744 tt-to.
1065 3705 1073 3712 “

403 3790 460 3840 Dici
476 3791 519 3841 viu
537 3793 640 3855 potest,
660 3793 726 3854 qnot
743 3793 886 3856 quantique
905 3807 1011 3846 errores
1026 3796 1052 3846 in
1065 3797 1106 3847 bis
1118 3797 1241 3850 versibus
1252 3799 1418 3864 explanandis

339 3875 366 3922 et
383 3872 575 3924 constituendis
594 3872 627 3923 ab
646 3873 836 3938 interpretibus
849 3879 985 3930 commissi
1003 3879 1062 3930 sint.
1093 3881 1250 3932 Memorabo
1267 3885 1419 3948 praecipuos

339 3953 485 4006 dumtaxat.
515 3958 581 4007 Sunt
598 3957 763 4020 etiamnunc,
783 3961 827 4022 qui
846 3963 884 4012 sic
902 3961 1078 4025 distinguant:

536 4040 566 4090 Ut
581 4041 634 4090 ιάσι
650 4055 717 4091 nuno
734 4043 814 4104 dicum
833 4045 886 4094 ium
903 4059 968 4096 ανον
986 4045 1098 4097 moute
1115 4047 1164 4098 dioi

535 4123 656 4187 Pleraque
671 4125 772 4189 ἀνίασι
791 4128 859 4186 oet.;

339 4203 476 4269 tripliciter
492 4210 582 4260 autem
599 4213 751 4274 exponunt:
779 4211 803 4272 tl
822 4213 869 4264 «tlt
884 4224 956 4262 nuuc
973 4213 1060 4276 ipsum
1078 4213 1165 4275 dicat,
1185 4227 1255 4278 quae
1272 4217 1418 4269 ασσοιττοο

341 4287 392 4338 dici
410 4286 522 4348 debent,
550 4289 630 4340 multa
653 4295 743 4344 tamen
766 4305 852 4357 aeque
870 4293 996 4346 debentia
1013 4296 1065 4352 dici
1081 4296 1186 4348 dilierat
1203 4301 1230 4350 in
1247 4303 1417 4364 praesentia·
