3090 4974
512 855 551 962 Q.
576 853 764 946 nomin
791 852 948 946 nicei

243 1086 372 1258 liii
429 1085 696 1259 llll
759 1081 1214 1260 Politen

646 1389 814 1454 LlBER.

598 1725 860 1786 PRAEFA'M.

253 1879 290 1928 De
308 1875 448 1927 Pisonibus
466 1875 533 1926 baec
550 1874 630 1925 tradit
644 1875 792 1940 Porphyrio
809 1878 837 1926 et
848 1877 951 1927 comm.
965 1877 1046 1941 Cruq.
1059 1890 1086 1941 p.
1099 1877 1161 1928 695:
1181 1877 1272 1928 «Hunc

187 1960 297 2021 librum,
317 1961 362 2024 qui
374 1959 528 2010 inscribitur
539 1961 577 2009 De
594 1961 650 2008 arte
666 1961 778 2023 poetica,
791 1960 826 2010 ad
838 1961 865 2009 L.
879 1960 1015 2020 Pisonem,
1035 1962 1079 2023 qui
1091 1963 1183 2025 postea
1195 1959 1272 2013 Urbis

187 2047 276 2095 custos
303 2045 341 2107 (id
364 2048 417 2106 est,
445 2043 603 2109 praelectus)
627 2042 688 2103 luit,
716 2043 836 2106 (eiusque
853 2041 960 2106 liberos)
978 2045 1056 2094 misit.
1087 2046 1153 2094 Nam
1172 2046 1272 2110 etipse

187 2129 245 2178 Piso
262 2131 341 2192 poeta
359 2127 407 2178 nuit
423 2130 449 2178 et
466 2126 615 2177 studiorum
633 2123 782 2176 liberalium
801 2127 910 2178 antistes
928 2128 953 2188 (i.
968 2141 991 2177 a.
1006 2127 1126 2190 lauteri.»
1152 2127 1272 2188 Quande

186 2211 238 2263 boc
254 2213 311 2262 viro
329 2213 441 2272 scimus,
461 2211 528 2260 baec
545 2209 601 2260 lere
618 2212 688 2260 sunt.
716 2209 797 2260 Tacit.
811 2212 877 2260 dnn.
891 2210 915 2270 o,
929 2211 968 2260 til.
982 2223 1006 2260 a.
1021 2224 1047 2260 n.
1061 2223 1084 2262 c.
1099 2211 1159 2260 785:
1178 2213 1206 2261 L.
1219 2211 1274 2262 Piso

183 2296 313 2359 pontisne,
331 2309 423 2345 ranem
439 2295 466 2343 in
483 2299 555 2344 tanta
571 2293 734 2354 ctamtndine,
760 2293 816 2357 sato
832 2293 904 2353 obiit,
923 2293 1015 2343 nuttios
1030 2294 1125 2344 necitis
1140 2296 1274 2346 sententiaa

186 2383 271 2442 sponte
282 2385 372 2428 auctor
382 2383 417 2439 et,
431 2379 542 2440 moliens
552 2379 685 2427 necessitas
695 2377 831 2442 inprinret,
844 2379 969 2440 sapienter
979 2379 1120 2428 moderans.
1142 2379 1273 2430 Patrensi

186 2463 324 2514 censoriam
332 2461 552 2525 snnsenmorooi
560 2461 593 2524 tin
604 2463 731 2525 eaoperis
740 2464 825 2526 perte,
834 2474 903 2524 quae
912 2465 974 2526 post
981 2467 1048 2512 nnn.
1055 2463 1079 2524 a,
1087 2465 1111 2513 5.
1120 2463 1271 2526 intercidit).

186 2549 260 2596 Aetas
271 2547 305 2596 ad
315 2547 491 2610 octopesimnm
501 2559 597 2594 annum
612 2545 745 2607 processit,
764 2547 836 2594 deoru
848 2547 997 2608 triomphato
1008 2547 1035 2595 tn
1049 2547 1169 2598 lbroedo
1179 2559 1275 2596 meroe-

186 2637 236 2679 rot.
255 2631 303 2680 Sed
311 2631 451 2692 praecipua
462 2643 495 2678 en
506 2643 534 2679 eo
545 2629 642 2692 ptoria,
661 2629 728 2690 qnod
735 2629 877 2692 praesentas
891 2629 949 2678 llrbi
959 2639 1044 2680 reeens
1054 2631 1198 2680 continuam
1206 2635 1275 2692 pote-

186 2717 274 2764 statam
284 2719 307 2763 et
323 2713 454 2764 inscientia
467 2713 575 2774 parendi
586 2713 731 2774 praviorem
741 2713 805 2762 miro
816 2715 970 2774 ternpernoit.
996 2715 1108 2776 Propter
1118 2712 1188 2763 banc
1198 2725 1275 2777 prae·

187 2799 304 2847 tecturae
322 2796 396 2846 urbis
415 2795 672 2845 administrationem
689 2795 843 2857 magnificas
860 2793 954 2845 laudas
972 2797 996 2845 ei
1014 2795 1105 2846 tribuit
1122 2795 1237 2847 Velleius
1248 2797 1273 2854 Ξ,

187 2881 228 2931 98.
255 2879 353 2944 Lepida
371 2880 405 2930 de
423 2892 456 2929 eo
468 2880 510 2930 est
521 2877 715 2928 narratiuncula
727 2878 799 2943 apud
811 2879 941 2930 Senecam
953 2879 1034 2943 Epist.
1048 2879 1089 2940 83,
1104 2879 1149 2928 ti:
1167 2881 1195 2929 L.
1208 2879 1273 2940 Piso,

188 2963 259 3013 Urbis
275 2967 369 3024 matos,
388 2963 471 3013 ebriiu
486 2975 519 3011 ea
535 2973 585 3022 pao
601 2961 675 3011 sernet
689 2961 773 3024 sacten
789 2967 824 3012 est
839 2961 902 3024 tieit;
918 2963 1148 3025 moioremportem
1158 2964 1237 3013 noctis
1247 2964 1274 3012 in

186 3047 298 3097 omoioio
315 3047 440 3111 exipebat.
478 3047 557 3108 Uspne
577 3046 604 3095 in
627 3045 716 3095 boram
731 3045 784 3109 [era
799 3049 897 3095 santoni
914 3045 1066 3106 dormiebat·
1088 3047 1134 3096 lioe
1150 3049 1203 3097 noes
1219 3052 1275 3097 erot

186 3134 346 3181 malatinam.
377 3131 492 3194 Officium
508 3135 591 3179 tanim
607 3141 694 3188 nomn,
714 3141 763 3190 pao
780 3129 857 3178 tutela
876 3129 947 3178 Urbis
962 3131 1149 3192 continebatur,
1168 3131 1275 3195 dilipen-

187 3215 277 3264 tissime
293 3215 487 3264 administrauit.
517 3215 581 3264 linio
597 3219 620 3263 et
636 3215 708 3263 dions
723 3215 849 3277 dupinius
865 3213 930 3263 dedit
945 3219 1040 3264 secreta
1054 3215 1191 3276 mandato,
1218 3229 1275 3264 cnm

187 3299 257 3348 ittam
278 3303 444 3361 praeponeret
472 3299 603 3360 lirneiae,
631 3311 707 3358 paam
729 3297 884 3360 perdomnit,
911 3301 935 3346 et
952 3297 1062 3347 Tiberius
1074 3299 1232 3362 proficiscens
1248 3299 1276 3348 tn

187 3383 368 3445 Campaniam.
395 3395 453 3432 carn
477 3381 558 3431 multa
580 3381 608 3430 in
629 3379 693 3431 Urbe
708 3386 732 3431 at
747 3387 861 3443 namacio
877 3379 1026 3443 relinqueret
1043 3387 1066 3432 at
1081 3383 1170 3432 invisa.
1200 3381 1275 3432 idern

187 3465 347 3516 confirmant
363 3465 460 3516 Plinius
479 3465 509 3515 ll.
523 3467 553 3515 li.
568 3463 611 3526 ll,
625 3465 670 3524 22,
683 3465 724 3515 28.
738 3467 766 3514 ct
776 3465 918 3514 Suetonius
929 3463 985 3514 Tib.
1000 3464 1040 3516 li.
1068 3465 1166 3516 Consul
1184 3469 1274 3515 autem

188 3549 235 3600 luit
256 3563 279 3598 n.
300 3562 325 3598 u.
346 3563 369 3599 c.
389 3549 446 3599 739.
482 3550 544 3600 Post
566 3547 733 3599 consulatum
756 3547 870 3598 obtinuit
890 3547 1072 3612 Pamphyliam
1095 3549 1275 3613 provinciam,

187 3631 259 3683 unde
277 3647 339 3683 cum
360 3648 384 3682 a.
402 3647 428 3682 u.
444 3647 467 3684 e.
485 3632 541 3684 iti.
562 3635 653 3682 contra
672 3633 769 3682 Bessos
787 3635 814 3680 et
831 3629 939 3682 Sialetae
957 3631 1056 3682 bellum
1076 3645 1170 3694 gerere
1188 3633 1276 3682 iussus

189 3719 272 3778 esset,
291 3717 340 3767 bos
358 3717 499 3781 postvaria
518 3715 616 3780 proelia
635 3714 791 3774 debellarit;
810 3719 920 3780 propter
932 3729 1054 3779 quaeres
1067 3713 1276 3778 lelicitergestas

188 3799 212 3850 ai
230 3799 388 3864 supplicatio
406 3802 434 3849 et
450 3799 566 3849 bonores
584 3799 758 3863 triumphales
774 3798 874 3849 decreti
892 3802 961 3849 snut.
991 3799 1038 3849 llio
1055 3798 1096 3860 sl,
1109 3797 1149 3849 tt.
1170 3797 1236 3848 Flor.
1250 3797 1274 3860 t,

189 3883 228 3943 tt,
243 3883 283 3934 ll.
311 3883 350 3933 Ad
369 3881 485 3932 eundem
504 3885 608 3932 exstant
624 3883 751 3945 Antipatri
769 3881 1013 3933 Thessalonicensis
1031 3884 1220 3946 epigrammata
1233 3883 1274 3932 lll.

187 3963 297 4017 laudum
316 3968 397 4029 atque
408 3963 565 4016 adulationis
578 3963 655 4029 plena
668 3965 693 4014 in
706 3964 818 4015 lacobsli
830 3963 934 4016 tumul.
948 3967 991 4015 Gr.
1005 3967 1074 4029 bips.
1086 3967 1116 4015 ll.
1131 3978 1157 4029 p.
1168 3965 1274 4015 tii-sa.

187 4049 243 4099 lam
261 4061 323 4100 cnm
340 4052 432 4100 Artem
449 4049 580 4114 poeticam
600 4059 649 4098 nos
667 4061 775 4111 quoque
793 4050 822 4098 ut
838 4049 999 4099 llirchnerus
1017 4050 1047 4109 Q.
1068 4049 1098 4098 ll.
1117 4063 1143 4112 p.
1157 4049 1198 4098 39.
1215 4047 1276 4098 ulti-

188 4143 263 4184 mam
279 4131 322 4184 vel
341 4135 413 4183 certe
432 4145 514 4182 unum
532 4145 565 4182 cx
582 4129 680 4182 ultimis
699 4133 901 4182 llomtianorum
919 4143 1031 4194 operum
1049 4145 1108 4182 esse
1127 4132 1276 4182 indicemus

187 4217 268 4280 utque
286 4219 354 4267 intra
371 4228 456 4266 annos
468 4213 606 4266 tta-uo.
620 4215 796 4280 compositam
812 4215 982 4288 arbitremur,
1000 4215 1094 4265 aetatis
1112 4218 1139 4265 et
1155 4216 1238 4280 patris
1250 4218 1277 4265 ct

188 4297 301 4352 liliorum
327 4301 457 4350 rationem
482 4299 603 4350 ineamus
624 4311 734 4351 necesse
756 4301 805 4350 est.
841 4299 935 4350 Netum
954 4299 1031 4362 igitur
1047 4301 1074 4350 L.
1094 4299 1217 4352 Pisonem
1244 4313 1277 4350 ex
