3082 4968
286 415 348 484 556
635 471 636 474 .
666 422 794 474 aonam
812 423 992 478 striatam

328 579 429 644 Nemo
451 577 615 646 dexterius
639 578 763 646 lortuna
785 589 835 646 est
855 599 944 646 usus.
989 578 1135 666 liaberes
1333 581 1374 648 55

326 700 477 786 Magnum
498 700 696 781 adiutorem,
721 711 833 790 posset
853 701 910 789 qui
932 700 1017 769 terre
1040 701 1220 778 secundas,

326 821 419 889 Hune
440 818 605 889 hominem
626 821 727 890 velles
751 822 778 888 si
801 821 949 902 tradere;
972 822 1173 911 dispeream,
1197 823 1230 888 ni

326 941 524 1011 Submosses
548 963 671 1012 omnes.
716 945 786 1010 Non
808 944 870 1012 isto
893 944 1030 1012 vivimus
1052 943 1131 1022 illic,

349 1089 389 1148 ta'.
403 1097 510 1147 atterite
520 1096 569 1148 Ed.
578 1093 683 1149 Mediol.
695 1096 768 1148 till.
778 1109 830 1147 err.
841 1097 958 1160 typogr,
967 1094 1132 1158 Waddelius,
1144 1097 1337 1161 Morgenstern.

317 1171 356 1234 (Ut
368 1184 425 1233 nos,
446 1173 528 1222 nostri
547 1175 575 1223 et
592 1172 727 1235 potuerit.)
744 1197 771 1208 -
785 1171 826 1223 l8.
837 1172 945 1220 civim
959 1171 1030 1236 bScp
1048 1174 1077 1222 et
1093 1173 1210 1223 Pottierii
1227 1185 1337 1234 omnes,

314 1246 400 1297 LCtl':
417 1247 513 1296 eicitur
530 1259 562 1296 ex
580 1246 665 1297 tribus
683 1244 768 1297 Codd.
787 1241 865 1311 (δξφ)
882 1245 1031 1308 Bentleius,
1050 1248 1084 1299 M.

282 1380 357 1428 reor,
377 1367 512 1418 interdum
529 1365 600 1431 apud
617 1365 690 1418 illum
708 1366 808 1418 tibiol-
845 1365 902 1418 laus
936 1369 1087 1432 impertitur
1119 1370 1283 1433 Maecenati,
1321 1373 1373 1423 etsi

282 1442 385 1502 ficiunt;
413 1444 496 1493 immo
518 1456 570 1507 ope
593 1455 655 1494 mea
672 1455 740 1506 quos
758 1457 808 1493 vo·
845 1441 913 1492 haec
930 1455 1039 1507 quoque
1056 1444 1146 1509 inepta
1163 1457 1223 1496 esse
1242 1443 1370 1508 debebat,

281 1515 321 1567 les
345 1515 545 1568 submovebis.»
579 1519 654 1569 llanc
676 1519 807 1569 rationem
845 1515 894 1567 sed
912 1518 1023 1582 propter
1044 1517 1095 1568 hoo
1119 1520 1207 1583 ipsum
1224 1519 1370 1581 eiusmodi,

283 1605 332 1656 ego
358 1604 465 1655 sequor.
500 1592 530 1654 5)
553 1591 602 1644 Alii
628 1593 692 1644 item
718 1595 806 1646 omnia
844 1594 874 1642 ut
890 1592 975 1644 risum
992 1593 1121 1644 excitaret
1137 1595 1165 1644 et
1186 1595 1236 1659 ipsi
1256 1596 1371 1660 patrono

281 1668 433 1730 importuno
443 1665 591 1718 tribuentes
603 1681 647 1718 vv.
657 1669 808 1720 Nenodeo·
845 1668 872 1716 et
888 1665 1006 1731 reliquae
1024 1667 1135 1718 cohorti.
1170 1670 1199 1719 ln
1217 1681 1371 1733 aequoque

280 1742 358 1792 terim
378 1743 430 1792 cet.
457 1742 491 1794 ad
514 1743 652 1794 Horatium
678 1743 805 1794 referunt.
844 1739 998 1806 discrepent
1016 1743 1191 1808 interpretes,
1219 1744 1309 1795 utrum
1325 1758 1369 1796 vv.

280 1818 382 1869 Verum
401 1823 424 1868 ta
442 1831 492 1870 nee
513 1831 624 1884 prorsus
641 1819 739 1871 abesse
755 1833 807 1885 po-
843 1819 932 1868 meatu
951 1817 1010 1869 teoo
1032 1831 1110 1869 saeco
1130 1817 1165 1870 ad
1188 1819 1370 1871 Maecenatem

281 1894 362 1954 terat,
389 1895 412 1944 si
435 1892 629 1946 obscuritatem
651 1896 734 1946 vitare
755 1908 806 1944 vo-
843 1893 1006 1954 reterantur,
1025 1907 1059 1944 an
1077 1895 1116 1945 sic
1134 1891 1289 1958 explicanda
1301 1895 1369 1945 sint:

280 1965 365 2030 lebat,
384 1981 472 2032 neque
491 1983 523 2019 ex
541 1970 694 2020 coniectura
705 1972 804 2020 anter.
843 1974 866 2019 ot
890 1967 1001 2032 quidem
1027 1969 1168 2019 hominum
1195 1970 1284 2019 memb
1310 1969 1371 2020 55η

279 2055 338 2092 reor
363 2043 444 2092 inseri
469 2042 569 2108 placet,
597 2044 656 2106 ubi,
683 2045 806 2108 quamvis
841 2056 928 2094 roano.
958 2043 1090 2107 Equidem
1105 2044 1223 2108 priorem
1238 2045 1371 2096 rationem

280 2117 396 2170 maxima
412 2119 452 2170 vis
469 2120 496 2169 in
514 2133 547 2170 eo
559 2121 675 2184 reposita
687 2133 747 2171 esse
760 2120 807 2172 de-
843 2120 920 2170 unioe
938 2119 1038 2184 probo;
1058 2133 1120 2170 nam
1137 2117 1274 2172 wmulare
1286 2119 1371 2171 debe-

279 2193 375 2254 beret,
410 2194 501 2244 brnen
535 2192 689 2246 elidendum
723 2197 803 2246 esset.
842 2193 889 2244 bat
911 2194 992 2245 homo
1015 2196 1184 2262 importunus
1206 2195 1369 2248 Maecenatis

280 2268 362 2330 Quid,
390 2268 463 2333 quod
488 2269 540 2319 hoe
566 2270 671 2333 ipsum:
703 2283 804 2321 onemo
841 2268 948 2330 laudes,
967 2283 1020 2320 uon
1038 2267 1165 2320 extollere
1183 2271 1366 2322 eiusamicos.

279 2342 415 2394 dexterius
433 2345 472 2404 te,
491 2343 598 2407 Flacco,
617 2344 721 2395 tortuna
738 2357 804 2396 usus
842 2345 879 2396 iic
891 2345 948 2395 sive
959 2345 1112 2408 importuno
1129 2345 1187 2395 sive
1199 2345 1307 2396 Horatio
1317 2345 1369 2410 ipsi

280 2417 496 2481 estmhabebat,
524 2433 576 2470 non
600 2420 703 2481 dicam,
730 2419 804 2484 quod
843 2419 957 2470 haecito
968 2417 1076 2481 tribuis,
1093 2421 1218 2470 vumira
1229 2418 1369 2490 malacria

280 2492 430 2543 offenderet
469 2495 652 2545 Maecenatem
692 2495 803 2557 eiusque
840 2495 1369 2548 roncarerent.v.axoursum.-aoia-

279 2568 394 2630 amicos,
424 2568 473 2618 sed
499 2570 604 2632 tamem
633 2569 706 2633 quod
730 2569 803 2620 haud
840 2569 930 2632 ιονωη]
955 2583 1094 2634 «unquam
1118 2570 1141 2622 si
1162 2570 1309 2633 accideret,
1339 2573 1369 2622 ut

279 2642 358 2692 nimis
374 2641 478 2694 urbane
495 2643 597 2694 dictum
613 2645 644 2696 iis
655 2644 802 2695 videretur.
840 2644 907 2696 aliua
918 2646 1080 2697 Maecenatis
1089 2646 1192 2696 amicus
1203 2645 1251 2696 tibi
1262 2645 1320 2696 eius
1332 2645 1369 2696 la-

278 2717 302 2782 3)
320 2717 453 2782 Dialogus:
474 2720 652 2784 importunus.
671 2722 805 2772 Maecenas
840 2732 935 2770 vorem
946 2719 1105 2770 subtrahere
1118 2721 1286 2771 conaretur.»
1321 2719 1369 2772 Est

278 2794 401 2857 mornatio
419 2794 521 2846 meo?
545 2795 678 2846 Horatius.
705 2797 804 2846 Pauco-
839 2793 1000 2845 vocabulum
1017 2795 1163 2848 scenicum.
1202 2793 1316 2846 Phaedr.
1334 2797 1366 2858 5,

276 2882 336 2920 mm
351 2871 479 2921 maneum
495 2876 519 2922 at
536 2872 625 2922 mettis
640 2871 700 2921 berto
715 2884 801 2922 senae.
840 2871 869 2931 5,
883 2868 931 2918 tt:
950 2869 979 2919 lo
995 2881 1070 2920 xmo
1083 2882 1143 2920 oero
1154 2873 1291 2932 postquem
1301 2871 1369 2922 seim

276 2945 355 2995 Necte
366 2946 493 2996 ememus
507 2947 613 3011 (ortatu
623 2951 658 2997 eat
668 2960 735 2998 aare.
751 2948 804 2996 lm-
839 2943 960 3004 amieo,
979 2943 1038 2993 Sim
1049 2948 1194 3007 apparatu,
1206 2944 1283 2995 outlb
1293 2946 1368 2996 oete

276 3021 345 3084 port.
364 3019 473 3072 lictores
490 3024 541 3073 cet.
575 3022 628 3073 sed
646 3035 680 3073 ne
696 3035 747 3087 per
762 3022 803 3072 io-
839 3018 943 3068 teritos.
978 3019 1086 3070 Sueten.
1109 3021 1227 3071 (tremor.
1249 3019 1294 3070 ta:
1320 3021 1368 3070 Hie

277 3108 340 3146 cum
357 3095 468 3159 quidem
485 3098 563 3148 unice
580 3099 692 3162 propter
707 3098 803 3149 dexte-
841 3093 998 3158 (Crassitius)
1016 3094 1088 3144 tuitio
1105 3094 1175 3145 circe
1190 3107 1291 3146 accam
1306 3108 1367 3146 oer-

276 3171 382 3221 ritatem
399 3185 452 3222 non
470 3169 547 3236 longe
560 3173 689 3229 aratritie
701 3172 802 3224 distau—
838 3174 908 3220 soter
924 3173 973 3230 ott,
999 3169 1059 3219 dero
1080 3167 1267 3233 mimopropltoa
1288 3169 1365 3220 ettiu-

276 3247 333 3296 tem
349 3244 460 3296 laudare
471 3249 576 3312 poterat
587 3250 726 3312 potentem
737 3249 803 3299 ami·
838 3249 891 3294 vot.
914 3271 943 3281 -
967 3244 1036 3309 (erre
1051 3243 1179 3308 mdes]
1198 3256 1294 3308 aegere
1319 3255 1366 3294 se-

276 3335 352 3382 eum,
371 3322 393 3372 si
411 3322 484 3385 quod
501 3321 617 3373 decebat
633 3321 730 3374 oblitus
748 3335 801 3374 non
839 3319 941 3371 cundas
969 3321 1075 3383 partes,
1103 3313 1366 3390 δευτεραγωνιστήν

275 3397 343 3448 erat.
361 3395 385 3458 ti
407 3394 544 3459 Dialogus:
572 3398 681 3461 lmport.
699 3399 802 3448 Maece-
839 3389 943 3456 aiom
968 3394 1044 3445 cuius
1067 3395 1243 3459 praecipuum
1266 3406 1366 3446 munus

274 3483 322 3521 oea
346 3471 468 3531 quomodo
492 3469 591 3522 imma?
620 3473 710 3522 Horat.
736 3473 801 3523 Pae·
838 3473 910 3532 erat,
928 3471 974 3531 ut,
994 3470 1224 3534 quemadmodum
1249 3467 1365 3532 Pylades

274 3559 362 3596 conen
378 3545 402 3595 t.
421 3549 445 3595 et
460 3557 494 3595 m.
513 3545 536 3596 5.
549 3559 569 3596 r.
592 3547 675 3610 «Ergo
693 3547 798 3599 difficile
837 3546 960 3597 Orestem
983 3545 1009 3594 in
1027 3545 1158 3610 Euripidis
1180 3545 1315 3611 iphigenia
1337 3545 1366 3596 ta

275 3623 330 3684 est,
355 3621 386 3673 ut
406 3620 454 3671 tibi
474 3621 564 3672 statim
581 3621 668 3673 aditus
685 3622 720 3673 ad
736 3636 799 3674 eum
837 3621 929 3671 Tauris
952 3623 979 3671 et
1001 3620 1028 3670 in
1050 3620 1158 3682 Oreste,
1187 3619 1292 3682 verbis,
1322 3631 1366 3670 re-

273 3697 399 3763 petem»)
425 3697 492 3760 lmp.
520 3697 603 3746 «sane
619 3710 691 3748 aomo
712 3699 800 3748 amte-
838 3695 975 3757 citatione,
994 3695 1195 3759 gesticulatione
1213 3705 1294 3759 mam
1307 3707 1366 3746 ma-

273 3773 328 3822 rius
344 3774 370 3822 te
386 3771 491 3835 [ortum
507 3777 543 3822 ort
558 3784 632 3833 usos,
652 3785 683 3822 er
701 3785 756 3835 quo
773 3773 799 3822 in
837 3771 907 3821 xime
920 3772 1025 3821 iuvaret
1035 3784 1067 3822 ac
1075 3771 1221 3822 sustineret
1231 3765 1282 3820 τὸν
1289 3783 1365 3841 κρω-

273 3845 341 3897 illius
362 3847 508 3897 amicitiam
528 3845 661 3898 admissus
679 3857 723 3908 οὓς
751 3846 800 3897 sed
837 3843 1027 3912 ταγωνιστήν.
1063 3846 1116 3898 Ctr.
1144 3845 1199 3897 Cio.
1223 3845 1309 3896 Diria.
1335 3845 1364 3896 in

273 3919 629 3986 tameninvidiaeexpositus
637 3932 740 3972 manes.
753 3921 802 3984 lgi-
838 3921 868 3980 0.
888 3920 985 3972 caecil.
1005 3923 1050 3984 lb,
1069 3920 1119 3973 te:
1146 3921 1176 3971 ue
1192 3921 1219 3970 ie
1236 3920 1365 3972 actoribus

273 3993 349 4046 tursi
362 3995 388 4044 to
400 4006 507 4046 meeum
521 3996 700 4058 consociares,
714 3995 801 4046 habe·
838 3996 941 4047 Graecis
960 3997 1161 4062 portatilem,
1186 4009 1260 4060 saepo
1276 3995 1362 4060 Mun,

273 4071 644 4133 resmagnumadiutorem.·
665 4072 764 4122 Verum
777 4077 800 4122 tc
837 4071 881 4132 qui
904 4076 940 4122 eat
964 4073 1132 4122 amandorum
1155 4075 1201 4122 ottt
1228 4071 1364 4122 tertianae

176 4135 182 4148 “
272 4147 314 4195 vir
332 4145 429 4196 abesse
446 4159 527 4210 posse
552 4161 675 4210 mecum,
703 4159 797 4212 spero,
834 4148 966 4209 portiano,
989 4160 1047 4197 creo
1059 4147 1139 4210 possit
1154 4147 1286 4210 ettpuaeto
1307 4147 1363 4198 oto-

272 4221 383 4280 senties;
411 4235 461 4272 nec
478 4221 513 4272 ab
532 4224 698 4288 importuno,
726 4222 799 4287 quod
836 4223 891 4271 rios
914 4222 996 4272 atcere
1020 4235 1099 4284 quom
1123 4222 1175 4286 ipse
1199 4221 1361 4284 prm,

272 4297 363 4348 tamen
389 4297 571 4350 necessarium
597 4301 655 4361 est,
682 4299 721 4351 sic
747 4296 798 4348 ulla
836 4297 942 4348 men
958 4297 1123 4361 ammittere,
1146 4301 1175 4347 ut
1190 4297 1232 4348 itte
1244 4295 1363 4360 princeps
