3082 4968
306 467 367 532 464
639 508 642 514 ,
688 461 816 513 tronum
834 459 1015 512 4444444444

347 622 526 691 llultorum.
571 621 743 706 lgnosoes;
767 615 846 684 alias
868 615 993 704 loquar.
1038 615 1184 682 llunoino
1206 613 1310 680 solem

347 748 424 812 lam
446 743 577 831 nigrum·
595 761 730 808 surrexe
753 738 846 805 mihil
871 738 963 826 Fugit
986 736 1154 825 improbus
1178 757 1217 803 ao
1239 757 1291 803 me

347 866 419 934 Sub·
437 864 540 933 cultro
562 863 685 951 linquit.
731 862 816 928 Casu
840 859 927 928 venit
948 859 1064 928 obvius
1087 859 1131 924 illi

347 987 561 1055 Adversarius
584 994 630 1052 et:
654 985 727 1065 Quo
750 993 783 1048 tu
807 982 1018 1071 turpissime?
1040 1001 1156 1070 magno
1356 982 1397 1044 75

353 1151 410 1275 ⁴'iti
437 1148 549 1199 Hwtotne
566 1146 620 1197 bs:
646 1146 773 1196 Hunccine
790 1145 856 1206 Let,
883 1143 1030 1204 lteutloius¹
1056 1141 1129 1204 ius,
1154 1143 1262 1193 liueoine
1279 1155 1303 1192 c.
1334 1169 1362 1178 -

337 1225 377 1274 7.
405 1224 469 1285 iuuit
486 1224 513 1272 S.

303 1357 372 1406 eien.
392 1355 483 1404 Somn.
502 1353 532 1402 o:
559 1347 617 1400 τῶν
639 1347 672 1400 ἐκ
689 1345 741 1400 τοῦ
759 1346 830 1399 πολ·
867 1348 1005 1400 hominem
1030 1348 1114 1400 litium
1143 1347 1270 1413 cupidum
1300 1351 1328 1400 et
1358 1351 1397 1399 rei

302 1427 356 1480 λοῦ
380 1424 478 1493 δήμου
503 1419 554 1489 εἷς.
579 1453 606 1463 -
625 1426 738 1475 Huncine
760 1425 828 1487 oet]
867 1437 933 1486 sues
956 1424 1026 1475 odeo
1051 1425 1170 1485 certum,
1197 1426 1240 1484 ut,
1268 1425 1351 1474 etiem
1374 1427 1398 1474 si

302 1506 389 1566 liaeo,
417 1503 481 1554 dum
503 1502 568 1565 [uoti
585 1501 711 1562 Aristius,
735 1513 830 1551 secum
867 1498 965 1550 nebrtlo
982 1513 1036 1551 non
1048 1511 1227 1563 responsurus
1245 1497 1320 1548 litem
1332 1509 1399 1562 per·

302 1589 471 1628 murmurare
497 1576 636 1626 Horatium
658 1574 829 1625 menifestum
868 1575 932 1626 dero
949 1574 1081 1634 debehat,
1101 1576 1205 1634 temen,
1223 1575 1253 1622 ut
1270 1573 1292 1624 is
1310 1585 1341 1623 se
1359 1574 1400 1624 ei·

302 1655 353 1704 est.
375 1679 402 1688 -
421 1651 497 1701 solem
521 1651 582 1701 lom
603 1649 717 1713 ntorum]
741 1648 829 1698 «diem
867 1653 951 1702 steret
967 1651 994 1701 in
1011 1649 1123 1710 iudicio,
1137 1647 1319 1712 malletetquo
1331 1661 1399 1712 pro·

302 1731 357 1778 tem
375 1729 478 1782 utrum.
497 1724 668 1776 infaustum.»
687 1724 831 1788 Opponun-
867 1727 927 1788 pter
943 1725 970 1775 id
988 1725 1089 1788 ipsum,
1116 1722 1189 1787 quod
1210 1723 1276 1772 hore
1295 1724 1399 1773 eonsti-

302 1805 345 1851 tur
369 1801 470 1851 condidi
494 1801 556 1850 soler
581 1796 675 1850 Catuli.
699 1798 727 1858 8,
754 1796 778 1847 3.
800 1824 827 1836 -
866 1801 923 1850 tute
939 1799 1122 1850 vadimonium
1140 1797 1312 1857 deseruerat,
1332 1810 1398 1848 eum

301 1875 416 1940 tuerere]
435 1889 484 1939 pro
501 1876 654 1936 4444444444,
677 1875 706 1923 ut
722 1873 828 1923 Terent.
867 1874 956 1924 denuo
982 1875 1008 1923 in
1034 1873 1075 1922 ius
1098 1875 1215 1937 reperet.
1249 1871 1292 1920 Sic
1314 1873 1398 1922 etiem

301 1950 414 2015 Adelph.
425 1950 450 2012 4,
463 1952 489 2012 4,
502 1953 549 2001 ut:
564 1951 690 2013 prodere.
709 1946 791 1998 Lucil.
802 1947 827 2008 2,
866 1949 1015 2000 Bethmenu
1044 1945 1168 2010 llollueg=
1186 1946 1326 1996 Hondbuelr
1356 1947 1400 1996 des

301 2027 326 2078 4.
346 2028 451 2076 tuumne.
465 2027 494 2085 4,
508 2027 536 2086 4,
555 2027 584 2076 2:
605 2024 706 2076 moniti.
734 2020 827 2073 Catuli.
867 2024 1055 2086 Civilprozesses
1073 2022 1091 2071 4.
1110 2019 1173 2072 etr:
1202 2021 1265 2070 ann
1280 2021 1399 2071 Perteien

302 2101 330 2153 tt
344 2141 349 2162 ,
363 2100 408 2152 rt:
426 2101 502 2152 misti.
528 2103 607 2164 Prop.
621 2101 649 2159 4,
663 2099 693 2160 3,
707 2098 751 2148 37:
768 2110 830 2146 con·
864 2099 1042 2150 oerubredeteu
1058 2098 1129 2146 einen
1145 2095 1310 2160 qerduroiaeo
1335 2095 1398 2145 Ter-

301 2176 412 2237 smnpstr'.
432 2176 537 2225 lueret.
552 2175 580 2235 t,
598 2173 661 2224 osi:
674 2183 827 2235 consumpse.
866 2176 933 2237 min,
959 2176 987 2225 iu
1008 2173 1124 2224 melotem
1145 2173 1181 2222 444
1201 2172 1252 2221 siolo
1271 2185 1319 2222 vor
1340 2173 1399 2222 doru

303 2251 393 2300 iloret.
403 2250 456 2299 Set.
467 2249 492 2308 2,
506 2249 531 2309 3,
544 2248 604 2298 uis:
618 2247 738 2310 44444444,
752 2245 828 2297 Coul.
865 2253 958 2303 prator
974 2251 1062 2312 44414444
1077 2247 1189 2307 wodan,
1213 2247 1266 2296 uod
1282 2248 1328 2297 dor·
1348 2247 1400 2298 eo-

302 2323 336 2375 od
360 2324 413 2373 Set.
434 2324 462 2383 4,
480 2325 509 2382 5,
527 2323 568 2372 io.
602 2324 657 2373 Neo
680 2333 745 2372 vero
768 2318 830 2370 telio
866 2325 949 2390 tanqu
973 2324 1022 2388 444
1047 2323 1157 2374 entatu
1181 2323 1284 2387 Bitrqen
1307 2322 1399 2386 (vodi-

301 2399 404 2462 respuit
421 2396 542 2461 Virgilius
561 2399 634 2461 (Aen.
654 2399 681 2458 4,
701 2397 762 2446 tot:
784 2407 830 2444 oo-
867 2398 1005 2460 monium),
1043 2399 1095 2448 Von
1106 2399 1198 2448 44444444
1208 2395 1395 2448 vadimonium

301 2475 381 2524 restis.
400 2474 429 2534 4,
456 2474 514 2524 6446.
538 2473 679 2523 emtionem
704 2470 765 2532 cet.)
800 2471 829 2519 iu
864 2475 949 2539 studeo
964 2475 1014 2523 wir
1025 2473 1103 2524 tuter
1116 2471 1154 2522 bei
1165 2471 1397 2534 Cicerouortttttoo

302 2551 378 2601 Ennii
396 2548 515 2612 reliquiis
533 2548 615 2612 epicis
634 2545 694 2596 tolia
711 2559 764 2597 non
782 2557 830 2596 su-
867 2549 998 2611 4444ῳί44,-
1027 2561 1077 2598 ooo
1102 2548 1148 2597 dor
1173 2547 1199 2596 in
1225 2547 1266 2596 ius
1290 2545 1397 2595 vocatio

301 2627 423 2689 pereunt.
444 2625 481 2674 De
494 2623 621 2673 infinitivo
632 2621 687 2672 vid.
698 2619 732 2670 ud
745 2616 828 2682 Epod.
867 2625 934 2675 444444
953 2625 1042 2684 Eine,
1068 2636 1142 2672 menn
1161 2621 1241 2686 444444
1261 2621 1297 2670 rie
1318 2633 1399 2684 44444

302 2699 332 2760 8,
352 2699 375 2748 4.
391 2725 418 2735 -
432 2697 483 2748 Suo
498 2697 587 2759 mettre]
601 2697 676 2761 quosi
694 2695 831 2745 viotimem
867 2703 956 2762 44444,
974 2701 1023 2750 4444
1039 2701 1084 2749 der
1100 2699 1245 2750 8444444444
1255 2699 1298 2748 dos
1308 2697 1398 2747 Hom

301 2787 405 2839 opopa
421 2773 529 2824 iumiem
550 2770 730 2822 mactandum.
765 2769 831 2818 Ter·
868 2777 928 2826 4444
942 2775 1007 2824 „oct
1031 2779 1136 2838 444444,
1163 2774 1229 2823 auctr
1248 2774 1314 2836 jem
1339 2779 1401 2836 94444

302 2847 357 2898 tull.
376 2845 485 2911 Apolog.
504 2847 534 2898 8:
561 2847 646 2909 insons
662 2871 676 2881 -
693 2844 831 2906 -quine-
868 2852 968 2902 04444444
984 2851 1045 2900 mat,
1060 2850 1192 2912 ..649444
1209 2848 1291 2898 4444444
1307 2849 1400 2898 murae

301 2923 365 2973 sciat
380 2928 500 2982 ovorum,
523 2923 566 2984 oui
582 2920 627 2971 ³⁰1³
641 2921 721 2970 odeo
738 2925 781 2968 tuo
796 2917 832 2967 ri
867 2927 894 2975 n
917 2925 992 2989 44444
1007 2925 1073 2975 nnn
1096 2922 1282 2972 4444444444
1299 2923 1401 2972 44444

302 2999 368 3048 deut.
403 2995 492 3048 Simile
510 2994 684 3061 proverbium
701 2995 768 3045 inter
786 3005 831 3042 so-
867 2999 1016 3064 9444444444,Ι
1034 2997 1399 3048 4444444444444444444444

302 3085 375 3123 crum
386 3076 591 3122 dementiore
602 3067 738 3122 estPlaut.
752 3069 829 3133 Copt.
868 3075 938 3136 44444,
956 3075 1024 3123 tatu
1040 3074 1075 3123 444
1090 3073 1183 3123 nuder
1200 3085 1234 3120 zu
1252 3072 1398 3134 piretum.-

221 3171 228 3178 ·
303 3147 332 3209 3,
351 3146 381 3208 4,
401 3146 442 3198 84.
868 3150 890 3200 Α
913 3149 970 3201 loro
993 3149 1083 3211 igitur,
1110 3144 1157 3198 ubi
1181 3146 1321 3197 hominem
1345 3159 1399 3197 non

336 3222 424 3272 'itt-78.
447 3219 622 3284 Adversarius]
644 3219 772 3270 Diversus
790 3216 831 3266 vi·
868 3223 1025 3282 invenerat,
1054 3223 1127 3272 venit
1154 3219 1326 3271 adversarius
1356 3221 1398 3280 et,

304 3296 383 3346 detur
398 3295 443 3344 hic
459 3294 493 3344 44)
510 3293 568 3356 444ο,
592 3293 639 3358 qui
655 3294 727 3343 huno
744 3290 832 3342 homi·
870 3310 933 3348 oum
950 3294 1122 3356 sciscitando,
1146 3305 1226 3357 quom
1245 3293 1317 3344 vium
1335 3307 1399 3344 cum

304 3382 368 3421 nem
384 3367 497 3418 vadatus
516 3369 574 3418 erat
594 3381 621 3417 v.
641 3367 693 3428 34,
719 3367 832 3416 Ouwen-
870 3372 978 3422 Horatio
990 3372 1127 3432 ingressus
1139 3370 1225 3428 esset,
1244 3367 1402 3431 investiges-

305 3444 345 3494 sio
369 3444 456 3492 Noott·
481 3443 546 3504 ling.
565 3441 595 3502 3,
621 3443 646 3490 5.
674 3454 701 3504 p.
724 3439 782 3490 354-
805 3442 833 3490 el
870 3447 923 3506 set,
948 3456 1011 3494 eum
1033 3443 1215 3506 consequitur.
1251 3441 1350 3493 Contre
1373 3443 1400 3493 in

306 3515 438 3568 ltoedero.
457 3515 519 3566 iiic:
548 3515 636 3574 «Quae
659 3515 704 3564 hic
720 3527 833 3565 numen·
870 3518 1000 3569 ouuensii
1023 3519 1125 3567 ratione
1145 3516 1179 3567 de
1202 3514 1278 3567 coelo
1295 3515 1401 3566 delebi-

305 3593 380 3653 tur‚»
403 3590 500 3653 inquit,
524 3600 597 3638 anon
614 3589 777 3638 conveniunt
793 3589 831 3648 ei.
871 3593 914 3642 tur
930 3591 1022 3642 neseio
1046 3591 1106 3655 quis
1127 3589 1194 3642 elius
1211 3591 1398 3652 adversarium

305 3667 351 3731 qui
374 3664 558 3716 vadimonium
584 3662 755 3723 deseruerat.
784 3662 834 3715 sed
870 3679 924 3729 quo
942 3666 964 3716 si
981 3677 1050 3730 opus
1068 3664 1174 3726 luisset,
1200 3664 1265 3716 mihi
1287 3663 1400 3729 quidem

306 3741 352 3804 qui
370 3740 456 3804 primo
473 3739 500 3789 in
517 3739 558 3789 ius
575 3739 687 3788 vocotus
704 3739 744 3788 ire
762 3735 834 3788 uolo-
870 3751 1030 3804 persuasum
1055 3741 1109 3800 est,
1136 3739 1274 3790 iioretium
1295 3739 1322 3790 id
1345 3751 1401 3790 uuo

305 3812 360 3865 but.
396 3813 473 3863 iiunc
489 3811 553 3864 lieet
569 3811 675 3863 obtorto
688 3810 755 3862 eollo
772 3813 835 3876 post
870 3812 966 3866 saltem
982 3811 1067 3864 verbo
1079 3812 1291 3878 significaturum
1306 3813 1400 3866 luisse.

306 3887 512 3939 antestetionem
533 3888 561 3938 iu
582 3887 624 3937 ius
641 3899 745 3950 repere.
781 3887 835 3937 Ae-
870 3890 957 3952 Atque
987 3887 1096 3940 omnino
1127 3888 1196 3939 mire
1226 3889 1299 3940 esset
1328 3888 1402 3953 opud

307 3960 377 4013 cedit
393 3963 467 4028 quod
484 3963 568 4027 magis
580 3975 629 4013 nos
641 3963 733 4013 movet
747 3962 834 4024 imago
871 3964 980 4028 poetam
997 3963 1066 4014 hoec
1083 3961 1166 4014 ultore
1183 3966 1240 4014 tem
1257 3963 1347 4015 subite
1364 3963 1403 4016 le·

307 4037 464 4102 importuni,
490 4039 513 4089 si
529 4036 657 4103 litigiosus
675 4037 702 4088 et
719 4035 835 4087 obaera—
872 4039 911 4104 gis
938 4040 1007 4090 ectio
1032 4051 1088 4104 per
1107 4051 1203 4090 manus
1229 4040 1402 4092 iniectionem

307 4114 350 4164 tus
367 4113 500 4178 fingitur.»
523 4114 569 4165 Est
585 4111 699 4177 aliquid:
727 4112 777 4164 sed
794 4115 835 4162 te-
872 4125 983 4178 purem,
1010 4112 1037 4163 id
1061 4115 1102 4164 eet
1125 4126 1179 4164 non
1200 4113 1400 4178 promulside,

308 4198 371 4237 men
387 4185 463 4251 lepos
481 4189 561 4239 totius
573 4186 623 4238 loei
635 4185 782 4238 admodum
794 4185 837 4236 di-
873 4187 908 4238 de
927 4201 980 4251 que
1004 4186 1051 4238 eir.
1071 4189 1165 4239 Gaium
1182 4188 1212 4249 t,
1235 4187 1276 4239 23.
1297 4215 1326 4225 -
1344 4191 1403 4237 tre·-

307 4261 391 4312 minui
401 4261 521 4324 videtur,
536 4261 583 4312 ubi
594 4275 648 4314 non
659 4260 841 4328 intelligamus
871 4262 979 4326 44444444]
997 4253 1022 4311 ὦ
1037 4259 1251 4335 mauriense·
1268 4260 1402 4322 Inclamat]

308 4335 425 4388 eundem
443 4333 516 4388 illum
534 4335 718 4388 adversarium
737 4351 763 4388 u.
782 4335 835 4397 344,
873 4334 994 4386 Verbum
1016 4334 1093 4398 louge
1109 4335 1302 4400 significantius
1318 4346 1401 4398 quom
