3116 4968
276 423 339 488 208
655 425 783 508 ttonnru
801 425 981 479 sarmationi

320 580 484 656 Rusticus,
508 578 670 645 abnormis
693 579 823 679 sapiens
845 601 1021 670 crassaque
1044 582 1199 659 Minerva,
1223 621 1265 633 -

319 701 439 768 Discite
461 720 525 767 non
548 701 629 766 inter
650 700 760 768 lances
783 722 980 790 mensasque
1003 701 1157 780 nitentes,

320 822 400 890 Cum
423 830 531 909 stupet
552 821 672 888 insanis
694 823 782 888 acies
804 821 982 910 fulgoribus
1004 833 1134 891 etcum
1341 828 1362 890 5

319 943 458 1011 Acclinis
480 941 567 1008 salsis
589 943 716 1009 animus
737 941 872 1010 meliora
893 956 1035 1022 recusat,

319 1067 437 1132 Verum
458 1063 511 1131 hic
532 1064 685 1152 impransi
707 1085 835 1132 mecum
857 1064 1036 1154 disquirite.
1082 1067 1148 1135 Cur
1170 1068 1256 1136 hoc?

319 1186 445 1264 Dicam,
469 1186 497 1252 si
519 1196 643 1273 potero.
687 1184 769 1253 llale
791 1207 904 1252 verum
926 1187 1087 1254 examinat
1108 1189 1212 1256 omnis

342 1329 367 1379 3.
385 1329 502 1379 mortni
517 1327 553 1378 bc
570 1329 598 1378 et
614 1330 669 1379 tres
686 1325 813 1378 Blandinii
830 1328 950 1378 omnium
960 1330 1098 1380 ueterrinn
1110 1329 1186 1394 prob.
1201 1331 1328 1396 cruquio,

309 1419 351 1470 γω
368 1405 396 1456 et
411 1405 466 1454 tres
484 1401 526 1453 alii
542 1401 662 1454 Bentleii.

277 1524 342 1576 ialsa
359 1525 509 1584 videretur;
532 1523 582 1574 sed
599 1534 652 1574 non
668 1524 802 1575 memine-
838 1525 908 1574 inter
929 1526 1046 1576 Graecos
1066 1525 1213 1578 admiratus
1230 1540 1291 1578 esse
1308 1527 1363 1578 ler-

277 1603 337 1652 rant
358 1601 443 1664 gentis
465 1602 599 1651 Romanus
621 1611 720 1650 nomen
740 1611 801 1649 esse
838 1600 882 1648 tur
905 1599 1065 1650 Anacharsis
1091 1607 1124 1650 ex
1148 1603 1241 1652 vetere
1266 1601 1363 1653 labella

278 1676 378 1726 debere
390 1675 504 1738 ofellius,
522 1676 552 1725 ut
566 1676 608 1725 est
618 1674 719 1738 ofellius
729 1672 801 1738 apud
839 1671 911 1736 apud
925 1675 1069 1726 Maximum
1079 1675 1141 1738 Tyr.
1154 1673 1201 1735 34,
1220 1677 1256 1738 4.,
1274 1689 1363 1740 neque

278 1753 351 1801 Grut.
370 1748 431 1810 tot,
449 1750 485 1810 2,
501 1741 648 1812 Ὀφέλλιος
665 1748 736 1813 apud
750 1751 801 1798 Ar·
838 1745 915 1810 longe
940 1749 1044 1798 remote
1069 1751 1111 1799 est
1135 1747 1169 1798 eh
1192 1747 1289 1800 Ofellae
1310 1751 1364 1801 vita

278 1827 343 1876 rien.
357 1826 440 1889 Epict.
454 1825 484 1886 3,
502 1825 549 1887 22,
567 1826 608 1876 rt.
638 1825 736 1876 Contra
749 1823 802 1872 Lo-
839 1822 893 1871 tota
909 1822 1068 1872 venatorum
1089 1821 1187 1872 iamilia
1207 1823 1280 1888 apud
1300 1825 1365 1874 Dio-

277 1901 369 1951 cretius
388 1899 469 1962 Osoiiu
488 1901 654 1950 memoratur
670 1911 685 1948 a
701 1896 801 1949 Velleio
839 1909 902 1946 nem
924 1895 1063 1960 Chrysost.
1086 1897 1131 1947 0r.
1149 1896 1185 1958 7.,
1209 1898 1284 1949 cuius
1301 1911 1365 1948 ora-

277 1975 306 2035 2,
333 1975 375 2024 27.
402 1973 521 2038 aliisque.
556 1976 690 2025 leronem
714 1971 749 2022 ed
773 1984 799 2022 v.
840 1969 917 2020 donis
944 1970 1060 2035 primam
1089 1972 1195 2034 partem
1224 1967 1365 2022 eiddlisov

279 2050 335 2099 tit.
355 2046 419 2099 ialsa
430 2047 463 2098 de
476 2046 556 2098 Ofella
574 2047 723 2098 tradentem
736 2045 801 2096 scite
839 2045 1020 2107 senatorium,
1043 2046 1071 2094 et
1087 2046 1223 2108 egregium
1244 2045 1364 2110 quidem,

277 2123 375 2173 refutat
390 2120 513 2172 Wieland
529 2124 560 2172 11.
578 2135 605 2186 p.
622 2121 664 2173 ut.
693 2122 803 2171 Videtur
839 2120 936 2170 merito
962 2119 1069 2171 dixeris.
1098 2147 1126 2156 —
1152 2133 1287 2181 crassoque
1313 2122 1367 2172 Mi-

278 2198 359 2248 luisse
376 2196 478 2246 vicinus
501 2197 528 2246 et
549 2195 683 2247 iamiiiaris
702 2195 802 2246 Horatii
839 2195 926 2256 nemo]
951 2192 1043 2257 «longe
1065 2192 1198 2245 distensa
1220 2193 1365 2246 subtilitate

278 2271 394 2330 iuvenis.
420 2271 462 2320 vir
477 2271 585 2333 sapiens
606 2271 700 2320 natura
722 2272 802 2332 atque
840 2266 881 2319 illa
893 2281 975 2334 saepe
987 2281 1127 2333 perversa,
1145 2269 1365 2332 quemaliectare

278 2347 355 2397 insita
371 2345 481 2403 virtute.
503 2345 579 2395 cuius
596 2344 699 2394 candor
714 2346 803 2407 greta-
840 2342 927 2394 solent
961 2342 1142 2408 philosophi·
1190 2345 1365 2395 Proverbium

279 2433 332 2486 que
348 2416 502 2482 simplicitas
519 2420 608 2468 iuncta
625 2431 687 2468 cum
709 2417 803 2480 insigni
839 2431 940 2479 mosea,
962 2419 1055 2481 pingui
1074 2418 1191 2468 Μίκωνα
1212 2420 1274 2482 (Cic.
1292 2417 1364 2469 Lael.

278 2495 369 2561 lepore
387 2493 451 2544 satis
467 2492 559 2543 festive
577 2493 719 2556 opponitur
733 2492 803 2541 Stoi·
840 2493 1072 2554 arelatensem
1084 2491 1143 2542 rudi
1154 2495 1298 2557 repetitum
1313 2495 1364 2544 est.

279 2571 319 2621 cis
349 2568 398 2619 illis
423 2567 576 2630 aretalogis,
605 2565 698 2631 qualum
727 2568 804 2616 erant
842 2593 869 2602 -
883 2566 974 2631 hoco]
986 2579 1082 2617 aureas
1094 2570 1121 2618 et
1132 2571 1285 2631 argenteas,
1298 2581 1367 2619 nten-

280 2643 416 2708 Crispinus
441 2645 468 2692 et
496 2641 683 2705 Damasippus.
727 2640 804 2691 ilaud
839 2653 881 2691 aas
897 2653 1062 2692 marmoreas
1078 2641 1121 2692 vel
1139 2643 1247 2701 citreas;
1273 2645 1366 2694 utrae-

280 2715 413 2770 dissimiiis
438 2717 480 2766 est
504 2715 665 2766 Philemonis
689 2716 803 2766 misticus
840 2728 893 2777 que
911 2717 1001 2766 autem
1016 2717 1095 2766 aiant
1111 2719 1138 2768 et
1153 2719 1262 2782 proprio
1278 2715 1368 2781 splen-

279 2795 307 2844 iu
318 2791 420 2855 Pyrrho
431 2803 458 2855 p.
470 2791 528 2842 378.
544 2791 633 2850 Dein,
651 2788 803 2854 virgiliique
841 2789 906 2840 dore
927 2792 955 2840 et
976 2792 1064 2841 tersae
1081 2804 1098 2840 a
1114 2791 1208 2841 servis.
1243 2793 1366 2842 iunctum

162 2887 168 2910 r
279 2867 406 2930 iussique
423 2877 517 2926 senes,
535 2867 675 2930 praeterea
692 2863 734 2914 ille
751 2865 804 2914 Fo-
841 2865 946 2928 utrique
964 2865 1064 2914 nomini
1082 2867 1123 2915 est
1134 2864 1279 2926 ἐπίθετον,
1297 2865 1328 2914 ut
1338 2879 1364 2914 v.

279 2941 381 3001 bimos,
399 2952 450 2989 noo
466 2953 499 2989 ecc
514 2940 553 2988 itis
568 2939 734 2990 cmiodroriit
744 2939 804 3002 piti-
841 2939 881 2988 95.
899 2939 1114 3003 praeeminenti
1127 2941 1287 3002 potioresque.
1309 2938 1366 3002 (niti

279 3015 398 3078 lotophia,
425 3015 467 3064 sed
491 3028 525 3064 ar
545 3015 612 3065 veris
635 3019 659 3065 et
683 3014 803 3077 antipam.
842 3011 985 3078 explicant:
1014 3013 1223 3065 «taurinenses
1245 3012 1366 3066 lancibus

280 3091 382 3141 Seneca
398 3088 432 3138 de
448 3089 526 3140 Brea.
539 3090 584 3139 uit.
599 3089 639 3139 iti.
842 3087 974 3150 argenteis
1000 3087 1149 3148 nitentem
1175 3089 1259 3151 magis
1284 3089 1366 3141 etiam
1422 3121 1425 3130 ‚

312 3164 368 3214 3-6.
387 3163 522 3229 ciconnis]
540 3175 665 3228 «prorsus
682 3163 805 3216 diversus
841 3163 908 3212 mire
931 3159 974 3212 alil
999 3163 1103 3211 odram
1127 3173 1176 3225 pro
1198 3175 1258 3226 gen.
1279 3175 1364 3214 masc.

280 3250 407 3288 enorme
424 3235 480 3296 illa,
507 3249 589 3301 quam
604 3235 698 3300 volgus
715 3239 805 3288 statuit
842 3233 954 3296 hebent,
976 3237 1007 3285 ut
1027 3237 1061 3286 sit
1078 3236 1202 3296 cuneda
1221 3236 1319 3300 quibus
1340 3251 1365 3288 v.

281 3312 323 3372 iis,
342 3323 411 3374 quos
428 3309 600 3374 philosophos
611 3311 749 3361 nominare
761 3325 805 3362 so-
841 3309 865 3358 i.
893 3312 1062 3374 opponantur
1085 3310 1229 3374 iepram.)
1252 3338 1281 3349 -
1304 3311 1367 3362 Cim

280 3384 330 3444 let;
358 3381 438 3434 Ofella
461 3385 534 3434 enirn
551 3383 620 3434 nulla
638 3387 712 3435 certa
730 3387 804 3437 secta
840 3388 921 3446 stupet
946 3385 1013 3446 cet]
1039 3397 1123 3436 «curn
1148 3383 1242 3436 oculus
1267 3385 1367 3450 (ocus)

281 3460 310 3510 et
326 3455 464 3520 disciplina
481 3457 603 3518 nutritus,
622 3457 671 3508 sed
683 3471 699 3508 a
710 3462 805 3510 nutura
841 3456 942 3522 iulgore
960 3457 1003 3508 illo
1022 3458 1171 3510 incredibili
1192 3462 1367 3525 praestringi-

281 3531 393 3583 edoctus
410 3532 479 3592 erut,
497 3530 562 3593 quid
578 3543 673 3581 verum
689 3535 806 3584 rectum-
841 3535 910 3584 tur.»
934 3557 962 3569 -
987 3534 1096 3598 insonis]
1117 3535 1215 3585 «nimis
1232 3536 1365 3598 magum.»

281 3619 335 3672 que
352 3605 451 3656 esset·
476 3604 530 3654 cic.
544 3602 613 3654 Lael.
626 3606 654 3666 o,
674 3607 717 3657 t8:
736 3609 806 3658 Νικι-
841 3611 902 3660 Acn.
918 3635 945 3645 -
957 3608 1072 3672 decinis]
1083 3620 1135 3658 vox
1146 3621 1207 3659 rara
1224 3612 1250 3659 et
1261 3611 1366 3673 poetica

281 3695 360 3746 qoam
376 3693 421 3744 epo
439 3678 522 3729 &om
539 3678 737 3744 amatura,
757 3684 804 3733 lt!
842 3684 921 3747 (Virg.
939 3685 1005 3734 Aen.
1028 3684 1073 3744 to,
1097 3683 1176 3746 835.),
1200 3684 1311 3734 formate
1337 3686 1368 3735 nt

281 3758 400 3818 amum,
421 3756 456 3805 rt.
475 3755 674 3818 conmeantum,
693 3771 807 3820 qoosro-
841 3758 952 3819 tmuno,
977 3758 1091 3819 reclinis,
1118 3771 1200 3822 saepe
1226 3757 1367 3809 conlundi-

279 3835 374 3898 pieutes
383 3830 463 3881 nostri
472 3831 581 3883 maiores
596 3831 753 3895 iudicabunt,
772 3835 807 3885 od
842 3835 885 3884 tur
896 3843 958 3882 cum
969 3846 995 3883 v.
1005 3833 1119 3892 accitum
1133 3833 1160 3882 h.
1170 3831 1187 3882 l.
1199 3833 1300 3898 tropice
1313 3833 1368 3884 «in-

281 3909 514 3958 istorttmoormom
528 3905 743 3968 [ιιίιωεαρίοηωε.
764 3907 807 3959 ΑΙ-
842 3905 966 3968 dinatus,
992 3919 1143 3971 propensus
1160 3906 1194 3958 ad
1215 3905 1279 3957 laisa
1302 3919 1368 3971 pro-

283 3983 341 4030 tera
357 3977 435 4030 lectio
455 3979 582 4040 wenni,
609 3981 659 4030 etsi
679 3981 707 4032 in
728 3981 805 4034 bonis
842 3981 956 4033 banda·
993 3980 1082 4032 Verbo
1110 3994 1218 4046 quoque
1241 3981 1368 4034 occinere

283 4054 367 4106 Codd.
385 4055 530 4118 reperitur,
557 4055 671 4120 antiquis
687 4069 751 4108 sane
768 4059 806 4108 n'·
843 4058 1024 4122 metaphorice
1041 4069 1106 4108 usus
1123 4059 1165 4107 est
1176 4057 1264 4109 Livius
1274 4055 1305 4119 l,
1322 4057 1365 4110 ti.

283 4140 344 4179 sum
369 4128 504 4179 movisset.
524 4153 552 4164 -
576 4129 684 4195 sapien]
710 4129 805 4182 Similis
874 4132 916 4181 7-
928 4131 968 4181 te.
992 4131 1039 4195 iiie]
1058 4131 1099 4181 «iu
1117 4129 1237 4182 lunuliari
1253 4131 1367 4183 hoenc-

283 4201 417 4252 rusticano
438 4201 500 4252 huic
521 4205 634 4268 sepienti
654 4204 702 4255 tuit
724 4207 804 4257 ettam
842 4207 898 4255 stro
923 4203 1036 4266 circulo,
1063 4207 1090 4256 et
1110 4205 1220 4270 quidem
1241 4207 1304 4256 ante
1326 4207 1367 4256 ei-

283 4275 359 4337 ilyso
375 4273 417 4326 ille
435 4273 596 4340 chonensis,
623 4291 705 4342 quern
721 4291 805 4331 unum
841 4280 891 4332 bos
917 4281 1077 4345 appositos·
1099 4307 1126 4320 -
1147 4281 1279 4346 toiprmi]
1305 4293 1367 4333 «so-
