3174 4974
574 483 638 535 nie.
658 486 676 533 1.
712 483 810 536 amsa
828 485 892 534 xix.
1222 486 1284 549 577

241 637 376 704 Ostendi
399 637 501 714 Latio,
526 657 678 706 numeros
705 637 895 727 animosque
918 651 1049 708 secutus

239 757 435 834 Archilochi,
459 779 523 823 non
546 779 598 826 res
621 771 653 826 ct
674 762 800 847 agentia
823 761 921 828 verbe
944 763 1137 852 Lycamben.
1242 765 1282 828 25

240 881 285 945 Ac
307 899 348 944 ne
370 899 422 944 me
444 877 526 944 soliis
549 878 623 946 ideo
646 879 849 946 brevioribus
876 901 985 958 ornes,

241 999 336 1077 Quod
357 999 447 1063 timui
470 1009 594 1066 mutare
616 1001 730 1066 modos
752 1013 785 1066 et
806 1002 957 1068 carminis
982 1013 1098 1070 artem:

241 1121 410 1205 Temperat
431 1118 610 1186 Archilochi
633 1121 755 1205 hiusam
778 1121 863 1208 pede
885 1123 1028 1190 mascula
1050 1125 1195 1212 Sappho,

200 1433 242 1480 tus
260 1429 284 1490 l,
303 1429 343 1479 ta.
371 1427 508 1480 Cornelius
526 1433 615 1480 numm
633 1433 722 1496 Nepos
760 1435 863 1492 autem,
891 1435 940 1484 etsi
971 1435 1050 1498 negat
1078 1435 1209 1496 Dilatum,
1241 1437 1283 1487 hic

200 1505 251 1566 (ap.
270 1500 381 1552 Gellium
394 1504 433 1564 47,
452 1504 494 1564 it,
512 1503 546 1566 8,)
569 1517 632 1555 eum
649 1503 722 1554 Tullo
761 1508 943 1558 Maecenatem
964 1507 1118 1571 alloquitur,
1142 1511 1176 1560 ita
1194 1513 1284 1561 mmen

200 1575 557 1640 Hostilioliomaeregnante
571 1579 723 1641 (annish'iti-
760 1583 789 1630 ut
814 1582 900 1644 quivis
926 1579 1010 1631 lector
1035 1582 1084 1632 sihi
1108 1597 1216 1646 quoque
1233 1586 1285 1634 hoc

199 1649 266 1713 eiu.)
284 1650 366 1700 luisse
382 1651 513 1714 poematis
525 1650 625 1702 clarum
638 1655 666 1702 et
678 1665 724 1702 no-
760 1653 813 1703 dicl
830 1653 905 1705 laclia
924 1655 1058 1719 intelligat.

199 1721 281 1774 hilam
305 1723 392 1773 tradit.
427 1723 466 1773 Ad
485 1723 589 1775 [tomuli
606 1728 723 1777 aetatem
793 1729 887 1778 2829.
912 1730 1041 1792 laomor-at
1057 1733 1120 1792 cet]
1149 1731 1205 1782 Noli
1223 1745 1285 1783 con·

200 1809 261 1848 eum
279 1797 361 1847 refert
378 1797 471 1848 Cicero
486 1799 563 1848 Tusc.
578 1801 602 1858 i,
616 1802 639 1860 t,
653 1800 677 1850 3.
693 1827 720 1837 -
760 1804 864 1852 struere
881 1815 943 1852 cum
961 1802 1035 1854 aliis:
1056 1805 1156 1866 Sappho
1172 1807 1286 1857 mascula

198 1886 250 1922 noo
264 1883 305 1922 rer
317 1871 379 1935 cah]
397 1873 569 1935 «neutiquam
580 1887 645 1924 vero
657 1875 723 1925 sim·
760 1881 882 1937 iamper-at
902 1877 967 1938 pacta
989 1879 1055 1940 (suo)
1076 1879 1177 1928 liuram
1195 1881 1285 1930 Archi-

199 1945 302 2012 pliciter
318 1948 344 1996 in
361 1948 483 1997 Latinum
500 1949 619 1998 converti
629 1949 723 1998 Archi·
760 1951 839 2008 tachi;
856 1951 919 2001 sed:
947 1951 1049 2013 Sappho
1065 1953 1180 2003 mascula
1195 1959 1285 2017 iunipe-

199 2021 269 2072 loehi
303 2023 330 2071 in
354 2022 494 2082 Lycambeo
519 2023 631 2086 eiusque
658 2021 723 2073 lilius
760 2029 803 2073 rat
826 2025 927 2074 Maiam
952 2026 1046 2088 (suam)
1069 2027 1132 2088 peric
1147 2027 1286 2079 Archilochi

200 2095 331 2147 iambos.»
351 2097 382 2144 V.
397 2095 431 2146 ad
443 2096 525 2160 Epod.
540 2096 564 2156 6,
578 2097 618 2146 ti.
645 2097 721 2148 ovid.
761 2100 853 2162 sicque
866 2099 946 2149 eham
957 2104 1079 2161 inoperta
1086 2100 1199 2164 Alcaeus,
1212 2103 1286 2154 idem

198 2169 237 2220 lb.
253 2169 298 2220 53:
318 2171 345 2219 ia
361 2175 384 2220 te
399 2171 461 2218 mihi
477 2170 539 2220 tiber
554 2169 652 2220 iambus
670 2171 725 2220 Tio·
761 2171 823 2222 lacit
834 2173 953 2235 poetriae
965 2172 1084 2236 aequalis
1096 2173 1216 2226 Alcaeus.
1235 2179 1286 2226 Par

199 2249 241 2294 cta
251 2244 388 2305 charubao
404 2245 528 2306 sanquine
541 2245 591 2294 teia
601 2244 678 2296 acha.
693 2269 721 2280 -
760 2245 813 2295 hoc
825 2245 913 2296 nobile
926 2245 1045 2297 relerunt
1056 2247 1284 2314 nuucad01ymp.

199 2319 310 2382 aperitio]
336 2318 492 2380 «agitantia,
516 2319 721 2381 persequentia3
761 2318 801 2378 li,
814 2321 839 2368 2.
854 2319 919 2382 (tili.
933 2333 957 2370 a.
972 2320 1045 2384 Chr.)
1063 2322 1191 2386 usappho
1203 2325 1231 2372 et
1241 2323 1286 2374 Al-

198 2407 268 2456 quae
295 2406 358 2444 eum
380 2393 413 2442 ad
432 2392 607 2456 suspendium
623 2393 724 2456 adege-
761 2405 879 2454 cneus,»
905 2393 1004 2456 inquit,
1031 2395 1211 2446 «carminibus
1231 2399 1286 2448 suis

199 2471 287 2518 runt.»
305 2469 410 2518 Terent.
425 2467 473 2517 Ad.
487 2467 512 2530 ³,
524 2468 550 2527 2,
562 2469 608 2517 il:
627 2469 725 2520 &teror
761 2469 827 2518 scite
845 2469 1051 2519 immiscuerunt
1075 2482 1202 2522 numeros
1224 2467 1286 2542 (ῥυ-

199 2555 312 2604 rucrcat,
330 2553 468 2605 operam,
486 2554 615 2603 raperer,
634 2543 723 2593 tanae
760 2538 866 2607 θμούς)
892 2544 1008 2592 etruria
1025 2555 1154 2595 vemuum
1171 2557 1284 2608 genera,

199 2631 266 2677 ram,
275 2623 467 2679 prasiana-em.
486 2615 569 2679 Epcd.
581 2618 606 2676 5,
617 2617 660 2666 tte:
679 2619 725 2666 Di-
761 2617 859 2680 quibus
876 2615 1050 2668 Archilochus
1069 2619 1106 2680 (ut
1117 2618 1159 2669 vel
1177 2633 1210 2670 ex
1228 2623 1285 2672 eius

199 2692 385 2756 ricaparuooa.
402 2715 429 2726 -
442 2689 598 2752 Achelvid.
612 2690 721 2754 adEpp.
761 2689 879 2753 reliquiis
904 2691 1020 2752 constal)
1049 2696 1157 2754 praeter
1181 2694 1285 2745 iambos

200 2766 224 2826 l,
239 2767 262 2826 l,
276 2765 317 2814 te.
333 2791 360 2802 -
372 2763 548 2828 foliis-orares]
562 2763 611 2814 od.
624 2763 649 2824 l,
663 2764 687 2823 3,
698 2765 722 2812 6:
762 2775 827 2813 usus
845 2765 887 2814 est
903 2763 965 2826 (vid.
977 2763 1144 2826 Bentleium),
1163 2766 1212 2816 sed
1229 2768 1288 2818 dis-

199 2839 279 2890 Dciiia
295 2840 419 2888 malcan
432 2838 501 2900 sotiis
514 2839 609 2888 dacem.
625 2863 653 2873 -
672 2838 725 2886 hre-
763 2851 841 2902 pares
853 2839 915 2888 sunt
933 2835 968 2888 illi
985 2837 1072 2898 noa,
1091 2851 1135 2899 co,
1152 2840 1286 2902 quodalia

199 2909 725 2977 aenha1·min0rious;tnon,utaht
762 2913 919 2974 argumenta
948 2913 1107 2974 mactarunt,
1146 2917 1174 2963 et
1201 2917 1288 2966 ardiae

200 2985 304 3047 volunt,
324 2999 401 3036 «mox
413 2984 666 3045 flaccescentibus,»
684 2987 724 3034 et·
762 2997 890 3034 versuum
901 2985 936 3035 ab
944 2984 1102 3036 Archilocho
1111 2988 1286 3052 inventorum,

200 3063 222 3112 si
248 3063 371 3112 novimus
396 3061 469 3110 brace
492 3061 589 3122 littam,
620 3059 725 3108 nimium
762 3059 910 3124 exquibus
927 3060 1014 3110 Lesbii
1041 3064 1135 3124 poetae
1154 3077 1286 3118 unacum

199 3137 284 3186 haias
306 3137 381 3200 storea
404 3147 486 3185 rosae.
524 3135 617 3196 Neque
636 3131 726 3182 afferri
762 3135 793 3184 iis
819 3146 993 3184 numerorum
1011 3147 1043 3182 ec
1059 3147 1186 3186 vemuum
1204 3151 1287 3200 gene-

200 3209 318 3260 dchebat
338 3208 435 3272 Virgilii
457 3213 529 3258 torua
545 3219 641 3257 aarum
658 3209 722 3256 Aen.
762 3209 850 3270 ribus,
869 3221 939 3271 quae
956 3209 1007 3272 ipsi
1023 3209 1197 3272 invenerunt,
1216 3217 1287 3263 stro-

199 3287 224 3346 e,
243 3284 299 3334 teo.
319 3287 348 3334 et
364 3285 410 3334 Ge.
430 3283 455 3343 3,
473 3284 520 3332 ei:
547 3286 725 3343 capatioruao
762 3284 830 3347 phas
855 3295 918 3332 suas
945 3286 1164 3346 composuerunt.
1199 3287 1285 3348 Atque

198 3357 475 3420 [psammathiae.
494 3355 638 3406 ltecteiam
647 3356 725 3405 Com·
762 3359 872 3421 propter
889 3357 941 3406 hoc
958 3357 1087 3418 maxime,
1106 3357 1177 3420 quod
1193 3357 1243 3408 alia
1260 3363 1288 3409 et

200 3433 333 3482 mentator
349 3432 473 3495 Cruquii:
501 3443 550 3480 «ue
563 3431 665 3481 minore
677 3443 726 3480 co-
763 3445 831 3480 nova
848 3433 1004 3494 argirmcntu
1016 3429 1066 3481 sibi
1081 3436 1286 3494 proposuerunt,

199 3519 266 3556 rona
284 3519 328 3556 me
345 3506 497 3566 decorem»
518 3509 546 3556 et
561 3505 722 3569 porphyrio:
763 3505 878 3556 eandem
907 3503 1015 3555 laudem
1045 3508 1183 3555 merentur
1207 3510 1287 3570 atque

200 3593 254 3631 «ue
272 3593 317 3630 me
334 3581 440 3645 parcius
457 3579 564 3640 laudea,
587 3582 724 3642 umquam
762 3577 948 3638 Archilochus,
973 3581 1053 3630 totius
1070 3581 1174 3642 generis
1193 3581 1287 3630 iuven-

200 3656 226 3706 in
251 3655 344 3705 metris
369 3653 432 3704 nihil
454 3655 582 3704 innovare
602 3667 723 3704 ausum.»
761 3656 830 3703 tor.»
845 3681 872 3689 —
882 3653 953 3716 peda]
972 3655 1133 3703 inumeris.»
1152 3653 1285 3713 caudi,

200 3732 254 3780 «Ne
272 3733 315 3790 tu,
342 3730 516 3790 Maecenas,-
542 3731 640 3793 iuquit,
663 3728 724 3778 «ld—
762 3731 787 3790 6,
800 3728 845 3778 35:
864 3729 978 3778 wara
987 3733 1085 3777 seruata
1097 3728 1193 3789 podem.
1213 3729 1243 3776 A.
1256 3729 1284 3777 P.

199 3803 272 3852 circo
290 3805 421 3854 minorem
432 3801 541 3853 laudem
552 3803 616 3852 mihi
627 3803 726 3866 imper·
761 3805 807 3853 79:
832 3803 1006 3853 Archilochum
1018 3803 1125 3864 proprio
1140 3801 1224 3851 rahier
1239 3816 1286 3851 or-

199 3876 262 3936 tias,
287 3877 360 3941 quod
380 3878 451 3929 uolui
469 3889 631 3940 componere
654 3887 723 3924 nova
760 3878 840 3926 mavit
855 3877 955 3928 iambo:
975 3878 1048 3926 Hunc
1063 3875 1127 3924 socci
1144 3887 1229 3936 cepere
1242 3889 1286 3937 pc·

184 3953 284 4000 metra
302 3955 329 4002 et
340 3953 460 4001 iuvenire
471 3964 556 4014 genus
568 3950 657 4013 poesis
668 3961 725 3998 me·
761 3952 817 3999 aaa
834 3952 950 4012 (versum
968 3951 1111 4012 senonum)
1129 3950 1285 4013 mundaque

198 4022 264 4074 licae
290 4038 305 4074 a
331 4029 432 4076 Graeca
458 4036 568 4090 prorsus
586 4023 723 4072 diversum
760 4024 883 4073 cothami.
897 4053 925 4061 -
937 4025 1051 4074 marcata
1062 4022 1172 4086 Sappho]
1189 4036 1282 4085 «quae,

198 4099 268 4162 (quia
288 4100 373 4163 probe
396 4111 599 4164 perspexeram,
626 4095 722 4146 eudem
760 4109 924 4160 quamquam
945 4097 1053 4156 mulier,
1080 4099 1169 4147 temen
1188 4099 1284 4160 ingenii

197 4173 301 4232 metra,
330 4173 428 4237 quihus
456 4172 547 4222 Graeci
576 4171 616 4221 uri
644 4172 721 4233 sunt,
759 4171 860 4222 uiribus
878 4183 910 4220 ac
932 4171 1021 4220 lurore
1038 4183 1102 4220 vere
1119 4172 1223 4235 poetico
1240 4170 1283 4220 vel

197 4247 332 4312 aptissima
344 4261 405 4298 esse
418 4249 524 4298 Latinae
535 4258 643 4310 quoque
655 4249 723 4310 poe·
758 4246 1001 4311 praestantissimos
1018 4247 1110 4309 poetas
1127 4247 1281 4309 aequantia

197 4321 238 4383 sil,
252 4322 319 4372 scito
330 4323 501 4386 temperare»
514 4323 565 4372 cet.
585 4320 722 4372 llanilesto
758 4321 798 4371 aia
817 4319 1073 4386 miaaihh-lrrtiiiipc.
1109 4319 1166 4370 Noli
1191 4321 1280 4369 autem

284 4413 375 4460 haur.
392 4425 445 4460 von.
463 4414 489 4459 ll.
520 4425 558 4459 ro.
575 4425 625 4460 aar.
643 4413 679 4458 lli.
1067 4411 1094 4458 ³7
