3130 4966
596 447 655 498 Llll.
676 447 693 496 l.
730 448 797 498 Sbl'.
817 449 858 498 lll.

186 605 266 672 Huic
290 625 389 693 pareo
412 603 525 691 paucis
548 613 713 683 contento,
738 605 882 693 quinque
907 603 1024 672 diebus

182 727 230 794 Nil
256 737 327 794 erat
349 727 382 791 in
403 725 526 794 loculis.
571 728 688 794 Noctes
709 725 861 814 vigilabat
883 725 924 792 ed
948 728 1054 815 ipsum

184 851 292 928 blane,
316 848 404 916 diem
426 857 527 916 totum
549 846 719 928 stertebat;
742 847 785 914 nil
808 847 866 914 luit
886 869 1031 937 unquam

185 971 236 1038 Sic
259 971 364 1058 impar
384 969 457 1036 sibi.
479 1007 523 1020 -
543 971 634 1036 Nunc
656 969 773 1058 aliquis
795 969 882 1038 dicat
903 969 997 1036 mibi:
1021 972 1107 1053 Quid
1130 973 1188 1039 tu?

184 1091 318 1159 Nullane
339 1091 442 1160 babes
464 1091 563 1159 vitia?
585 1093 685 1158 lmmo
707 1089 770 1157 alia
792 1101 824 1159 et
845 1091 981 1160 lortesse
1003 1093 1137 1160 minore.
1230 1096 1272 1161 244

187 1215 329 1282 llaenius
351 1213 519 1282 absentem
541 1213 678 1280 Novium
700 1234 774 1281 cum
797 1225 958 1302 carperet,
982 1216 1072 1283 Heus
1094 1227 1145 1292 tu,

248 1369 290 1417 20.
309 1371 332 1418 et
347 1367 454 1430 fortusse
469 1365 569 1430 bScdp‚
588 1367 704 1416 Poltierii
721 1377 831 1428 omnes,
850 1368 882 1430 b,
901 1366 985 1418 Bentl.
1005 1370 1032 1418 64
1049 1370 1113 1431 Feo,
1132 1370 1223 1420 itemJ
1232 1385 1237 1418 :

215 1441 283 1490 baud
298 1443 406 1504 sortasse
422 1441 490 1491 Fene
507 1453 577 1490 unus
595 1441 642 1490 Ch.
661 1442 690 1491 B.
709 1454 724 1490 a
741 1454 797 1492 sec.
811 1455 859 1504 m..
879 1443 945 1495 Ctltl.
965 1444 1074 1506 (Excidit
1092 1459 1106 1496 e
1125 1445 1190 1496 Cod.
1209 1447 1238 1496 Β.

216 1529 241 1564 v.
259 1515 311 1578 20.)
332 1542 360 1552 -·
378 1515 419 1564 st.
437 1516 552 1566 44666466
576 1527 606 1578 p,
632 1515 697 1566 lehn
715 1517 741 1566 in
764 1516 883 1580 Aduotl„
900 1519 999 1570 Meuius
1020 1533 1060 1584 pr.
1086 1521 1117 1582 d,
1144 1521 1241 1572 Mevius

217 1603 286 1640 corr.
308 1590 338 1650 d,
363 1591 466 1641 44644466
487 1591 511 1640 J.
536 1591 639 1640 Becker
662 1590 705 1640 lib.
724 1591 789 1642 4466.
813 1593 845 1642 N.
869 1593 898 1644 F.
916 1593 947 1643 V.
966 1607 992 1658 p.
1012 1594 1068 1645 sio.
1113 1597 1238 1659 (lituos,

217 1663 311 1726 absc.)
331 1692 358 1700 -
377 1664 442 1730 6666]
460 1665 520 1715 deun
537 1665 564 1715 d.

184 1785 224 1835 84.
234 1785 349 1850 (piam
359 1787 458 1836 4664666
468 1785 577 1837 llartial
589 1785 629 1848 44,
641 1785 708 1847 tia,
746 1785 928 1848 bossentlicb
943 1788 1023 1838 well
1037 1789 1197 1840 44646666.»
1213 1789 1273 1840 Exl-

181 1861 287 1924 piopues
316 1861 432 1912 46664666
458 1863 550 1911 iuven.
574 1861 604 1921 9,
633 1861 708 1923 est,
747 1873 827 1923 guum
843 1859 886 1910 vel
903 1862 990 1925 potius
1008 1861 1107 1914 nullam
1128 1863 1272 1914 auctorita·

184 1935 277 1984 birtom
294 1936 392 1986 Lucan.
410 1937 441 1994 4,
460 1935 517 1986 386.
543 1933 649 1995 Quintil.
663 1937 707 1998 44,
746 1935 802 1984 lem
819 1947 835 1984 a
854 1933 938 1986 Codd.
956 1934 1038 2000 (velut
1054 1950 1107 1987 uno
1125 1937 1189 1988 Cod.
1203 1939 1272 1990 Fene

184 2008 273 2070 40,4’4.
283 2009 562 2076 succensuisset,
575 2009 708 2073 plebeiam
746 2021 839 2058 6666.
862 2009 954 2072 menn)
980 2009 1062 2062 babet
1086 2009 1168 2062 alteru
1192 2011 1272 2064 lectio

183 2082 357 2134 scudem,-
371 2085 458 2134 Decies
468 2084 580 2149 centeno]
593 2083 664 2134 milia
676 2086 706 2135 H.
745 2083 814 2132 baad
837 2083 945 2146 46646666
968 2086 1085 2146 minuo,
1113 2087 1139 2136 in
1166 2100 1219 2150 qua
1245 2089 1273 2138 et

183 2159 209 2206 S.
238 2157 354 2221 (lloren.
382 2159 464 2210 llben.
489 2160 594 2209 circiter
617 2161 707 2210 950440.
746 2157 853 2221 languet
868 2159 974 2222 [6646666
985 2163 1013 2210 64
1023 2162 1132 2212 omniuo
1147 2162 1271 2214 Horatius

185 2235 275 2283 Frena.
290 2232 354 2283 Gall.
367 2235 484 2296 200000.)
505 2235 552 2285 Est
564 2237 638 2298 quiesi
650 2248 710 2300 pro-
745 2246 809 2284 reus
837 2233 867 2283 lit
899 2233 981 2285 lalsae
1010 2234 1078 2286 illius
1106 2236 1270 2296 modestiae.

182 2306 315 2368 verbinm,
329 2309 358 2357 ut
368 2307 507 2358 nobiseioe
517 2309 623 2360 llillioo.
642 2311 710 2362 llar-
745 2321 816 2372 queo
833 2306 911 2370 longe
929 2309 1036 2372 saepius
1048 2309 1119 2374 apud
1131 2324 1180 2362 nos
1193 2325 1271 2375 repe-

183 2380 236 2431 tiel.
250 2382 281 2442 4,
301 2381 363 2432 tol:
390 2383 418 2432 Si
435 2383 648 2446 emancupare·
664 2385 708 2434 cta-
745 2383 1269 2446 riturquamcpudentiquosantetem-

182 2457 231 2506 cies
251 2454 313 2505 miti
332 2456 405 2506 milio
425 2462 532 2508 centum.
554 2485 581 2494 -
600 2460 709 2520 quinqua
744 2470 811 2522 pora
828 2456 925 2508 Tiberii
943 2459 1055 2522 eiusque
1071 2473 1269 2522 successorum,

182 2529 274 2592 666466]
286 2531 393 2593 paucis;
409 2533 439 2582 ut
449 2545 499 2582 666
510 2532 624 2583 dicimus
635 2535 706 2582 octo.
745 2531 792 2582 nbi
808 2545 858 2596 pro
875 2546 920 2596 epo
937 2532 1028 2583 dicere
1051 2537 1198 2597 coeperunt
1211 2548 1269 2586 uuo

185 2605 269 2654 -Sic
285 2605 441 2668 imperetis]
458 2607 559 2658 Seneca
576 2609 624 2672 Ep.
644 2608 706 2658 iso:
740 2608 866 2669 potuitoo.
897 2607 962 2672 (Vol.
987 2609 1054 2660 blan.
1080 2609 1174 2671 Praei.)
1194 2609 1270 2660 llund

182 2679 625 2744 qsckmbancdescribitllorotiue,
643 2697 709 2732 666-
745 2682 820 2732 Turs.
839 2682 882 2731 lll.
901 2695 928 2746 p.
947 2682 993 2732 ³5:
1022 2683 1086 2742 «Qui
1103 2683 1172 2732 baud
1191 2695 1272 2747 prae-

181 2768 260 2816 quam
281 2757 399 2818 moen,
425 2769 457 2807 oe
478 2758 584 2807 66644666
609 2757 708 2820 quidm
745 2755 923 2817 lerunt‚·non
940 2757 1159 2808 animadvertisse
1177 2759 1272 2809 viden-

180 2829 241 2888 6446,-
258 2831 321 2880 odeo
336 2831 365 2880 ic
381 2832 481 2882 diseno
496 2833 608 2882 oberrat.
745 2833 803 2892 tur,
829 2831 899 2881 baud
924 2845 978 2882 non
1002 2833 1076 2882 recte
1093 2833 1156 2896 poni
1179 2834 1206 2883 in
1223 2847 1269 2894 eo,

214 2905 304 2956 so-si.
330 2906 417 2972 lmmo]
435 2907 461 2958 b.
478 2906 495 2957 l.
513 2912 555 2958 est
572 2909 642 2970 eius,
661 2909 707 2972 qui
745 2919 827 2970 quem
839 2904 950 2967 obtinet,
964 2904 1036 2967 loeo,
1050 2920 1138 2970 neque
1150 2919 1270 2970 unquam

182 2981 294 3030 miretur
316 2980 430 3032 alterum
447 2982 482 3033 de
498 2996 529 3034 ro
547 2995 616 3047 quoe
634 2985 707 3033 certa
745 2981 868 3044 coniungi
880 2993 960 3046 posse
971 2983 1187 3046 cumusortosse.
1204 2983 1272 3032 Cum

181 3057 217 3106 sit
233 3068 375 3120 quaerere.
395 3083 424 3094 —-
436 3063 460 3108 ct
474 3058 582 3121 sortasse
596 3059 706 3120 6646666]
743 3056 812 3105 baud
832 3054 971 3116 scribitur,
998 3056 1094 3106 deesse
1113 3055 1213 3119 aliquid
1229 3057 1271 3106 vi-

182 3131 314 3192 64466666,
341 3132 448 3195 opinor,
475 3132 557 3183 Aldus
576 3134 708 3184 Munatius
744 3130 831 3180 detur.
868 3128 934 3179 Nihil
947 3129 1036 3190 deest,
1056 3143 1107 3180 nec
1124 3129 1271 3192 quidquem

181 3205 319 3256 sincerum
339 3219 388 3257 vas
410 3207 559 3258 incrustare
581 3205 664 3258 voluit
681 3211 709 3259 et
744 3203 892 3269 improbari
917 3205 1007 3268 potest
1032 3205 1058 3255 in
1083 3205 1134 3254 hnc
1160 3204 1270 3268 quidem

182 3279 303 3343 reposuit
318 3281 388 3332 baud
403 3281 517 3340 mioorm
536 3282 708 3345 6666644646-
745 3280 889 3331 sententia:
919 3280 991 3339 Quae
1021 3291 1071 3342 ego
1099 3291 1143 3330 me
1168 3277 1270 3329 habere

181 3365 247 3417 ceps
269 3353 392 3418 plerique
414 3368 509 3406 omnes
529 3356 641 3406 nimium
658 3371 709 3420 po·
745 3353 910 3416 concedam,
930 3352 1071 3404 aliussunt
1087 3354 1272 3418 6644663666-

181 3429 280 3478 tienter
304 3431 390 3480 secuti
417 3433 488 3480 sunt.
524 3431 592 3490 Quid
618 3432 708 3482 enimi
745 3430 795 3489 ris,
815 3431 854 3490 64,
879 3431 909 3479 64
926 3429 1035 3493 opinor,
1058 3429 1139 3480 etiam
1156 3429 1269 3480 minore.

181 3515 217 3552 en
238 3502 366 3554 credibile
389 3506 430 3556 est
449 3505 501 3555 boc
523 3505 624 3555 iussum
648 3519 708 3557 esse
744 3505 822 3554 launo
843 3503 897 3554 alin
919 3503 990 3554 enim
1016 3503 1160 3568 significat:
1188 3505 1271 3556 immo

181 3577 341 3628 llorelium‘t
364 3591 414 3628 sun
438 3579 500 3630 vitia
526 3591 579 3630 non
604 3579 708 3631 minora
745 3578 834 3630 habeo
860 3579 936 3640 vitia,
966 3578 1017 3630 sed
1044 3577 1125 3630 aba.»
1164 3580 1269 3630 comm.

182 3663 243 3703 esse
272 3650 339 3712 illis,
371 3665 441 3716 quae
469 3655 496 3704 in
524 3652 631 3717 Tigellio
652 3657 708 3706 tam
747 3654 839 3716 crau:
859 3652 1066 3704 «Confiteorme
1084 3652 1270 3714 beberevitia,

181 3725 282 3777 acerbe
300 3727 453 3777 notaverat!
477 3755 493 3766 -
509 3755 524 3768 -
540 3730 626 3780 Immo
643 3741 708 3779 vero
745 3727 796 3779 sed
812 3728 926 3779 fortasse
938 3729 1068 3779 minore.»
1097 3728 1163 3778 ilino
1173 3727 1271 3779 Banie-

181 3799 233 3852 eibi
262 3801 402 3852 mediocria
428 3803 531 3853 tantum
557 3804 622 3853 vitia
648 3815 708 3854 6666
745 3815 792 3852 rus
816 3805 843 3853 et
859 3803 940 3854 Voss:
966 3807 995 3852 at
1014 3802 1130 3865 46646666.
1151 3827 1179 3838 -
1198 3803 1272 3852 llae-

182 3873 246 3925 elibi
263 3873 403 3938 gloriatur,
429 3888 483 3927 non
506 3875 653 3941 Tigellicnis
670 3877 709 3927 si·
744 3876 877 3941 64661664.
891 3878 917 3938 4,
931 3877 958 3936 4,
972 3875 1029 3926 llll.
1046 3902 1074 3912 -·
1085 3875 1202 3938 Nouium]
1221 3877 1271 3928 bo-

182 3947 267 4008 milia.
292 3949 346 4000 set.
365 3951 395 4010 4,
418 3949 449 4012 4,
467 3951 525 4001 436.
555 3952 585 4013 6,
604 3951 645 4002 66.
663 3977 678 3988 -
694 3977 709 3988 -
746 3951 847 4002 minem
864 3951 991 4014 ignotum.
1026 3951 1141 4002 Nouium
1165 3951 1272 4003 lenere-

183 4023 294 4073 Summo
309 4023 447 4074 urbanitas
459 4027 501 4077 664
516 4026 581 4076 inu.
592 4025 707 4090 46646666
746 4027 833 4076 torem
857 4025 940 4088 tangit
965 4025 1017 4075 sat.
1046 4026 1073 4088 4,
1099 4025 1129 4088 6,
1157 4026 1214 4076 lit.
1241 4053 1269 4062 -

183 4097 261 4162 quasi
272 4110 326 4148 non
338 4100 504 4161 pugnaturus
515 4100 595 4162 lorel,
614 4101 708 4164 siquis
745 4101 897 4152 Sententiae
909 4099 948 4150 sic
959 4099 1105 4151 cohaerent
1117 4113 1179 4150 oum
1190 4113 1271 4164 prae·

182 4169 226 4222 uel
243 4171 364 4236 aequalia
377 4185 438 4224 esse
449 4173 578 4226 diceret.»
602 4175 707 4236 66666,
746 4173 836 4224 cedd:
856 4175 957 4236 «Atque
974 4173 1027 4224 boc
1043 4187 1092 4238 pro
1110 4175 1185 4226 corto
1202 4173 1271 4226 alliu

185 4257 303 4310 quocum
314 4246 363 4298 elr.
378 4247 407 4298 C.
418 4249 523 4302 Pessou
534 4249 710 4300 etllitscher-
746 4261 822 4300 mare
844 4259 956 4312 possum
977 4260 1021 4298 me
1043 4249 1097 4300 lam
1116 4246 1227 4300 stultum
1244 4251 1272 4298 et

184 4317 290 4372 licia-lu
314 4321 422 4373 liccem.
441 4323 483 4372 lil.
525 4323 606 4374 «dod
631 4323 710 4374 doct
745 4321 900 4387 improbum
917 4335 970 4374 666
990 4335 1066 4385 6666,
1093 4333 1176 4386 quem
1197 4323 1270 4375 llae-
