3192 4974
654 447 712 498 hili.
733 449 751 498 Ι.
787 449 888 499 salsi.
908 450 927 499 1.

291 609 324 674 Si
347 607 467 695 possis
492 617 593 682 recte,
617 606 644 672 si
667 626 746 684 non,
771 626 967 694 quocunque
989 607 1087 675 modo
1110 627 1193 678 rem.

291 731 331 798 Ut
352 728 487 817 propius
509 737 638 816 spectes
661 726 832 796 lacrimosa
853 735 1004 816 poemata
1025 729 1122 817 Pupi,

290 855 338 918 An
360 851 417 939 qui
438 851 599 918 Fortunae
621 859 653 917 te
677 870 873 938 responsare
895 850 1057 939 superbae

291 973 444 1040 Liberum
465 981 498 1038 et
520 981 665 1040 erectum
688 991 845 1060 praesens
866 971 1011 1040 bortatur
1032 981 1065 1040 et
1086 975 1197 1062 aptat?

292 1094 417 1175 Quodsi
440 1114 493 1162 me
515 1093 656 1182 populus
678 1095 841 1162 llomauus
862 1094 943 1163 torte
965 1103 1070 1183 roget,
1095 1116 1154 1163 cnr
1296 1099 1337 1163 to

292 1219 378 1294 Non,
402 1227 438 1282 ut
457 1215 653 1304 porticibuS,
676 1215 724 1284 sic
737 1215 874 1284 iudiciis
895 1216 984 1282 fruar
1005 1215 1124 1295 isdem,

315 1359 356 1410 67.
373 1359 454 1422 Puppi
470 1357 559 1422 c,th,
577 1356 651 1423 {Piapi
666 1359 694 1420 S,
711 1355 768 1426 βγκ
788 1359 816 1410 et
831 1371 873 1423 pr.
891 1357 931 1423 (l.)
949 1387 977 1396 -
997 1358 1039 1410 68.
1059 1359 1162 1422 amobe
1187 1358 1304 1412 malebat

287 1431 441 1484 Lambinus.
461 1459 489 1470 -
507 1433 548 1484 69.
567 1437 638 1498 optat
654 1435 693 1485 Lt.
714 1461 741 1470 -
759 1433 801 1484 rt.
818 1437 847 1484 ct
863 1445 998 1499 superscr.
1016 1431 1074 1484 «vel
1090 1435 1132 1484 tn·
1150 1436 1176 1485 s.

250 1557 276 1606 in
293 1555 430 1606 orchestra
447 1554 518 1605 inter
528 1556 680 1617 senatores,
699 1553 775 1606 labu-
806 1567 957 1618 pareamus,
979 1560 1008 1605 ot
1022 1554 1141 1620 fortunae
1156 1557 1336 1608 conlocucitcr

249 1631 288 1682 las
304 1633 438 1695 spectes.»
466 1655 495 1666 -
521 1643 668 1692 quoccnqm
690 1631 773 1699 modo]
809 1631 963 1680 mbtcmic.
982 1655 1012 1668 -
1030 1630 1160 1697 canebas]
1177 1630 1273 1684 salust.
1288 1631 1337 1682 Ce-

250 1707 351 1756 Seneca
374 1704 457 1770 Epist.
478 1705 542 1755 tlh:
567 1705 625 1755 Noc
649 1717 729 1768 quare
752 1709 775 1754 ct
811 1702 907 1755 tillit:
927 1705 1338 1770 consocerum-(populicum-

248 1781 330 1840 Μὴ·
355 1779 417 1842 quic
432 1778 538 1841 tabem,
556 1783 656 1830 motum
671 1783 772 1844 repom.
811 1778 926 1843 moun)
938 1791 1013 1842 saepe
1027 1779 1146 1843 [ortunae
1160 1779 1336 1832 violentiam

251 1853 774 1918 -tncrlmosopolinntclhplll’erquam
811 1855 963 1905 wbrcobse.
997 1855 1040 1905 Sic
1065 1856 1175 1905 Victoria
1195 1856 1267 1921 apud
1292 1859 1336 1908 il-

248 1927 318 1981 saise
343 1921 384 1992 ὥς
408 1927 440 1980 ἐν
464 1923 581 2000 παρόδῳ
606 1928 676 1978 ridet
700 1927 774 1991 Pupil
811 1927 961 1991 hull.a,5,
976 1927 1022 1981 to:
1040 1930 1227 1992 divaeiperbc.
1243 1945 1336 1983 -ere

249 2002 336 2054 lutilos
359 2003 525 2068 tragoedias,
553 2003 650 2068 quibus
675 2001 718 2052 ille
744 2015 773 2052 se
810 2004 886 2068 clun]
914 2005 968 2054 Cic.
989 2016 1039 2067 pro
1064 2005 1188 2054 Deiotaro
1214 2005 1259 2066 ⁴3,
1286 2006 1333 2058 36:

248 2080 431 2142 spectatorum
456 2077 568 2130 allectus
593 2078 708 2128 movisse
730 2074 774 2127 vel
810 2080 905 2142 Mopso
926 2078 1011 2128 ocimo
1028 2083 1051 2128 et
1072 2085 1153 2130 arceto
1170 2086 1205 2130 cst
1224 2094 1269 2130 nec
1285 2095 1336 2131 cn-

248 2151 409 2217 opinahatur
419 2150 670 2213 tantummodc,vel
678 2163 773 2215 reapse
811 2167 889 2215 ptam
905 2153 1179 2216 succumbentium,
1205 2169 1237 2205 ne
1251 2156 1336 2220 soric-

249 2227 401 2293 imperitum
434 2227 569 2293 popellum
602 2227 652 2278 sihi
680 2226 772 2278 ninere
809 2241 859 2279 nce
874 2229 981 2291 quiden.
1016 2229 1163 2280 Senecade
1180 2231 1238 2280 Vita
1255 2229 1334 2282 beata

248 2303 382 2365 coegerat.
418 2303 482 2362 Quis
499 2301 590 2364 tuerit,
609 2301 717 2365 quando
731 2301 773 2351 vi-
810 2303 834 2355 i.
864 2303 973 2354 beatam
999 2305 1082 2355 vitam
1111 2305 1205 2356 definit
1230 2306 1336 2356 liber-um

247 2377 328 2437 uerit,
347 2377 513 2440 ignoramus,
538 2377 587 2428 nisi
606 2375 679 2441 quod
696 2375 773 2426 vide-
810 2380 923 2428 acimum
939 2383 963 2428 et
979 2384 1087 2429 erectum
1104 2384 1127 2429 et
1144 2381 1286 2431 interritum
1303 2393 1335 2431 ac

247 2453 291 2501 tur
313 2451 411 2501 Horatii
436 2450 555 2515 aequalis
579 2451 674 2513 luisse,
702 2450 772 2503 nulla
808 2453 933 2515 casilien,
951 2457 1028 2504 cntra
1042 2459 1146 2516 melum,
1169 2460 1245 2505 cetra
1262 2455 1335 2518 ecpi-

247 2527 338 2576 tamen
350 2537 412 2576 cum
424 2538 456 2576 eo
469 2526 574 2576 iunctus
586 2524 770 2578 iamiliaritate.
809 2529 912 2579 attam
926 2528 1043 2590 position.
1064 2555 1093 2566 -
1108 2529 1236 2594 praesens]
1249 2543 1334 2580 «nun-

247 2599 385 2650 Weichcrt
395 2601 467 2650 Poet.
482 2601 537 2651 Lat.
545 2613 571 2664 p.
579 2601 637 2650 arc.
647 2599 773 2650 Welcker
809 2615 891 2667 qnam
908 2604 934 2652 te
952 2602 1095 2664 deserens,
1115 2615 1224 2668 semper
1240 2617 1334 2668 prom·

247 2685 287 2737 pr.
309 2674 448 2738 iropodien
464 2685 491 2738 p.
514 2675 586 2726 itas.
610 2673 771 2725 scholiastae
808 2678 870 2742 ptus
887 2675 922 2727 ad
938 2679 965 2726 te
983 2675 1184 2727 adluwnduni.»
1204 2703 1232 2714 -
1252 2677 1333 2744 aptot]

248 2747 357 2812 quidem
383 2751 507 2809 limmat,
534 2761 598 2800 eum
623 2749 675 2800 sihi
699 2749 771 2800 hunc
810 2753 917 2815 mptum
926 2750 960 2800 ad
969 2750 1193 2815 responsandum,
1207 2751 1334 2803 idoneum

247 2825 431 2888 composuisse
445 2823 563 2875 titulum:
582 2823 685 2874 ll'tebunt
696 2823 772 2874 amici
808 2825 843 2875 ad
859 2825 912 2875 hoc
923 2825 1060 2874 certamen
1072 2823 1172 2886 reddit,
1191 2827 1262 2876 vires
1275 2828 1334 2876 tuas

247 2902 271 2948 et
294 2898 353 2949 benc
376 2899 430 2948 nott
450 2904 556 2950 mortem
580 2899 677 2948 mam:
703 2899 772 2948 Nam
807 2899 1140 2961 accensatqueaugens.»
1166 2900 1334 2950 constructio

245 2974 353 3035 populiis
371 2974 399 3023 io
414 2987 454 3046 me
473 2974 531 3024 otoo
552 2975 710 3024 locrimctm
727 2971 770 3036 (al.
805 2977 1056 3037 responsore-aptat
1072 2972 1273 3024 occultaturvel
1286 2975 1335 3024 mi-

247 3049 400 3112 tnertmooit)
416 3049 491 3098 sctis:
517 3047 589 3112 qum
613 3051 705 3100 umen
720 3061 772 3113 po-
807 3051 903 3114 tigatur
915 3050 1070 3113 interposito
1081 3061 1106 3098 v.
1119 3049 1245 3111 hortatur,
1258 3050 1331 3114 quod

248 3123 299 3174 tius
328 3123 436 3173 videtur
464 3124 585 3174 iocosum
615 3124 642 3173 in
668 3136 731 3174 eum
755 3135 771 3173 a
807 3126 897 3190 ipsum
909 3125 935 3174 in
947 3136 1027 3188 prosa
1042 3124 1162 3174 oratione
1173 3125 1258 3176 rarius
1270 3137 1333 3176 oum

247 3197 769 3262 nescioquoconscrlptumepigramma.
808 3199 935 3250 infinitivo
964 3197 1141 3262 componitur.
1188 3198 1256 3253 tcic.
1283 3212 1333 3263 pro

247 3273 374 3323 Ceterum
395 3285 430 3322 ne
453 3272 639 3338 descriptura
662 3273 771 3337 quidem
808 3274 876 3325 sest.
896 3272 925 3336 3,
943 3273 978 3336 l.)
1007 3273 1090 3323 Nimis
1107 3271 1333 3336 languidaestal-

247 3348 311 3398 satis
329 3349 445 3408 constat;
472 3348 540 3398 leae
558 3349 630 3399 enim
649 3347 771 3399 diversae
809 3351 865 3400 tera
882 3345 960 3398 lectio
977 3350 1056 3410 optat.

247 3421 372 3472 videntur
385 3423 478 3486 gentes
489 3421 571 3474 luisse
581 3423 662 3486 Pupia
673 3421 712 3488 (Δ.
725 3423 773 3473 Po·
841 3423 931 3474 ro-ro.
955 3422 1047 3486 Quodsi
1063 3421 1126 3488 cet]
1145 3421 1231 3476 «altro
1248 3421 1334 3474 latecr

245 3497 303 3559 ptus
318 3497 396 3560 Rusio
411 3494 510 3548 Ecluhcl
527 3499 559 3548 D.
571 3499 602 3548 N.
614 3499 640 3548 5.
659 3508 686 3561 p.
703 3495 771 3560 ailo.)
808 3509 901 3548 meum
919 3496 1045 3546 iudicium
1061 3497 1222 3561 praesertim
1244 3497 1270 3547 ln
1287 3497 1331 3554 iis,

247 3575 275 3622 et
289 3573 388 3636 Pappia
407 3573 508 3635 (cenot.
528 3574 578 3624 Pis.
599 3574 627 3623 L.
649 3573 771 3623 Caesaris
809 3585 878 3636 quae
889 3571 924 3622 ad
941 3583 1006 3636 opes
1018 3571 1188 3636 honoresque
1200 3571 1331 3636 spectant,

247 3644 463 3711 huncioni),
482 3646 510 3697 id
527 3645 770 3710 mrodallinegant.
807 3647 885 3711 longe
911 3646 1010 3697 distare
1036 3645 1070 3696 ah
1096 3658 1143 3707 eo,
1170 3643 1242 3709 quod
1265 3641 1335 3694 solet

249 3747 278 3756 -
302 3721 448 3786 haimom]
474 3719 621 3792 θρηνώδη,
648 3720 771 3773 lacrimas
808 3725 885 3786 sequi
910 3719 990 3772 stulta
1015 3718 1173 3780 multitudo,
1200 3731 1332 3782 meaeque

247 3797 402 3858 excitantia,
421 3800 451 3847 ut
467 3799 520 3848 Sat.
535 3799 563 3858 t,
581 3799 610 3858 5,
629 3797 676 3848 80:
695 3797 772 3847 loom·
807 3797 954 3847 sententiae
965 3797 1097 3845 rationem
1114 3795 1257 3846 sicomoro
1269 3792 1334 3843 red·

246 3873 454 3935 moec--snmc
808 3871 873 3922 dere
895 3874 1005 3935 paratus
1027 3881 1097 3919 sum.
1132 3870 1199 3918 Nam
1220 3867 1243 3917 si
1264 3866 1332 3918 torte

280 3945 320 3996 68.
331 3947 373 3996 69.
391 3946 698 4011 Fortunae-responsore]
710 3947 768 3997 Vi'd.
807 3945 941 4011 populus»
967 3943 1065 4009 (addita
1089 3955 1114 3992 v.
1133 3944 1260 3992 ilonwnus
1278 3942 1333 3993 irc-

247 4023 300 4072 Sat.
310 4023 369 4084 Μ,
381 4023 425 4072 85;
440 4024 593 4085 Responsura
604 4023 768 4085 cupidinibus.
807 4022 866 4071 niae
885 4019 1001 4080 inservit)
1016 4031 1075 4068 «me
1093 4019 1181 4080 roget,
1201 4029 1249 4066 cur
1264 4017 1333 4067 inter

247 4095 287 4146 Ct.
301 4098 406 4161 Epicuri
423 4096 486 4148 illud
504 4097 575 4162 apud
590 4099 664 4162 illog.
679 4099 707 4148 i..
724 4099 768 4159 lll,
808 4096 895 4160 ipsum
912 4106 1007 4144 verser
1018 4091 1128 4155 quidem
1140 4091 1258 4155 quotidie
1270 4103 1332 4142 eas-

249 4171 309 4222 ⁴20:
334 4167 397 4236 (τὸν
407 4169 515 4237 σοφὸν)
533 4171 607 4244 τύχῃ
623 4169 771 4237 dulcula—
807 4169 925 4232 demque
943 4179 1006 4216 cum
1027 4166 1124 4216 ceteris
1144 4165 1247 4216 civibus
1268 4179 1333 4230 por-

247 4245 327 4296 σθαι.
340 4248 441 4299 Seneca
453 4249 532 4314 Epist.
542 4249 617 4310 tou:
630 4249 697 4299 ilaec
706 4249 772 4313 (phi-
806 4246 876 4296 licus
887 4239 1075 4307 perambulare
1084 4239 1194 4302 soleam,
1203 4239 1252 4292 sed
1261 4242 1331 4291 cet.-

248 4321 772 4387 1020phiflpaapormpuw,mmunmr
811 4349 837 4359 -
856 4318 939 4384 Μ]
959 4319 1001 4368 «et
1022 4317 1167 4383 porticibus
1184 4320 1213 4368 et
1229 4315 1332 4368 indictis
