3022 4984
326 358 388 424 766
687 401 689 406 .
806 305 934 412 llOllATll

364 515 418 584 Sic
440 513 531 592 mihi,
556 515 611 601 qui
634 513 768 582 multum
790 526 912 591 cessat,
936 515 971 581 lit
992 515 1160 583 Choerilus
1185 516 1255 592 ille,

365 639 470 717 Quem
494 636 543 704 bis
565 647 655 702 terve
677 635 896 728 bonumeam
918 637 986 704 risu
1009 637 1123 716 miror3
1147 647 1180 705 et
1204 638 1288 704 idem

366 757 532 846 indignor,
556 756 754 845 quandoque
778 757 886 824 bonus
909 757 1060 824 dormitat
1080 759 1253 826 Homerus

367 881 484 946 Verum
507 881 598 967 operi
621 879 718 967 longo
741 879 787 946 las
811 890 861 946 est
883 879 1044 965 obrepere
1067 899 1228 946 somnum.
1341 877 1390 941 360

390 1040 447 1090 357.
466 1040 508 1090 Sic
523 1039 630 1089 mattea
644 1038 705 1088 mita
722 1039 765 1100 qai
782 1039 810 1089 B.
827 1067 853 1074 —
874 1039 999 1089 Choeritos
1013 1037 1157 1089 Bentleius.
1180 1067 1208 1076 -
1227 1039 1283 1090 3⁵8.
1301 1041 1366 1101 (lena

358 1115 403 1176 la's]
422 1115 536 1176 (inmota
553 1116 581 1164 B.
603 1137 629 1149 -
650 1119 735 1175 terque
751 1111 857 1172 ested,
884 1113 958 1162 LCtJ.
985 1115 1060 1177 [terea
1077 1115 1106 1174 B,
1125 1114 1160 1176 τ.)
1177 1142 1205 1150 -
1218 1119 1242 1166 et
1258 1115 1319 1164 ideas
1332 1113 1367 1162 la-

357 1189 455 1251 dtqnor.
484 1189 638 1249 Quandoque
654 1188 731 1236 bonas
747 1189 867 1237 domitat
888 1189 1025 1248 Homerum
1058 1190 1146 1238 Verum
1170 1189 1207 1252 [Ti
1232 1189 1326 1238 Gonod.
1344 1213 1366 1222 -

356 1263 414 1312 36⁰.
433 1275 506 1324 opera
523 1263 550 1310 ta
566 1262 639 1326 loaqo
656 1261 705 1322 br,
724 1277 751 1320 κ,
769 1263 822 1312 bct
840 1261 901 1324 (uon
918 1262 992 1312 asad
1009 1263 1166 1326 cruquiani,
1186 1261 1209 1324 β
1225 1266 1254 1313 et
1268 1275 1306 1328 pr.
1322 1261 1352 1327 γ).

326 1392 420 1458 pollice
447 1392 579 1455 tangenda
603 1391 718 1442 eundern
743 1405 852 1457 semper
889 1392 1009 1455 Odyssea
1026 1392 1222 1458 posterioribus
1237 1392 1357 1444 aetatibus
1366 1391 1393 1438 in

326 1480 447 1518 errorem
465 1467 636 1526 commitens
653 1465 784 1530 [ehtpreith
888 1467 995 1516 terdum
1014 1466 1154 1518 molestam
1177 1466 1334 1531 reprehendi
1348 1465 1393 1527 opi-

358 1540 478 1590 aar-360.
499 1541 606 1590 muttaun
621 1540 709 1604 emeat]
727 1543 852 1604 «propter
889 1542 975 1590 natur.
1009 1543 1062 1604 ligo
1084 1541 1172 1606 potius
1197 1542 1285 1592 relero
1301 1540 1332 1590 ad
1345 1535 1394 1588 dra-

325 1615 510 1679 negligentiam
529 1615 616 1666 oliicio
634 1629 682 1668 suo
703 1629 756 1666 non
773 1617 853 1668 satis-
888 1615 1001 1677 φωνίας
1019 1628 1051 1664 uc
1069 1616 1150 1666 nniras
1168 1613 1226 1666 illas
1238 1613 1393 1668 difficultates,

327 1692 418 1751 incita»
436 1693 465 1740 ut
481 1691 546 1755 Epp.
560 1691 590 1751 Ξ,
608 1691 639 1750 2,
653 1690 698 1741 ll:
717 1691 797 1740 Semel
813 1693 852 1740 hic
889 1702 958 1752 quaa
970 1686 1072 1739 λύσεσι
1089 1689 1250 1752 praesertim
1262 1686 1394 1739 Alexandri·

325 1767 439 1816 cessauit.
458 1793 483 1802 —
502 1765 636 1830 Cloatius]
655 1764 694 1816 Cl.
707 1766 773 1830 Epp.
786 1767 812 1826 h,
825 1768 850 1827 t,
889 1776 984 1814 norum
1007 1764 1138 1826 originem
1160 1762 1307 1824 dederunt,
1331 1765 1394 1822 utque

326 1841 374 1890 232
384 1854 444 1904 sqq.
464 1839 633 1900 «Choerilus,
646 1840 693 1902 qui
704 1843 778 1902 gesta
790 1839 852 1890 Ale·
888 1836 924 1887 ad
936 1851 968 1888 ea
982 1838 1085 1898 omnia,
1104 1851 1173 1901 quae
1186 1842 1296 1904 propter
1306 1837 1394 1888 niruiun

326 1914 420 1964 nandri
442 1913 598 1966 describens
622 1916 727 1977 septem
749 1917 851 1964 tantum
889 1911 992 1964 scilicet
1016 1910 1216 1976 simplicitatem
1243 1911 1283 1962 vel
1306 1911 1396 1976 propter

326 2001 421 2040 versus
438 1985 585 2039 laudabiles
600 1987 676 2048 leeit;
688 1989 778 2040 --cui
791 1987 852 2038 hle·
891 1999 997 2036 morum
1014 1999 1047 2036 ae
1063 1985 1197 2036 sentiendi
1211 1985 1396 2050 discrepantiam

327 2063 428 2113 rander
437 2063 634 2124 lerlurdixisse,
645 2062 723 2114 malle
732 2076 762 2114 se
772 2063 853 2114 Ther·
890 2059 1068 2123 displicebant
1084 2059 1268 2112 Alexandrinis
1282 2065 1308 2112 et
1317 2061 1397 2110 nona-

325 2138 394 2187 sitan
404 2139 512 2186 Homeri
521 2151 582 2188 esse
592 2152 672 2201 quam
681 2139 760 2190 huius
769 2137 854 2188 Achil-
891 2135 931 2186 nis
948 2135 1045 2186 borum
1063 2133 1190 2186 iudicium
1207 2135 1397 2200 plerumqueta-

327 2211 389 2262 lem.
408 2209 559 2261 Alexander
575 2215 666 2261 autem
684 2216 853 2276 pectuscum
890 2209 967 2260 cutis.
990 2208 1148 2260 incredibile
1166 2213 1259 2260 autem
1276 2210 1326 2268 est,
1343 2215 1396 2268 quat

326 2298 373 2344 eo.
399 2286 429 2334 ut
449 2285 472 2334 sl
493 2283 595 2334 bonum
616 2285 717 2336 luceret
732 2299 851 2347 versum,
891 2287 918 2334 et
934 2281 1021 2346 qualia
1033 2283 1260 2347 reprehenderint
1269 2296 1318 2334 uon
1328 2277 1397 2330 solum

326 2371 409 2408 aureo
421 2358 580 2408 numismate
592 2357 750 2420 donaretur,
764 2361 786 2410 si
798 2374 853 2412 ma·
890 2358 1071 2422 grammatici,
1096 2358 1145 2408 sed
1166 2359 1249 2408 etiem
1269 2351 1397 2421 philosophi

326 2431 395 2491 lum,
410 2431 523 2494 colapho
535 2432 670 2482 leriretur:
690 2435 854 2499 quisaepius
890 2433 918 2482 in
936 2433 1060 2491 liemaro,
1079 2429 1160 2480 veluti
1171 2430 1339 2482 Philodemus
1349 2423 1397 2492 acal

328 2503 397 2556 male
426 2505 569 2556 scribendo
598 2507 716 2572 colaphis
742 2513 853 2560 necatus
891 2502 1062 2570 ποιημάτων
1078 2518 1105 2568 Ρ.
1125 2506 1165 2554 ⁴7·
1184 2504 1287 2555 Dubii-2
1306 2499 1343 2553 Τὰ
1358 2493 1398 2562 “ll

327 2580 394 2630 est.»
414 2579 498 2630 Corra.
512 2581 590 2638 Caua.
627 2580 679 2632 Sed
696 2581 730 2634 de
749 2581 854 2635 insulsis
890 2579 945 2644 μὲν
962 2577 1100 2630 σύνθεσιν
1120 2572 1227 2638 ἔχοντα
1248 2575 1397 2630 σπουδαίαν»

328 2653 369 2704 his
382 2651 589 2706 Scholiasterum
606 2657 808 2707 narratiunculis
826 2662 854 2708 tu
892 2650 944 2719 τὴν
969 2651 1001 2704 δὲ
1026 2651 1158 2704 διάνοιαν
1182 2647 1339 2704 ἀλλόκοτον
1361 2647 1398 2698 aul

328 2727 420 2778 conler
434 2729 525 2778 Naekil
537 2729 689 2780 Choerilum
702 2745 728 2795 p.
741 2731 781 2782 36.
795 2733 852 2782 206.
892 2728 1145 2802 παρεκβεβηκυῖαν
1160 2725 1212 2780 τὸν
1233 2723 1329 2782 κοινὸν
1343 2721 1398 2776 νοῦν

327 2802 386 2852 207.
405 2803 855 2858 CeterumChoerilusaGramma-
891 2805 970 2858 ταῦτ’
989 2803 1067 2856 ἐστὶν
1085 2798 1208 2876 ἀχρεῖα,
1234 2800 1359 2872 καθάπερ
1371 2793 1398 2848 τὰ

329 2877 386 2926 tiois
405 2877 519 2927 llomero
535 2876 662 2929 tralaticio
674 2881 750 2943 quasi
762 2894 855 2931 exam·
891 2877 1080 2945 Κνημῐόας
1103 2876 1170 2943 μὲν
1194 2875 1315 2950 πρῶτα
1337 2871 1399 2943 περὶ

328 2950 372 3014 plo
385 2952 524 3014 oppositus
536 2965 596 3003 esse
608 2953 723 3006 ridetur.
750 2955 793 3006 sio
804 2955 855 3004 eti-
892 2949 1067 3024 κνήμῃσιν
1078 2947 1219 3017 ἔθηκαν.
1228 2953 1307 3016 (lliad.
1315 2945 1398 3018 γ,330.)

329 3037 373 3074 am
385 3025 506 3076 llermias
516 3026 548 3076 ad
560 3026 623 3077 Plnt
634 3027 747 3080 Phaedr.
758 3030 853 3094 pith:
892 3027 979 3080 Sahal.
998 3027 1067 3091 volg.
1084 3025 1119 3078 ad
1135 3027 1231 3090 onyas.
1246 3025 1277 3088 λ,
1294 3023 1396 3078 itt-tet:

330 3099 363 3150 rt
388 3093 442 3170 γὰρ
470 3091 574 3164 ὅμοιον
600 3095 780 3174 ἤΧοιρίλου
806 3103 855 3154 zat
889 3095 1158 3164 lilaeavdffi--rda
1175 3094 1273 3163 οὔπως
1290 3094 1398 3152 tarauc-

240 3183 245 3191 ·
330 3169 521 3238 Καλλιμάχου
558 3175 676 3240 ποίησις
703 3171 776 3247 πρὸς
803 3172 856 3240 τὴν
892 3175 982 3250 priona
1003 3172 1096 3240 Πεζὸν
1112 3171 1215 3228 ἐόντα·
1240 3169 1398 3226 Ἀθετοῦντω

327 3243 454 3320 Ὁμήρου
471 3250 521 3300 καὶ
538 3245 702 3320 Πινδάρου;
728 3277 755 3288 -
780 3252 855 3314 wana]
893 3257 983 3320 speia·
1002 3249 1117 3319 γέλοιον
1133 3248 1164 3300 dl
1181 3245 1284 3312 πεζὸν
1299 3245 1397 3300 ἐόντα.

331 3323 398 3384 Quid
410 3323 514 3374 intersit
525 3325 593 3374 inter
605 3322 732 3376 lormulas
744 3325 780 3374 hia
791 3331 857 3377 tene
894 3326 1008 3378 Lucilius
1031 3327 1096 3378 llav.
1112 3339 1140 3390 p.
1157 3325 1215 3376 332.
1235 3323 1312 3389 (Gerl.
1324 3337 1349 3388 p.
1359 3317 1398 3376 dil

330 3400 358 3448 et
374 3397 410 3446 bis
426 3403 520 3460 terqua,
540 3396 661 3448 lacillime
678 3401 857 3463 persentisces
895 3401 1035 3452 enNonio:
1048 3399 1399 3472 neruoquieulputlloamm

331 3471 425 3522 collato
443 3485 468 3520 v.
487 3471 545 3522 tlt.
565 3472 603 3522 Cl.
624 3473 747 3536 Epona,
766 3475 806 3526 33.
828 3503 855 3512 -
893 3478 1013 3537 Perpaao
1037 3474 1123 3536 culpat
1148 3487 1242 3536 nequae,
1272 3472 1334 3536 quod
1356 3467 1399 3516 did

331 3547 700 3612 ladiqnorcet.]«hegerrime
714 3550 778 3600 item
791 3550 856 3610 iero,
894 3555 965 3610 oete,
988 3549 1077 3612 putata
1102 3550 1203 3600 Veretua
1223 3561 1302 3598 unum
1316 3545 1397 3605 affl·

333 3621 548 3684 quandocunque
574 3621 600 3671 in
625 3623 741 3673 llornero
765 3624 858 3674 vitium
894 3624 1009 3684 verbum,
1038 3623 1206 3686 sathanam,
1236 3623 1323 3674 baua,
1348 3618 1398 3668 ΜΝ

333 3693 441 3758 aliquod
452 3693 650 3758 animadverto,
669 3697 730 3759 qula
743 3709 805 3746 eum
817 3696 858 3748 his
895 3697 1013 3748 distinxit
1030 3697 1140 3748 Gouod:
1167 3703 1191 3748 et
1210 3698 1275 3748 idera
1289 3695 1398 3756 indicati·

331 3781 442 3834 prorsus
460 3771 615 3834 exemptum
627 3782 765 3833 cuperem.
784 3771 858 3821 Atta·
896 3773 1049 3835 Qumdoqua
1067 3771 1217 3836 (interdum)
1235 3772 1311 3822 bonaur
1325 3763 1400 3818 ἀπ’*

331 3857 394 3894 men
412 3845 448 3894 ita
460 3845 608 3894 liemarum
622 3845 859 3908 mecumipseex·
895 3853 933 3898 tat
948 3848 1086 3898 danaus.-
1116 3847 1158 3909 «je
1173 3847 1225 3908 ris,
1243 3850 1272 3909 ja
1286 3846 1398 3896 a'aaae

332 3931 411 3980 cuso,
426 3919 544 3980 cogitans
556 3918 709 3970 mirandum
721 3933 775 3970 nou
786 3932 856 3980 esse,
894 3928 919 3973 et
935 3935 966 3973 aa
981 3925 1150 3984 mammona
1160 3921 1361 3985 tendebant
1376 3915 1401 3964 ll

332 3989 413 4044 sirei
440 4003 562 4044 summus
581 3996 661 4057 posta
682 3994 709 4044 in
725 3996 858 4058 poematis
896 3996 964 4046 diota
980 3995 1087 4046 flandra
1101 3991 1399 4059 soamsdtleqaatquelotu·

333 4068 387 4116 tam
404 4063 488 4129 longis
500 4067 643 4128 interdum,
656 4068 705 4119 sed
717 4081 787 4129 raro,
801 4083 859 4120 cea-
896 4073 1025 4122 Provocat
1047 4073 1137 4124 summ
1158 4071 1192 4122 ad
1210 4069 1312 4132 Quintil.
1328 4068 1366 4123 ⁴⁰.
1381 4065 1398 4117 ⁸·

332 4143 398 4190 sete
419 4137 504 4202 (dirici
519 4142 856 4208 quaerentesque.
895 4144 942 4196 it:
967 4159 1025 4196 tum
1042 4145 1306 4199 arcanorumque
1319 4137 1400 4192 W

332 4213 373 4264 bis
391 4213 481 4266 verbis
499 4215 651 4270 tarditatem
662 4217 820 4270 narrationis
831 4219 858 4270 in
895 4219 1084 4282 baedano,
1100 4219 1207 4272 Horatio
1218 4233 1276 4274 uero
1287 4209 1399 4270 alandt
