3192 4974
603 435 663 488 444.
683 438 702 486 4.
737 437 835 488 neren.
855 437 897 488 m.
1237 433 1300 500 447

255 595 362 662 Debes
385 593 446 661 hoc
470 593 567 661 etiam
593 594 788 670 rescribere,
817 597 843 660 si
867 593 922 661 tibi
945 614 1043 663 curae
1259 594 1301 660 30

255 721 401 800 Quantae
423 717 592 785 conveniat
614 717 789 795 Munatius3
813 737 853 782 an
876 716 959 784 mele
983 729 1079 804 sarta⁸

255 841 363 908 Gratia
384 838 583 927 nequiquam
605 839 669 906 coit
690 848 722 906 et
743 837 960 906 rescinditur?
982 841 1019 906 tt
1041 859 1099 906 vos

256 964 320 1030 Seu
343 959 468 1030 calidus
490 961 621 1049 sanguis
644 980 703 1028 seu
725 980 835 1030 reram
857 959 982 1028 inscitia
1002 973 1097 1029 venat

258 1084 414 1150 indomita
436 1082 564 1149 cervice
586 1080 687 1158 ieros,
712 1079 899 1170 ubicunque
921 1081 1065 1150 locorum

249 1283 454 1345 saccellarium
471 1280 556 1344 uolgo.
573 1307 599 1317 -
617 1281 656 1345 At]
674 1294 705 1332 44
722 1280 805 1344 bScE,
817 1280 910 1346 βρεμι
927 1283 954 1332 44
971 1281 1104 1334 Bentleius
1122 1283 1174 1346 (hic
1190 1285 1271 1335 iater-

250 1357 360 1422 rogandi
382 1359 457 1420 signo
478 1357 565 1421 posito
581 1360 643 1421 post
658 1369 684 1405 ν.
700 1356 786 1420 seror).
806 1383 833 1394 -
852 1355 892 1406 33.
911 1357 961 1408 Seu
975 1382 989 1393 -
1003 1383 1018 1394 -
1034 1356 1085 1421 444]
1103 1358 1157 1408 Heu
1170 1384 1183 1394 -
1196 1385 1211 1396 -
1224 1359 1271 1408 444

250 1445 344 1483 omnes
368 1432 451 1482 nostri
474 1433 501 1482 et
522 1431 651 1492 Pottierii‚
674 1432 740 1482 item
758 1431 787 1482 C.
813 1431 852 1494 (Ut
871 1444 933 1492 nos„
953 1430 1006 1482 iam
1023 1432 1123 1482 Veneta
1142 1431 1226 1494 4484.)
1242 1460 1268 1470 -

249 1507 343 1572 renim]
359 1509 414 1557 neri
430 1504 541 1558 Bentleii
558 1505 718 1558 coniectura.

249 1697 336 1748 30-32.
356 1698 377 1747 ei
394 1697 438 1747 4444
454 1695 540 1760 curce]
558 1698 609 1747 Pro
626 1693 740 1746 lectione
779 1693 896 1758 quadam
908 1696 947 1744 rel
964 1695 992 1746 et
1007 1696 1125 1759 ingratae
1139 1698 1166 1746 et
1182 1695 1304 1762 inexspe-

216 1773 248 1822 444
268 1773 329 1822 iacit
350 1770 550 1836 quodammodo
571 1771 694 1835 repetitio
714 1783 739 1820 v.
779 1771 864 1819 clatae
888 1769 1091 1832 significatione,
1118 1783 1199 1834 quam
1221 1771 1305 1835 parti-

216 1848 238 1896 44
254 1849 316 1912 post
330 1849 352 1896 44
367 1846 468 1910 volgari
479 1859 559 1898 sensu
571 1844 613 1896 bis
624 1845 741 1910 positum
779 1841 838 1894 cula
861 1857 897 1894 44
914 1847 1020 1895 auctam
1037 1845 1176 1896 sentimus.
1206 1845 1304 1897 Enem-

218 1935 243 1972 v.
266 1922 322 1982 444,
352 1925 538 1972 verumtamen
565 1919 741 1970 difficiliorem
778 1918 822 1983 pia
833 1917 986 1984 suppeditat
997 1919 1072 1970 Hand
1084 1921 1159 1971 Tuas.
1173 1923 1192 1970 l.
1206 1933 1232 1985 p.
1243 1919 1301 1972 343.

218 1994 360 2046 lectionem
388 2009 450 2046 cum
482 1992 600 2045 Bentleio
628 1992 741 2059 praetuli
781 2020 808 2030 -
828 1994 990 2058 rescinditur]
1015 1997 1119 2046 Petron.
1142 1995 1203 2046 tte:
1230 1997 1304 2046 eredo

218 2068 293 2121 alteri
309 2072 349 2121 eit.
379 2071 490 2135 lippi,
510 2071 538 2130 6,
557 2068 603 2121 tt:
631 2069 660 2119 st
678 2083 741 2132 poe·
777 2071 884 2132 veritus,
902 2069 1305 2136 eeinterinttiocoiimtisgro-

218 2151 418 2209 set--rogotue
446 2145 510 2210 Epp.
531 2145 558 2205 4,
576 2145 606 2205 t,
625 2143 671 2194 39:
699 2145 742 2194 44-
778 2147 829 2197 tice
844 2145 987 2196 cicatricem
1002 2145 1161 2196 rescinderet.
1178 2174 1205 2182 —
1221 2141 1252 2196 ’44
1261 2160 1307 2197 444

217 2221 296 2284 spice,
314 2221 337 2270 ei
355 2233 465 2282 poserem.
496 2218 691 2280 Pseudctib.3‚
712 2219 741 2278 4,
779 2219 841 2284 cet]
858 2221 926 2270 Cum
943 2220 1027 2282 magis
1039 2220 1143 2280 timeat,
1162 2234 1196 2270 ne
1209 2221 1305 2272 etiam·

219 2297 263 2346 ta:
281 2295 400 2346 1444444444
411 2296 514 2358 reseret,
531 2295 743 2345 decurionatum
778 2308 850 2346 nunc
868 2295 936 2345 inter
952 2307 982 2344 44
999 2295 1139 2346 discordes
1156 2295 1221 2357 sint,
1242 2309 1305 2360 gra-

217 2384 282 2420 curc
298 2375 345 2430 eet,
362 2370 401 2420 Aa
417 2370 514 2430 minor,
532 2382 567 2419 44
578 2374 629 2419 teto
643 2375 743 2432 pectere
778 2371 847 2420 viter
863 2382 911 2420 eos
929 2371 1039 2433 castigat
1056 2371 1083 2420 et
1100 2370 1257 2422 4444444444
1270 2371 1305 2422 44

218 2445 359 2496 deciderim.
394 2470 421 2480 -
453 2445 568 2506 0444444
597 2445 742 2511 conueniet]
779 2444 1024 2495 reconciliationem
1046 2445 1145 2508 gratiae
1169 2445 1220 2496 hac
1238 2445 1304 2496 ello-

219 2522 335 2577 ·taatae.
363 2521 478 2583 quantae
502 2531 565 2569 eum
591 2518 638 2569 tibi
660 2532 742 2570 curae
780 2521 886 2571 cutione
910 2519 942 2570 At
967 2521 1030 2580 444,
1057 2533 1122 2584 prae
1149 2534 1202 2585 qua
1226 2523 1304 2573 nimis

219 2608 279 2646 esse
298 2594 463 2644 conveniat.»
479 2621 504 2628 -
524 2594 743 2656 ennoematice
780 2591 888 2657 languet
904 2593 986 2644 altera
1003 2592 1083 2645 lectio
1101 2609 1140 2645 44.

219 2669 330 2720 tortasse
347 2670 376 2719 1..
388 2669 495 2718 Munatii
511 2665 599 2719 Planci
611 2681 666 2719 cos.
677 2682 702 2719 a.
715 2682 742 2718 a.
813 2669 902 2720 33-36.
926 2667 984 2732 Seu]
1003 2669 1084 2720 liirus
1101 2683 1177 2720 error
1193 2672 1236 2720 est
1253 2671 1306 2721 Co-

219 2757 243 2794 4.
262 2745 318 2792 nte.
350 2742 451 2807 (Odi,
476 2743 510 2805 7.)
530 2770 558 2778 -
576 2743 643 2792 mole
662 2741 743 2806 terta]
781 2744 872 2794 dicum
889 2744 970 2794 etiam
987 2743 1233 2806 antiquissimorum
1253 2745 1308 2796 iren

220 2822 308 2884 imago
326 2818 467 2883 desumpta
480 2830 495 2866 a
506 2815 615 2868 volnere
630 2816 691 2868 ideo
703 2831 745 2867 re-
781 2845 795 2855 -
806 2819 898 2878 ·Heo;
923 2817 1007 2880 magis
1025 2818 1106 2868 etiam
1123 2817 1221 2868 mirum
1239 2833 1308 2870 eun·

219 2895 318 2955 scisso,
337 2893 399 2956 quia
411 2893 469 2942 eius
487 2893 621 2955 margines
638 2903 691 2942 noa
703 2905 745 2941 re·
781 2892 845 2943 dem
862 2891 994 2956 placuisse
1012 2893 1039 2942 et
1059 2891 1176 2956 cruquio
1192 2894 1220 2942 et
1241 2894 1308 2944 Ges-

220 2971 262 3019 cte
279 2967 384 3018 consuti
406 2969 468 3018 sunt
490 2979 504 3016 4
524 2965 656 3029 chirurgo.
687 2965 745 3017 Cei·
782 2980 856 3018 nero.
897 2966 1037 3031 Sapienter
1068 2967 1177 3018 Bothius
1211 2964 1309 3020 delevit

220 3055 266 3094 sus
283 3045 313 3102 e,
332 3041 362 3091 6:
382 3053 483 3091 4444444
499 3055 549 3090 ceu
563 3041 677 3091 4444444.
704 3039 742 3090 ld.
782 3042 860 3093 huius
882 3041 1095 3098 annotationem:
1126 3041 1306 3094 «Patheticum

220 3118 249 3178 7,
267 3117 296 3166 8:
325 3115 434 3165 Tertium
454 3120 502 3178 eet,
526 3116 547 3164 44
570 3117 630 3178 qaid
652 3115 687 3164 444
710 3115 744 3178 (44
781 3115 858 3166 valde
885 3117 912 3166 44
938 3115 1100 3166 miserationi
1125 3116 1218 3179 aptum
1244 3116 1307 3168 iliud

221 3205 285 3242 eure
303 3192 422 3250 externa,
441 3190 466 3239 in
479 3188 565 3240 labris
583 3193 611 3240 44
627 3188 744 3252 naribus)
781 3191 953 3242 Herculea.»
965 3215 993 3226 -
1004 3190 1209 3255 reruminscitio]
1223 3191 1307 3243 :Cum

220 3267 287 3316 curti
310 3270 359 3327 eet,
390 3265 494 3314 sarcire.
527 3292 554 3302 -
577 3263 744 3329 nequiquam]
783 3279 852 3332 quae
874 3264 1002 3316 alteruter
1024 3269 1098 3316 recte
1115 3267 1196 3330 atque
1214 3265 1308 3317 ordine

221 3342 271 3390 «ita
289 3341 449 3400 ulceratio,
469 3351 550 3402 quam
567 3338 745 3404 exspectaba-
784 3343 885 3392 iecerat
900 3342 946 3391 eut
962 3340 1078 3402 dixerat,
1102 3339 1169 3391 alter
1186 3338 1251 3392 44144
1268 3343 1309 3392 ia-

221 3429 294 3476 mne,
314 3415 412 3466 ellectu
430 3416 545 3465 careat.»
575 3413 641 3466 Male
659 3413 746 3464 ethic
783 3417 944 3482 terpretatur
961 3419 1041 3480 atque
1059 3417 1085 3467 in
1102 3429 1179 3467 suem
1192 3415 1234 3468 vel
1246 3431 1309 3468 eon-

221 3491 248 3538 et
264 3489 335 3552 Virg.
354 3489 458 3548 aeni,
477 3487 535 3540 546.
555 3489 600 3548 42,
620 3486 677 3539 eet.
704 3487 747 3552 (lit
785 3490 922 3543 tumeliam
945 3490 987 3542 vel
1006 3492 1135 3542 iniuriam
1161 3493 1229 3544 iacta
1255 3493 1311 3558 opi·

220 3577 286 3612 nunc
302 3563 455 3624 4444444444
476 3563 544 3626 444444
566 3562 634 3626 deo.)
665 3563 747 3612 84444-
782 3560 1311 3631 44444.(444444444444444444.)Ἀπει-

222 3637 473 3702 liaeteeexponunt:
494 3650 589 3688 «noni
617 3638 655 3689 Ci.
670 3638 746 3688 iiand
783 3643 848 3712 ριαν
875 3637 933 3690 τῶν
961 3634 1150 3712 &administer
1175 3636 1310 3710 πραγμά-

221 3713 296 3762 Ture.
314 3713 356 3761 IV.
375 3725 402 3776 p.
422 3713 465 3762 444
490 3724 532 3777 sq.
558 3714 598 3763 De
616 3714 746 3777 scriptura
783 3731 840 3766 των
858 3715 899 3766 alii
917 3715 1061 3779 explicant;
1083 3716 1131 3767 sed
1143 3715 1195 3766 hoc
1207 3717 1233 3766 in
1245 3715 1311 3766 duo-

221 3787 274 3838 vid.
288 3788 341 3836 Sat.
354 3788 384 3848 4,
404 3788 438 3846 4,’
452 3788 493 3836 at.
514 3814 542 3822 -
561 3787 617 3851 4444]
637 3787 707 3838 Cels.
720 3788 745 3847 8,
784 3803 845 3840 rum
861 3787 1010 3852 proborum
1026 3788 1237 3840 adolescentium
1254 3789 1312 3840 ior·

222 3861 268 3912 td:
292 3868 373 3924 potest
394 3875 424 3911 ee
440 3863 540 3912 ratione
555 3867 579 3911 et
597 3875 625 3911 44
641 3863 708 3912 coire
725 3867 748 3911 et
785 3865 849 3914 tuito
867 3862 976 3914 dissidio
993 3865 1105 3914 nimium
1122 3865 1172 3915 est.
1193 3891 1220 3900 ·-
1239 3866 1311 3915 4444-

220 3937 308 3986 volnus
323 3950 460 3987 4444444444.
490 3936 565 3987 Ovid.
579 3937 655 3988 Trist.
669 3935 698 3998 4,
716 3935 745 3998 4,
783 3939 847 3988 mita
867 3939 962 3987 4444444
980 3937 1055 4002 [aas]
1079 3939 1248 4002 Comparatio
1265 3953 1311 3990 re-

221 4010 250 4062 44
262 4026 267 4060 ;
286 4014 353 4062 Neve
363 4013 525 4063 retractando
536 4013 647 4064 4444444
657 4013 749 4062 coeun-
784 4013 864 4078 petita
877 4011 912 4063 ab
925 4014 1000 4076 equis
1013 4011 1087 4076 (Epp.
1102 4012 1129 4072 4,
1143 4013 1172 4073 4,
1186 4012 1231 4064 644
1250 4015 1312 4064 Fin-

222 4087 259 4136 tie
275 4100 393 4149 nmtparn
413 4087 526 4138 Volnera.
545 4114 573 4124 -
591 4088 707 4151 Recepta
719 4101 745 4136 v.
784 4089 821 4152 git
837 4099 929 4151 equom
941 4091 1027 4138 444444
1038 4086 1141 4136 44444444
1152 4088 1312 4140 444444444-
1381 4089 1389 4101 “

221 4163 263 4212 30.
284 4161 398 4213 lectione
423 4163 455 4212 444
479 4161 623 4214 Obban‘us:
650 4161 747 4224 «Quod
784 4161 882 4227 944444.)
911 4163 938 4210 44
963 4173 978 4210 4
1003 4161 1100 4220 tauris,
1128 4173 1196 4224 quos
1217 4163 1310 4214 Graeci

223 4237 345 4288 lloratius
368 4251 401 4288 44
423 4238 541 4288 oratioue
563 4239 691 4289 indirecte
713 4238 747 4288 ad
785 4230 1003 4306 σκληραύχενας
1020 4235 1047 4286 44
1064 4231 1249 4301 ζυγομάχους
1264 4251 1312 4287 vo-

222 4315 325 4362 rectem
342 4311 430 4362 subito
447 4313 552 4374 transit,
572 4325 625 4362 non
637 4313 747 4365 4444444
786 4312 854 4363 cant.
869 4337 895 4346 -
906 4309 1045 4373 4444444444
1056 4310 1176 4374 locorum]
1189 4313 1231 4362 Sic
1243 4311 1312 4363 redit

309 4403 399 4450 4444444.
415 4415 470 4450 aot.
487 4403 514 4449 ll.
545 4415 584 4449 44.
601 4415 652 4451 terr.
668 4403 705 4450 ill.
1116 4401 1144 4448 27
