3116 4968
263 417 327 486 236
642 419 772 501 aonam
789 417 970 472 sarmium

307 575 433 644 Emovit
453 583 598 644 veterem
618 575 700 644 mire
721 595 841 654 novus,
865 584 900 642 ut
921 573 1019 653 solat,
1043 575 1076 640 in
1098 594 1155 642 eor

290 675 452 766 'Treiecto
474 697 583 766 lateris
604 698 714 766 miseri
736 697 891 785 capitisve
913 696 1042 774 dolore,

306 820 346 890 Ut
366 819 562 908 lethargicus
583 819 636 886 hio
658 841 733 887 eum
753 819 789 886 fit
810 817 898 907 pugil
921 828 953 886 et
974 817 1138 886 medicum
1159 825 1262 904 urget.
1306 817 1349 882 30

305 943 390 1009 Dum
411 962 453 1009 ne
468 941 548 1029 quid
562 940 667 1008 simile
682 940 770 1020 huie,
794 952 865 1009 esto
880 951 916 1008 ut
929 940 1016 1008 libet.
1050 940 1080 1008 0
1095 938 1196 1018 bone,
1219 959 1260 1006 ne
1274 947 1306 1006 te

306 1066 490 1144 Fmstrere;
513 1063 634 1130 insanis
656 1071 689 1130 et
709 1072 744 1130 tu
765 1061 918 1152 stultique
939 1082 1043 1150 prope
1064 1081 1194 1138 omues,

305 1185 338 1252 Si
361 1184 441 1274 quid
463 1183 633 1252 Stertinius
655 1183 724 1251 veri
746 1192 871 1272 erepat,
896 1183 984 1250 unde
1006 1203 1067 1271 ego
1088 1182 1170 1249 mira

327 1403 369 1454 29.
386 1401 525 1466 capitoque
542 1400 581 1466 hp
598 1403 626 1451 et
642 1413 712 1451 corr.
731 1413 759 1463 o,
779 1400 840 1450 Lct.
872 1401 985 1462 (lituos,
1004 1399 1033 1461 S,
1052 1411 1105 1461 ro,
1123 1411 1165 1466 pr.
1184 1399 1315 1451 oetlidd.

296 1477 358 1528 inde
376 1490 392 1527 a
409 1475 547 1541 Bentleio.)
561 1503 589 1514 -
602 1475 643 1527 ³³.
655 1487 743 1527 oman
758 1474 795 1539 hp
813 1477 841 1526 et
856 1472 977 1540 plerique
994 1475 1119 1527 Pottierii.
1147 1474 1187 1538 (ur
1203 1489 1266 1538 uos,
1284 1475 1318 1526 Se

296 1556 324 1604 et
340 1552 457 1604 Pottierli
474 1550 540 1615 sex.)

263 1741 354 1803 ltaque
370 1736 487 1803 loquitur
503 1739 605 1790 nonde
622 1735 789 1804 philosophia
825 1739 941 1790 Fortasse
956 1736 1349 1790 nudumomesoortitrorter.

264 1814 350 1865 Stoica
380 1827 430 1878 per
453 1827 484 1865 ea
513 1816 646 1878 spectata,
678 1815 709 1863 ut
734 1811 790 1863 volt
828 1814 1082 1880 -uoru--aourol
1095 1810 1351 1883 stgnifloatntropo

264 1890 465 1940 commentator
476 1889 597 1952 emonii,
615 1887 717 1940 sedda
735 1887 790 1938 ter·
824 1888 1141 1954 rev.Sat.t‚9‚32.-hie]
1152 1887 1351 1952 aquemuostl.»

262 1961 325 2014 vido
342 1961 385 2014 illo
403 1963 490 2014 studio
506 1977 538 2014 ex
554 1964 605 2016 hac
621 1963 787 2031 philosophia
825 1962 882 2015 Noli
895 1965 1056 2014 autemoum
1067 1965 1201 2016 ounuero
1208 1963 1270 2027 post
1280 1961 1352 2011 hano

263 2040 335 2097 orto,
354 2050 408 2101 quo
425 2050 497 2088 nune
514 2034 599 2088 aliena
617 2039 723 2101 negotia
740 2051 788 2087 eu·
825 2051 920 2089 vocem
949 2039 1082 2089 commate
1111 2039 1197 2102 posito
1224 2033 1351 2100 supplere

262 2114 317 2173 ret,
344 2124 413 2175 quae
440 2109 706 2182 πολυπραγμοσύνη
731 2110 788 2162 aliie
824 2113 988 2174 immutatur,
1010 2113 1060 2164 aed
1082 2111 1167 2163 verba
1184 2113 1222 2162 sio
1242 2108 1350 2160 ordina:

263 2185 373 2236 lorsltau
398 2185 521 2236 videatur
548 2199 633 2238 novus
657 2185 787 2248 morbus,
827 2188 857 2238 llt
871 2201 930 2238 oum
951 2187 1101 2250 tetlrorptoru
1116 2187 1156 2236 irio
1172 2187 1225 2237 oet.
1248 2211 1276 2220 -
1294 2197 1354 2234 oraru

263 2259 309 2324 qui
331 2259 465 2323 insperato
482 2261 643 2310 successerit
662 2259 698 2310 illi
714 2272 788 2310 mer·
823 2265 853 2327 fit
870 2263 944 2326 propit
964 2263 1026 2327 oet]
1048 2262 1168 2325 lethargo
1189 2262 1217 2311 iu
1233 2259 1354 2324 phrene-

263 2332 342 2384 eaudi
359 2334 456 2384 studio.
478 2361 506 2372 -
525 2336 652 2386 Ceterum
669 2348 703 2385 ne
722 2335 789 2385 hueo
826 2337 866 2388 sin
877 2339 988 2388 mutato.
1017 2332 1353 2400 Lethargicusistesubitu

263 2409 353 2459 omniu
376 2406 611 2474 (Δηοῖ-ωορκ.)
633 2422 695 2461 oum
717 2411 789 2460 lior-
825 2410 913 2462 morbi
944 2411 1100 2462 traiectione
1129 2403 1352 2475 (μεταστάσει),

263 2484 416 2548 genstemio
428 2486 455 2534 et
471 2483 560 2534 latinio
578 2483 727 2536 tribuamus
739 2485 790 2534 llo·
826 2485 974 2548 medicum,
993 2485 1038 2549 qui
1050 2497 1113 2536 oum
1124 2484 1231 2535 homine
1243 2485 1354 2546 torpore

263 2559 343 2620 ratio,
367 2561 440 2609 vetat
458 2557 579 2624 prolecto
599 2557 727 2624 particula
743 2559 789 2609 At-
826 2574 956 2626 oppresso
973 2573 1003 2613 se
1019 2561 1122 2612 versari
1144 2560 1267 2625 opinatus
1284 2559 1353 2618 erat,

264 2634 321 2697 qui,
346 2645 395 2697 pro
412 2646 479 2698 qua,
503 2633 525 2684 si
542 2634 610 2685 haee
627 2635 726 2685 lloratii
744 2649 789 2686 es·
826 2637 970 2701 improviso
987 2637 1017 2686 ut
1032 2635 1103 2701 pugil
1121 2633 1286 2698 aggreditum
1305 2645 1355 2682 oo-

264 2709 338 2770 seut‚
370 2709 433 2770 Sed,
465 2721 566 2772 omrai,
595 2711 787 2775 requireretur.
826 2711 927 2762 micum
943 2723 1009 2762 sano
1026 2708 1188 2774 exemplum.
1223 2709 1279 2758 lam
1299 2708 1356 2758 llo-

263 2785 406 2835 Pmeterea
432 2784 467 2833 ita
491 2797 534 2834 vv.
559 2785 709 2835 Dom--ut
733 2785 791 2836 tibet
826 2785 923 2846 ratius,
957 2783 1083 2848 aquidvis
1116 2781 1222 2844 aliud,»
1254 2781 1352 2846 lnquit,

264 2857 411 2910 admodum
435 2856 605 2922 languerent,
632 2872 694 2910 cum
719 2873 790 2911 nune
827 2857 891 2910 «tibi
906 2859 1078 2922 permittens,
1096 2858 1243 2909 hoouuum
1255 2855 1355 2921 depre-

263 2945 395 2999 perquam
411 2932 504 2984 festive
516 2929 595 3006 παρὰ
611 2931 790 3004 προσδοκίαν
827 2947 886 2997 cor,
905 2946 939 2984 ue
950 2935 981 2983 ut
997 2933 1140 2984 morbosus
1156 2929 1199 2982 ille
1214 2929 1285 2997 pugil
1297 2944 1356 2982 me-

263 3006 441 3073 prolerantur.
487 3007 560 3059 Haeo
593 3009 664 3060 enim
697 3011 789 3074 utique
828 3009 918 3060 diuum
934 3004 1354 3072 tuquoquememalemuloure

263 3082 437 3133 lloratiisuut
453 3095 541 3147 nequa
558 3097 623 3135 vero
641 3097 703 3136 cum
723 3084 790 3136 liiii·
827 3084 963 3148 incipias.»
987 3107 1016 3120 -
1042 3083 1110 3132 Dran
1133 3094 1165 3132 aa
1190 3081 1251 3144 potr
1274 3081 1356 3132 amur

262 3154 320 3208 lero
337 3156 365 3208 in
387 3156 469 3206 Iahnii
484 3157 578 3208 Annal.
602 3159 690 3209 xxvi.
715 3159 787 3210 4839.
826 3159 891 3224 hoie]
910 3159 936 3208 'ru
953 3155 1074 3218 mahat,
1101 3161 1152 3207 erto
1170 3157 1272 3220 (tertiae
1290 3168 1355 3220 per-

263 3243 290 3298 p.
312 3231 370 3281 too.
390 3230 500 3294 aliisque
522 3232 685 3297 Damasippo
710 3232 791 3283 tribui
827 3233 939 3298 sonae),
965 3237 995 3282 ut
1021 3229 1092 3294 tibet,
1120 3243 1193 3296 ποορ
1217 3243 1248 3281 ea
1271 3231 1353 3292 retu,

263 3306 385 3372 possunt.
431 3305 512 3354 Recte
537 3308 628 3357 autem
653 3305 790 3358 laoohsius
826 3321 893 3359 roos
909 3308 949 3358 do
964 3307 1038 3357 will.
1059 3333 1087 3344 -
1106 3306 1127 3356 0
1143 3306 1205 3356 bone
1222 3305 1286 3370 oet]
1305 3304 1354 3355 vi-

263 3378 408 3441 significat,
426 3379 453 3428 iu
465 3377 604 3440 omnihus,
622 3392 691 3443 quae
709 3381 792 3431 llora-
827 3382 876 3434 des
893 3382 1032 3434 lloratium
1048 3393 1098 3446 per
1108 3381 1194 3432 totum
1210 3380 1263 3430 hoo
1274 3377 1356 3430 eoho-

263 3453 316 3504 tius
337 3451 364 3502 in
384 3452 436 3502 hae
456 3453 540 3502 satira
557 3466 590 3504 ex
607 3467 655 3506 sua
674 3467 789 3520 persona
827 3456 921 3521 quium
932 3454 985 3506 loni
995 3467 1105 3519 semper
1114 3454 1235 3506 irrisione
1246 3455 1273 3505 in
1284 3455 1355 3504 Stoi·

264 3525 652 3592 proterat‚euurnesoioquam
662 3529 791 3580 ironicam
827 3545 890 3582 oum
907 3543 985 3582 usum
1003 3540 1076 3581 esse:
1095 3529 1140 3580 hio
1156 3543 1222 3581 vero
1239 3543 1273 3580 ex
1284 3531 1356 3580 stoi-

264 3601 425 3654 brevitatem
442 3603 566 3652 secutum
583 3615 653 3654 esse.
827 3617 921 3656 eorum
937 3605 1048 3656 istorum
1060 3616 1136 3656 more
1147 3605 1233 3666 aerio,
1251 3605 1282 3656 ut
1295 3604 1356 3668 ipse

296 3675 385 3730 28-34.
411 3673 464 3740 eor]
481 3678 510 3726 ut
526 3676 662 3728 interdum
677 3675 789 3750 nuptm,
827 3678 923 3732 saltem
940 3679 1077 3743 opinator,
1096 3691 1223 3730 sermone
1235 3678 1356 3743 aggredi·

264 3755 291 3804 h.
307 3751 325 3803 i.
342 3765 373 3803 os
390 3749 536 3802 ventriculi.
572 3752 625 3804 Cir.
640 3765 667 3806 n.
689 3753 745 3804 lut.
761 3782 789 3792 -
828 3757 871 3806 tur
895 3755 1042 3804 lloratium.
1086 3754 1222 3806 munitus
1248 3755 1354 3816 autem,

264 3827 527 3892 trotecw1«proprie;
552 3827 587 3878 ita
605 3828 676 3878 enim
693 3830 791 3881 mediet
829 3829 852 3882 ai
877 3827 976 3894 ubique
1000 3827 1058 3881 talis
1079 3830 1105 3879 ln
1126 3828 1279 3880 huiusmodi
1295 3841 1356 3880 ser·

264 3904 383 3955 dicum.»
401 3905 493 3953 Poura.
510 3900 728 3968 (μσῖιστασθαι,
739 3919 792 3970 με·
829 3905 954 3957 monibus
976 3902 1149 3956 tamlliaribus
1172 3903 1356 3969 anquirendus

264 3973 425 4042 τάστσσις.)
444 4005 471 4014 -
489 3977 583 4043 miseri]
605 3979 680 4040 Quod
698 3981 792 4032 Graeci
830 3983 885 4044 eat,
902 3980 946 4032 hie
963 3980 1019 4032 tere
1036 3979 1099 4030 erit:
1119 3977 1187 4030 used
1203 3979 1272 4030 haec
1288 3978 1356 4030 hoo-

264 4047 315 4104 τὸν
331 4047 422 4102 τόπον
439 4049 605 4104 πεπονθότα
620 4052 727 4116 meunt,
745 4056 794 4107 La·
830 4057 915 4107 tenus.
950 4057 1006 4106 tarn
1022 4053 1056 4105 ed
1078 4065 1136 4104 mm
1157 4053 1256 4118 ipsam,
1285 4063 1355 4117 quae

264 4127 311 4179 tini
323 4127 450 4176 miserum
462 4125 565 4190 locum,
583 4129 610 4180 ld
623 4131 678 4189 eet,
696 4128 792 4180 morbo
830 4131 894 4182 mihi
914 4131 1029 4182 maxime
1047 4128 1121 4181 cordi
1138 4129 1192 4190 est,
1220 4129 1243 4180 sl
1267 4125 1357 4192 plaoet

264 4201 397 4252 affectum.
433 4199 516 4254 Haut.
536 4206 617 4255 Poen.
637 4205 667 4266 a,
691 4205 720 4267 2.
741 4203 790 4257 lt:
830 4206 996 4257 veniamus.»
1020 4204 1119 4256 obora
1135 4205 1226 4254 autem
1244 4200 1356 4254 inmitia·

263 4277 382 4328 marom
398 4289 448 4330 erre
461 4279 595 4342 praedicat
612 4279 714 4333 οσοοσσι
730 4279 792 4332 riti:
830 4281 866 4332 ris
883 4279 971 4346 potius
988 4291 1069 4344 quam
1086 4279 1185 4331 ironica
1197 4279 1241 4332 est
1255 4275 1355 4330 allocu-
