3130 4966
672 407 801 458 nonnuli
819 406 1000 459 snTlulndll

333 567 389 633 llio
412 587 542 654 gravem
566 566 648 634 duro
671 575 790 631 terram
813 565 868 651 qui
891 564 986 630 vertit
1007 571 1128 633 aratro,

332 688 480 756 Perfidus
502 687 553 754 hic
575 707 693 775 caupo,
717 687 810 752 miles
832 695 1030 772 nautaeque,
1056 704 1233 772 peremne

332 810 481 877 Audaces
503 830 592 876 mare
615 809 669 896 qui
692 817 839 882 currunt,
865 806 925 874 hac
947 817 1054 873 mente
1075 804 1221 872 laborem
1343 807 1386 870 30

334 934 415 1000 Sese
438 931 535 1008 terre,
561 951 657 999 senes
680 931 768 997 utin
791 931 856 996 otia
877 939 945 997 tuta
967 928 1132 1004 recedant,

330 1054 437 1132 Aiunt,
461 1075 536 1121 cum
557 1053 617 1120 sibi
641 1053 705 1120 sint
725 1061 879 1139 congesta
900 1051 1037 1118 cibaria:
1061 1050 1143 1117 sicut

355 1187 396 1237 29.
431 1187 559 1251 Proeltdm
575 1186 615 1236 lio
631 1199 720 1248 compo
736 1186 805 1234 mike
824 1185 962 1249 (Proefidus
978 1197 993 1234 e
1011 1185 1091 1244 coni.¹
1110 1193 1198 1246 conspe
1215 1197 1231 1233 c
1250 1184 1350 1244 codd.)

324 1264 349 1312 F.
378 1262 498 1327 (Perfidus
514 1261 554 1310 liic
565 1275 654 1324 conspe
664 1262 735 1310 mum
745 1261 822 1320 lahn,
840 1260 948 1322 Pemiptt
964 1259 1003 1310 lto
1014 1273 1103 1322 campo
1117 1259 1187 1309 mites
1198 1259 1233 1310 de
1246 1260 1348 1320 Bosclr,

321 1338 442 1388 Fnuidus
458 1338 485 1386 io
495 1349 585 1399 compo
599 1335 670 1386 mites
685 1336 784 1396 Bothe,
801 1336 922 1386 Providus
938 1335 977 1384 lio
994 1339 1096 1397 candor,
1113 1335 1184 1384 intes
1194 1334 1348 1396 Schrader,

321 1413 432 1476 Perfidae
451 1413 490 1460 tio
506 1417 597 1461 cautor
618 1413 733 1470 Person,
760 1409 905 1460 Gouoidicrrs
925 1410 997 1473 vasu
1021 1411 1074 1472 lio,
1096 1411 1167 1460 mike
1192 1411 1349 1472 Markland,

320 1489 471 1536 Punoetam
487 1500 577 1549 compo
592 1485 663 1536 mim
679 1483 801 1544 Schmid,
821 1485 937 1535 Poumtts
953 1485 992 1534 lio
1008 1499 1096 1548 compo
1112 1485 1182 1536 mdes
1199 1484 1346 1538 Obbarius.

324 1562 355 1613 Ut
371 1574 434 1622 nos,
454 1573 548 1612 omnes
565 1561 648 1612 nostri
666 1561 694 1610 et
710 1559 844 1621 Pettierii.)
865 1587 892 1596 -
911 1559 951 1610 32.
970 1561 1054 1626 Aiunt]
1072 1561 1165 1612 Dicam
1184 1573 1224 1624 pr.
1244 1560 1278 1622 d,
1299 1563 1350 1612 Di-

320 1641 379 1686 cunt
395 1649 465 1686 corr.
484 1636 510 1687 d.

289 1737 370 1789 modo
387 1751 413 1790 v.
426 1740 468 1789 27.
489 1739 581 1790 haberi
598 1740 691 1804 possit,
710 1741 738 1790 ut
750 1752 815 1790 non·
852 1738 1033 1792 reconsultum
1056 1741 1145 1804 ipsum
1170 1742 1383 1803 interpretetur,

290 1825 370 1864 nemo
386 1811 478 1876 voluit,
497 1815 622 1878 equidem
634 1829 687 1865 uon
700 1817 764 1867 sutis
776 1816 814 1867 in·
851 1813 975 1866 videlicet
986 1817 1025 1865 ius
1035 1820 1228 1878 cooperientem,
1243 1816 1385 1879 Hesychio

288 1887 392 1952 telligo,
419 1903 482 1940 cum
506 1890 676 1954 parenthesis
700 1889 743 1940 illu
768 1905 813 1941 re-
851 1891 879 1940 Τ.
893 1892 923 1941 ll.
937 1903 963 1955 p.
978 1890 1055 1941 45⁴7:
1074 1887 1291 1956 perveneimus
1308 1886 1386 1942 ἀλα-

289 1962 421 2027 spondeat
437 1964 661 2026 praecedentibus
676 1967 714 2016 Ne
727 1967 763 2017 sic
773 1994 787 2004 -
800 1993 813 2004 -
851 1961 921 2028 ζόνα
937 1961 1081 2030 κάπηλον,
1100 1966 1253 2028 quasivero
1264 1966 1306 2016 sic
1318 1966 1386 2018 sim·

289 2038 373 2087 ridens
386 2051 546 2099 percumom.
852 2038 954 2103 pliciter
965 2053 1116 2104 cauponem
1134 2053 1183 2104 pro
1195 2041 1382 2091 iureconsulto

321 2112 410 2163 28-30.
427 2113 650 2179 llle··quiucrtit]
664 2115 745 2167 Woii:
759 2118 812 2178 Er,
851 2113 942 2164 dicere
959 2115 1061 2179 possis,
1081 2114 1123 2164 vel
1142 2112 1318 2178 vespillonem
1331 2130 1384 2181 pro

290 2187 356 2237 dese
379 2188 480 2254 Pflup
505 2191 646 2240 mulsam
673 2191 814 2243 umlcenrl
851 2188 965 2239 medico.
1001 2190 1218 2252 Necquisquam
1241 2188 1382 2242 lacticin-

290 2263 736 2328 sclswerscltollipesErdrsicl.
756 2268 813 2318 lloc
851 2261 980 2316 telloxerit
1003 2261 1146 2313 lectionem
1170 2263 1254 2314 Codd.
1277 2265 1385 2331 aliquot

289 2351 313 2386 v.
332 2340 428 2402 poetae
451 2342 581 2404 usurpant
601 2355 654 2392 non
673 2342 761 2394 solum
778 2343 813 2393 de
852 2338 919 2388 Feae
937 2350 953 2387 a
970 2338 1061 2389 luhnio
1077 2341 1214 2404 receptum
1232 2341 1324 2405 itaque
1338 2355 1385 2392 ex-

289 2415 377 2464 uretro
388 2414 569 2478 (vinciant,
581 2415 659 2480 539.)‚
672 2419 813 2470 sedetiam
852 2411 987 2476 plicatam:
1008 2413 1109 2475 «miles,
1122 2415 1168 2478 qui
1181 2427 1276 2480 campo
1289 2419 1318 2466 et
1329 2429 1383 2481 pu·

290 2487 324 2538 de
348 2489 449 2540 rastris.
484 2491 550 2540 Aen.
569 2492 597 2552 7,
626 2493 688 2542 725:
714 2498 815 2543 uertunt
851 2488 909 2550 gnis
927 2501 980 2538 non
997 2488 1066 2539 lidus
1084 2492 1151 2540 est.»
1185 2490 1278 2541 idest
1301 2491 1383 2556 igitur

288 2564 372 2626 [elesa
387 2565 485 2615 Baccho
495 2567 606 2617 uagam
618 2569 770 2631 quamam,
784 2598 810 2606 -
852 2562 1016 2624 «desertor»,
1034 2565 1080 2628 qui
1098 2565 1234 2628 quomodo
1252 2579 1267 2616 e
1282 2569 1382 2618 cestris

289 2640 400 2702 Putidus
415 2639 454 2689 iic
470 2642 561 2706 caupo]
578 2643 626 2704 lte,
645 2645 671 2694 in
683 2657 737 2708 quo
749 2658 815 2695 non.
850 2637 979 2702 prologus
1000 2639 1140 2702 acquirere
1165 2653 1249 2705 opes¹
1277 2642 1381 2693 cibaris

289 2712 351 2764 nulli
369 2715 427 2764 sine
444 2727 524 2765 causa
541 2717 701 2780 haeserunt,
728 2732 814 2783 oppo-
851 2713 902 2763 sibi
913 2727 1058 2778 congerere
1071 2718 1166 2778 queet,
1183 2714 1313 2777 equidem
1326 2730 1382 2767 non

290 2790 361 2839 nitur
382 2803 408 2840 v.
426 2789 467 2839 illo
485 2803 556 2841 vers.
578 2794 704 2856 praeced,
723 2797 751 2844 et
773 2797 815 2844 est
851 2787 975 2853 intelligo.
1010 2791 1049 2840 De
1067 2789 1226 2840 Criticcrum
1239 2791 1383 2843 coniectu-

289 2861 813 2930 dictumquasidecxuxoig,«cuiusmodi
852 2864 901 2923 ris,
929 2876 996 2928 quos
1018 2863 1099 2914 animi
1121 2877 1202 2914 causa
1224 2863 1379 2926 attulimus,

289 2938 407 3002 quotidie
424 2939 527 2998 videam
545 2941 598 2991 Sat.
618 2943 642 3004 4,
660 2946 689 3004 s,
708 2943 735 2995 l:
754 2958 815 2994 cau-
852 2939 940 2988 lflcerss
962 2940 1088 3003 prtessidi·
1110 2966 1137 2975 ·-
1159 2939 1261 3001 mutue]
1283 2954 1382 2994 mistis

286 3014 393 3077 ponitus
404 3016 614 3080 atquemolipnis.
636 3020 737 3070 Novum
749 3033 814 3084 per·
851 3006 984 3084 ἔμποροι,
1005 3013 1269 3064 Frechtschiller
1281 3016 1317 3077 (ν.
1331 3018 1379 3076 6.),

290 3101 383 3141 sonam
401 3089 516 3152 inducit,
541 3091 630 3144 dedita
653 3108 735 3160 opero
753 3095 780 3146 h.
795 3095 812 3148 l.
852 3103 904 3141 non
931 3087 1090 3140 navicularii.
1126 3090 1179 3140 Cir.
1203 3091 1252 3142 od.
1274 3091 1305 3152 2,
1332 3093 1378 3151 43,

289 3163 415 3216 omittens
432 3165 652 3230 iureconsultum,
671 3173 701 3220 ut
718 3171 815 3234 quidi-
853 3165 898 3216 il:
928 3165 1016 3214 navita
1035 3191 1049 3202 -
1067 3167 1170 3216 Pomm.
1200 3190 1227 3202 -
1255 3169 1378 3233 cunum]

290 3239 427 3303 sciplinam
445 3253 522 3293 suom
540 3257 593 3294 non
608 3247 745 3308 quaestus,
764 3247 814 3297 sed
853 3239 1125 3290 sdwrvlkrmeue
1161 3239 1239 3290 Wolf·
1259 3239 1312 3290 Cir·
1327 3241 1377 3292 Od-

289 3315 397 3366 honoris
414 3318 495 3380 atque
513 3319 611 3368 civium
623 3319 741 3370 utilitatis
752 3335 815 3371 ceu·
853 3315 880 3375 ⁴,
899 3313 943 3374 ²8.
966 3313 1012 3364 35²
1039 3314 1286 3376 “Cimb-wa&
1313 3318 1378 3370 ilem

289 3401 319 3439 sa
337 3393 475 3450 exerceam
494 3403 575 3455 supra
587 3395 677 3445 autem
694 3393 737 3446 ille
749 3408 814 3460 pro·
852 3388 886 3438 (¹0
904 3390 991 3438 muit-
1013 3413 1040 3424 ··
1059 3389 1087 3438 id
1106 3389 1159 3438 ⁰ll⁰
1177 3394 1233 3439 luto
1249 3393 1378 3458 recedam]

288 3466 348 3527 pter
365 3462 417 3512 hoc
436 3465 539 3514 tantum
560 3467 714 3529 notabatur,
740 3469 813 3532 quod
851 3465 952 3512 Seneca
977 3462 1011 3513 de
1037 3463 1114 3514 Brev·
1134 3464 1202 3515 vilae
1228 3464 1258 3516 l:
1288 3467 1380 3520 :ludios

290 3539 346 3601 ipsc
364 3549 472 3601 quoque
490 3553 541 3590 non
560 3541 648 3592 minus
665 3545 746 3607 utque
763 3545 814 3594 ho-
848 3539 1110 3600 nltrvtlttvdlmlffl
1128 3539 1162 3588 “¹4
1171 3541 1379 3606 WMWM

289 3613 391 3662 minum
412 3612 504 3676 volgus
526 3616 660 3668 interdum
684 3618 719 3669 de
745 3621 813 3672 vitae
852 3615 882 3664 id
907 3615 1003 3664 Otium
1027 3615 1183 3674 neellami
1208 3619 1379 3680 maeotim

289 3699 354 3738 suae
372 3685 484 3738 molesta
497 3689 653 3741 condicione
666 3705 762 3756 parum
773 3707 815 3744 su-
852 3703 934 3740 onous
958 3690 991 3739 ol>
1014 3689 1096 3753 officio
1120 3703 1160 3740 nto
1181 3691 1312 3742 dinotet.»
1346 3693 1378 3744 Et

290 3763 394 3826 pienter
421 3761 598 3824 lamentatum
633 3779 721 3831 neque
749 3781 814 3819 vero
853 3764 974 3816 similiter
984 3765 1095 3828 Epicteti
1105 3764 1180 3816 exsul
1192 3767 1262 3831 opud
1272 3768 1375 3818 Arrian.

290 3837 352 3886 hinc
374 3838 478 3887 recedit
500 3839 696 3892 iureconsultus
713 3841 814 3904 solum,
853 3842 882 3899 4,
911 3841 955 3901 to,
982 3841 1014 3890 2:
1045 3837 1304 3907 ἐπαγγελλόμενος,
1331 3833 1379 3892 ὅτι

290 3909 337 3962 sed
359 3912 439 3962 etium
461 3911 575 3976 litigator
596 3915 762 3978 rusticanus,
789 3921 815 3969 et
852 3907 924 3966 ἄλλο
938 3909 1022 3965 οὐδὲν
1038 3909 1152 3978 ἀναβὰς
1169 3913 1338 3977 σπουδάσει,
1357 3911 1378 3981 ἢ

290 3985 398 4050 quidem
416 3990 525 4051 propter
541 3987 656 4041 similem
673 3992 813 4044 rationem.
852 3991 883 4042 ἐν
902 3984 1011 4058 ἡσυχίᾳ
1027 3991 1076 4041 καὶ
1093 3985 1378 4062 ἀταραξὶᾳδιεξαγα-

290 4063 416 4112 Ceterum
443 4061 485 4111 vix
508 4061 576 4114 ullus
600 4067 643 4116 est
668 4066 815 4119 versiculus
852 4069 912 4133 γεϊν
928 4061 963 4115 τὸ
980 4061 1082 4116 tomis
1098 4063 1151 4116 τοῦ
1167 4065 1244 4127 βίου.

291 4137 458 4196 Horatianus,
472 4138 516 4201 qui
529 4137 604 4202 pluro
616 4139 684 4191 malo
697 4155 713 4190 a
725 4143 816 4192 Gram-
886 4140 974 4190 :st-ou.
1001 4139 1109 4204 doario]
1135 4142 1304 4206 oleorum,
1332 4155 1377 4192 res

290 4212 394 4262 rusticis
411 4225 557 4277 perpessus
574 4215 616 4266 sit.
652 4217 721 4268 Ecce
743 4217 815 4269 enim
853 4213 934 4280 quam
952 4215 1067 4266 maxime
1079 4216 1114 4266 ad
1131 4217 1231 4268 victum
1250 4229 1377 4268 necessa-

292 4287 416 4349 exoritu.
436 4289 481 4352 qni
499 4303 649 4354 cauponem
661 4290 764 4344 vetrum
777 4292 816 4344 iu·
852 4292 934 4352 riaen,
953 4303 1006 4355 quo
1018 4292 1077 4356 ipso
1090 4291 1219 4343 vocabulo
1232 4295 1375 4344 extenuare
