3082 4968
593 447 651 500 MD.
672 449 690 500 1.
726 447 795 500 sni.
813 449 854 500 Vl.
1207 449 1269 515 409

221 604 286 668 Nos
310 601 417 670 iecere
439 622 458 668 u
480 603 576 692 volgo
598 604 694 692 longe
716 603 878 694 longeque
901 609 1066 674 remotos?

220 725 366 813 Namque
388 735 474 802 esto,
497 725 638 813 populus
660 727 801 794 Laevino
823 727 932 796 mullet
953 728 1109 798 bonorem

220 847 325 926 Quam
346 847 448 914 Decio
470 846 625 916 mandere
647 869 747 926 novo,
772 869 956 939 censorque
977 861 1123 919 moveret
1225 853 1267 918 io

217 969 355 1057 Appius,
379 969 520 1057 ingenuo
542 970 569 1037 si
591 990 656 1036 non
680 991 787 1038 essem
809 981 901 1060 patre
924 982 1033 1040 natus:

218 1089 275 1156 Vel
295 1089 428 1166 merito,
452 1091 605 1180 quoniam
627 1091 660 1157 in
681 1094 813 1182 propriu
836 1115 900 1161 non
921 1093 1007 1183 pelle
1028 1097 1203 1184 quiessem.

240 1270 280 1321 48.
302 1271 349 1322 l'os
364 1269 498 1322 Bentleius
516 1273 585 1322 conl.
607 1299 634 1309 -
653 1273 726 1336 lonae
742 1273 840 1336 mebris
856 1277 912 1326 tres
929 1277 1058 1338 Pollierii‚
1077 1275 1172 1339 Aldus,
1192 1282 1230 1330 Li.

174 1412 225 1466 que
240 1403 340 1453 virtute
358 1404 404 1465 sit,
418 1416 549 1468 quaerere
570 1405 700 1469 oporiet·
739 1417 871 1454 cessuram
887 1405 1022 1456 lomenmm
1038 1413 1083 1457 out
1099 1409 1195 1458 4414444444
1205 1422 1264 1460 esse.

173 1477 225 1527 Sed
242 1477 310 1542 quid
327 1478 460 1530 eliiuebnt
470 1478 618 1530 admonere
629 1480 702 1530 1444-
739 1481 837 1530 Errare
863 1480 924 1530 milii
951 1482 1065 1541 videtum
1093 1497 1156 1534 eum
1181 1486 1266 1535 sordes

172 1555 307 1614 censilem,
326 1553 481 1616 4444444441,
496 1567 565 1618 qliae
578 1566 641 1604 eum
653 1553 702 1604 mi-
738 1556 820 1605 414444
835 1555 900 1617 ooli,
925 1569 1003 1605 uenus
1018 1557 1064 1606 sibi
1081 1572 1164 1609 omnes
1180 1565 1203 1609 ei
1223 1562 1265 1610 oi-

172 1628 243 1677 uime
270 1627 359 1677 iecere
382 1629 436 1679 iem
457 1641 538 1693 supre
560 1628 701 1694 preedice-
737 1631 911 1692 scereaperil.
948 1631 995 1680 llic
1007 1632 1117 1696 quidem
1134 1645 1183 1698 pro
1196 1647 1264 1698 quo-

171 1704 247 1753 444444
265 1703 398 1753 Herelius.
433 1705 519 1755 immo
530 1717 576 1754 nos
586 1706 702 1769 pertinet
737 1706 778 1754 vis
801 1717 914 1755 censore
940 1717 1036 1756 severo
1061 1709 1124 1771 poni
1148 1709 1262 1759 videtur.

170 1781 204 1830 ed
221 1781 363 1830 Horatium
381 1784 409 1831 et
424 1777 491 1832 elios
503 1781 626 1832 eiusdem
639 1795 702 1832 con·
737 1779 796 1828 vid.
814 1780 917 1830 Becker
933 1780 1030 1830 Handb.
1043 1782 1066 1830 d.
1081 1787 1144 1832 rem.
1157 1784 1261 1834 Alterib.

170 1853 285 1906 dicionis
307 1869 339 1905 oc
360 1853 503 1906 voluntatis
525 1857 606 1906 viros.
631 1883 659 1894 -
683 1869 700 1906 u
737 1857 767 1916 i,
788 1857 816 1914 4,
843 1857 898 1906 496.
921 1859 987 1906 —si
1009 1858 1068 1922 nou]
1093 1859 1146 1909 Cir.
1177 1861 1264 1925 Reisig

168 1931 408 1996 volponremotos]
421 1931 468 1982 Od.
481 1933 507 1993 i,
521 1932 562 1988 46,
575 1931 621 1982 37:
640 1931 702 1981 milri
737 1931 793 1980 Lei.
813 1931 943 1992 Sprucbw.
957 1944 983 1995 p.
997 1933 1066 1994 bio,
1085 1935 1131 1998 qui
1148 1937 1224 2000 putet
1237 1938 1263 1987 iu

169 2033 183 2044 -
192 2034 207 2045 -
218 2009 307 2057 Parce
317 2033 332 2044 -
342 2033 357 2044 -
368 2007 435 2056 dedit
445 2033 460 2043 -
470 2007 612 2071 4444194444
632 2021 701 2070 44444-
738 2005 856 2056 cretione
870 2007 942 2056 recte
954 2008 988 2056 ite
1001 2007 1145 2060 dicendum
1162 2009 1261 2062 tuisse:

167 2082 342 2145 neeoolpro.
373 2080 510 2144 Od.3‚l,
530 2082 556 2131 l:
576 2083 700 2144 Odipro-
738 2081 776 2130 «si
794 2081 941 2132 consim-
977 2083 1055 2133 Certe
1069 2088 1175 2136 nonest
1189 2098 1265 2149 pron-

166 2157 483 2221 (monteronem.
502 2157 604 2207 Seneca
616 2157 697 2221 Epist.
736 2167 782 2205 sus
799 2154 872 2208 idem
889 2170 921 2206 ec
939 2158 1013 2220 quie,
1035 2161 1065 2208 ui
1082 2173 1115 2209 ex
1133 2161 1263 2212 Diomede

168 2231 197 2282 3:
224 2231 367 2282 Dissimiles
382 2243 434 2282 esse
454 2244 511 2282 nos
531 2231 605 2295 ooipo
621 2233 697 2293 seius,
736 2227 791 2280 volt
808 2231 941 2294 Cruquius
958 2247 985 2297 p.
999 2233 1068 2294 eei„
1087 2236 1162 2286 ouius
1178 2236 1262 2287 verbe

168 2307 364 2369 quimspeeerit
376 2307 491 2370 propius.
515 2333 543 2342 —
564 2307 700 2370 4444941444-
736 2307 866 2369 exscripsi
877 2307 911 2356 ed
923 2309 1017 2370 Soti,
1036 2309 1066 2368 9,
1084 2311 1126 2360 ei.
1161 2311 1262 2363 verum

167 2382 255 2447 peqru]
279 2381 374 2434 Modus
395 2381 586 2446 superlativum
610 2384 700 2446 expri-
735 2380 787 2431 hoc
805 2380 879 2430 dicit:
900 2384 1027 2447 «Appius.
1046 2386 1076 2434 ut
1088 2395 1182 2436 omues
1194 2384 1260 2438 elios

167 2459 262 2509 mendi
283 2459 365 2508 etiem
388 2457 461 2521 opud
484 2458 539 2508 Cic.
563 2459 597 2509 de
623 2459 697 2510 Finn.
736 2453 887 2516 libertinos,
902 2469 945 2508 me
958 2471 1080 2522 quoque,
1093 2460 1206 2512 sibulus
1218 2475 1263 2513 es·

167 2529 243 2594 Ml
259 2572 266 2593 ,
285 2532 341 2594 68.,
366 2545 448 2596 quem
465 2535 607 2584 servarunt
627 2533 697 2594 itali,
736 2543 795 2582 sem
807 2531 983 2592 condicionis,
1003 2537 1097 2584 seueiu
1113 2539 1261 2586 moveret.»

167 2609 243 2674 luceo
257 2608 335 2672 iunpo
347 2607 482 2659 interdum
495 2608 624 2660 dicentes.
643 2609 698 2660 Ab·
738 2631 766 2642 -
781 2607 823 2656 Vel
831 2609 929 2673 merito]
941 2609 989 2657 καὶ
1002 2605 1120 2672 εἰκότως
1131 2625 1171 2676 γε.
1192 2612 1261 2662 Scite

168 2685 252 2734 surde
272 2685 314 2733 est
337 2681 418 2733 alteru
442 2681 520 2734 lectio
543 2685 615 2748 loupe
635 2685 699 2735 lule-
735 2680 787 2731 hoc
798 2681 930 2733 versiculo
942 2684 1084 2747 significat,
1104 2697 1133 2735 se
1149 2699 1261 2750 prorsus

167 2759 341 2823 quopropter
353 2757 441 2821 ipsum
451 2771 477 2807 v.
490 2763 610 2818 remotos,
625 2759 696 2822 quod
735 2755 882 2808 ebborrere
899 2757 934 2808 eb
951 2759 1098 2810 honoribus
1120 2762 1262 2812 Maecena·

167 2831 316 2883 latitudinis
344 2845 455 2884 sensum
483 2833 601 2898 respuit,
636 2846 697 2883 oum
735 2831 1043 2897 tietevoreceplendie.
1064 2862 1091 2872 -
1111 2838 1262 2898 4144444-

168 2910 263 2958 conlre
284 2909 358 2956 recte
380 2906 484 2958 dicetur
506 2908 578 2972 ionpe
601 2909 699 2971 iateque
732 2907 794 2968 pria
809 2921 859 2957 nou
880 2908 945 2971 pelle
967 2909 1094 2973 4444444444]
1119 2911 1172 2960 «Ex
1196 2923 1262 2975 pro-

164 2988 269 3045 putere,
281 2983 385 3046 eparci,
398 2983 514 3046 diffundi.
533 2983 609 3035 Hand
620 2985 696 3034 Turs.
734 2981 828 3032 verbio
850 2986 986 3047 sumptum
1010 2985 1051 3035 est
1076 2985 1101 3034 in
1125 2997 1187 3045 eos,
1215 2986 1262 3048 qui

167 3057 209 3107 111.
228 3071 259 3122 p.
278 3057 341 3107 552:
362 3057 463 3121 usoepe
482 3061 645 3109 commutate
656 3061 699 3110 esi
735 3055 927 3108 mediocritatis
944 3070 1009 3108 sune
1027 3055 1100 3108 obliti
1119 3060 1219 3110 meiore
1231 3071 1261 3109 ee

168 3129 283 3183 lormule
294 3131 366 3196 leupo
377 3132 487 3194 44444444,
506 3145 575 3197 quoe
589 3133 622 3183 de
634 3147 698 3197 spe·
735 3133 798 3196 ipsis
815 3134 957 3196 appetunt,
976 3144 1045 3195 quos
1062 3145 1115 3183 uon
1131 3133 1261 3184 contineri

169 3207 209 3258 liis
226 3206 697 3271 14414444414144014444,4414441111-
734 3208 803 3256 intre
823 3204 974 3270 pelliculam
996 3205 1137 3257 dicimus.»
1166 3209 1259 3257 Ponere.

167 3285 234 3346 gest.
248 3281 279 3342 4,
298 3281 329 3342 i,
349 3281 393 3344 39,
413 3282 442 3331 l:
469 3287 493 3332 et
512 3283 584 3347 beroe
601 3283 698 3346 lcteqrre
734 3281 836 3332 senece
854 3282 935 3345 Epist.
950 3281 978 3331 9:
996 3281 1110 3344 plerique
1125 3282 1262 3344 sapientem

167 3371 220 3409 rem
245 3351 376 3408 nielior'em
399 3358 482 3421 sccii.»
504 3384 531 3394 -
554 3357 639 3422 Decio]
667 3359 695 3408 P.
733 3357 843 3419 undique
868 3356 1011 3406 submouem
1035 3362 1059 3406 ei
1086 3358 1156 3406 intre
1181 3362 1262 3408 44414444

167 3433 267 3484 Decius
285 3433 357 3494 blus,
382 3431 464 3482 homo
479 3445 570 3492 4444444,
594 3433 696 3496 primus
733 3445 807 3482 suom
818 3437 918 3496 copiunt.
938 3430 1047 3482 lierliel.
1061 3431 1090 3492 3,
1104 3431 1144 3482 46.
1158 3431 1193 3481 de
1205 3444 1262 3482 cer·

168 3519 183 3556 e
199 3507 291 3558 Deciis
303 3504 396 3557 consul
413 3505 462 3556 luit
474 3509 502 3556 et
513 3507 538 3556 in
551 3505 621 3556 bello
633 3519 695 3557 cum
734 3505 804 3556 done
816 3509 969 3570 arrogante:
989 3511 1026 3569 ie,
1037 3506 1098 3556 mibi
1109 3509 1195 3569 erede,
1207 3521 1262 3558 me-

168 3581 268 3632 betinis
285 3593 334 3646 pro
351 3579 501 3644 legionibus
518 3581 643 3632 Romanis
656 3581 696 3632 dis
732 3587 815 3631 meiito
831 3583 904 3632 Nunc
919 3583 947 3631 lu
959 3582 1090 3645 pelliculo,
1114 3583 1200 3642 cudo,
1223 3587 1262 3632 te-

167 3657 260 3707 14444414
285 3667 347 3706 sese
373 3655 481 3706 devovit
505 3669 530 3706 e.
548 3669 575 3706 u.
594 3669 618 3706 o.
637 3655 694 3708 444.
733 3669 793 3707 uere
809 3661 862 3706 lue.
898 3657 1047 3707 Esieuiem
1061 3655 1259 3718 propriorem,

167 3731 223 3782 Liv.
242 3731 273 3792 8,
292 3730 317 3780 9.
343 3731 435 3780 iuven.
452 3730 480 3792 8,
500 3729 561 3781 eci:
587 3730 697 3782 Plebeioe
734 3743 832 3794 squam
849 3733 943 3781 netum
955 3732 1012 3794 ipse
1024 3731 1089 3781 mibi
1104 3728 1152 3780 soli
1170 3729 1262 3781 tribuit

167 3806 306 3857 Deciorum
332 3807 445 3867 4444144444,
473 3805 569 3868 piceus
595 3807 697 3869 fuerim
733 3805 783 3866 ite,
809 3805 838 3854 ut
855 3803 922 3855 elius
940 3802 1037 3855 nullius
1054 3805 1114 3855 sit.»
1142 3805 1185 3854 sio
1205 3801 1261 3854 14411

167 3879 293 3940 Nondum
315 3892 366 3942 pro
383 3881 440 3930 totis
456 3879 594 3944 lepionibus
610 3880 636 3928 bi
655 3885 697 3929 ie-
733 3879 809 3928 siersi
833 3880 872 3929 ne'
890 3879 944 3929 suoi
965 3879 1055 3941 penui.
1100 3879 1228 3942 (blunzoni
1251 3881 1262 3930 i

167 3965 225 4004 men
240 3959 265 4004 et
284 3967 334 4016 pro
356 3954 475 4004 ominus
491 3954 598 4004 armillis
622 3959 697 4017 etque
734 3955 856 4017 prommsi
886 3954 953 4017 spesi
984 3953 1032 4004 lid.
1058 3953 1131 4006 4844.
1156 3967 1182 4019 p.
1203 3957 1260 4018 it.)

168 4029 236 4080 4444444
248 4028 317 4092 pube
332 4029 425 4079 Luiirm
440 4029 575 4094 &fficium
597 4029 636 4080 dis
655 4031 697 4080 in-
734 4030 835 4082 Goeihe
854 4030 960 4079 Riemer
970 4028 1001 4078 ll.
1014 4041 1042 4092 p.
1056 4027 1116 4078 ⁴3⁰:
1134 4029 1183 4079 1414
1191 4029 1262 4080 414444·

167 4103 246 4167 [emb
263 4104 404 4167 Terraeque
416 4105 527 4168 perenn.
548 4131 576 4142 -
593 4105 695 4170 Appius]
733 4103 974 4166 bupocboudriscben
987 4103 1200 4167 Debebuplicblreit
1209 4105 1261 4154 sici

169 4178 268 4242 Appius
280 4177 408 4230 claudius
423 4178 550 4239 Pulcher,
570 4181 597 4230 P.
612 4178 696 4231 Clodii
734 4191 783 4228 ures
793 4179 874 4230 4444444·
884 4177 953 4228 Haut
962 4178 1055 4228 berem
1065 4179 1093 4227 in
1103 4177 1157 4228 44444
1168 4179 1261 4229 eodm

170 4249 264 4314 iretur,
291 4253 325 4304 de
344 4266 398 4318 quo
419 4252 524 4305 coelius
541 4253 613 4318 apud
639 4255 693 4304 Cic.
734 4255 834 4314 minen,
852 4253 906 4302 uili
921 4253 985 4314 sicli,
1003 4253 1082 4303 diruit
1100 4253 1178 4315 444141,
1193 4253 1261 4304 nicil

171 4324 337 4391 ediumli,
357 4327 697 4392 rummesie-rurestri
732 4327 799 4378 ocii
823 4329 926 4378 44444444.
968 4327 1046 4392 (Alie,
1074 4327 1124 4378 sed
1150 4340 1259 4391 prorsus
