3082 4968
559 445 620 496 uin.
638 447 657 496 1.
694 445 761 496 sir.
780 446 811 496 V.

186 605 265 669 Nam
286 621 369 690 vaga
390 621 451 690 per
471 612 616 671 veterem
637 601 763 691 dilapso
786 599 913 668 flamme
935 600 1074 670 culinam

185 723 326 792 Volcano
348 745 510 792 summum
532 725 729 814 properabat
749 722 893 792 lambere
914 732 1043 792 tecum.

187 847 346 915 Convivas
368 846 481 914 avidos
502 866 638 914 ooenam
660 867 841 936 servosque
862 846 1011 914 timentes
1192 847 1233 912 75

186 970 266 1036 Tum
287 989 405 1056 rapere
426 979 526 1058 atque
548 989 662 1036 omnes
684 967 887 1056 restinguere
909 965 992 1036 veile
1015 965 1154 1035 videres.

186 1091 302 1180 Incipit
322 1111 363 1158 ex
385 1089 440 1158 illo
462 1100 589 1159 montes
609 1089 726 1179 Apulia
746 1099 841 1157 notos

186 1214 360 1281 Ostentare
382 1211 477 1291 mihi,
502 1233 585 1301 quos
607 1221 708 1280 torret
728 1210 884 1280 Atabulus
907 1221 940 1279 et
961 1233 1044 1300 quos

185 1337 358 1423 Nunquam
380 1355 587 1424 erepsemus,
611 1336 673 1402 nisi
696 1355 755 1402 nos
779 1335 884 1402 vicina
906 1335 1022 1403 Trivici

186 1455 265 1524 viiia
288 1456 484 1544 recepisset,
508 1455 679 1524 lacrimoso
701 1478 766 1524 non
788 1458 857 1524 sine
880 1457 982 1536 buno,
1193 1461 1234 1525 80

176 1672 239 1724 uror.
259 1673 332 1726 stru.
368 1675 399 1728 ut
416 1687 479 1736 nos,
498 1673 589 1739 nscup
608 1677 634 1726 as
651 1675 752 1726 veneta
770 1674 853 1739 tiss.)
874 1700 901 1711 -
920 1648 1101 1740 sassures,
1120 1677 1203 1740 spem

175 1748 300 1874 zmssprsii
318 1762 333 1800 e
350 1747 508 1801 Bentleiauis
526 1750 622 1814 Regius
639 1753 667 1800 et
683 1761 724 1814 pr.
743 1748 780 1812 κ.)
809 1778 836 1787 -
865 1748 905 1800 73.
924 1751 1024 1812 delapso
1041 1750 1086 1815 dp.
1108 1749 1135 1785 ὲ
1159 1750 1200 1800 io.

140 2013 200 2062 tunt
213 2011 365 2074 significari.
400 2012 502 2062 Verum
519 2011 612 2062 durius
629 2013 670 2062 vi-
706 2011 827 2062 iiemorie
851 2010 905 2062 44444
931 2012 991 2062 inst.
1019 2012 1126 2062 orobeoi.
1158 2013 1232 2066 Fuso.

141 2085 220 2136 cietur
241 2087 269 2137 iu
292 2098 346 2136 uno
363 2087 516 2150 eodemque
531 2099 614 2138 versu
630 2099 670 2137 ss-
707 2085 731 2136 4.
749 2098 777 2150 p.
796 2086 854 2136 252.
879 2113 906 2122 -
929 2085 1233 2150 Aiubuisu180ueoa0.

141 2161 228 2211 mrsu
244 2161 365 2223 hospitem
381 2163 409 2211 et
425 2160 460 2212 de
477 2162 536 2224 ipso
547 2173 669 2226 caupone
708 2161 765 2210 Nat.
785 2161 813 2221 s,
833 2161 863 2210 44
872 2174 878 2208 :
900 2160 1021 2212 Atabulus
1035 2161 1154 2225 Apuliam
1170 2163 1236 2228 infe-

143 2234 243 2297 turdos
271 2235 405 2297 versante)
435 2239 463 2286 et
487 2235 521 2286 de
547 2249 669 2300 caupona
706 2238 770 2295 stus,
789 2234 1037 2298 consumme.
1069 2235 1108 2287 Cf.
1122 2233 1187 2287 Plin.
1200 2237 1233 2290 ii.

141 2311 519 2374 recipere-Passaronem
530 2311 667 2376 aruisset]
706 2309 738 2359 N.
758 2309 801 2370 47,
820 2308 861 2360 et.
896 2309 943 2360 Est
959 2313 1055 2361 venius
1073 2323 1106 2362 ex
1126 2311 1233 2364 Oriente

142 2384 294 2436 verborum
304 2385 405 2436 ordinis
416 2385 581 2450 perturbatio
588 2399 670 2450 quse-
706 2383 788 2444 ilaus,
807 2395 890 2446 quem
906 2383 983 2448 Apuli
999 2385 1080 2435 hodie
1090 2385 1234 2438 Asuero-

142 2458 204 2510 tiam
220 2460 379 2523 ipsamrem
396 2461 493 2512 imitari
508 2460 622 2512 videtur,
639 2488 665 2496 -
706 2458 776 2508 eunt.
796 2483 827 2494 -
844 2459 990 2524 erepseinsu]
1017 2459 1103 2510 torma
1128 2473 1235 2512 sermo-

142 2533 329 2599 dum-uersnt]
346 2534 387 2585 Ad
404 2538 503 2586 constr.
522 2537 591 2600 part.
608 2537 669 2586 dms
706 2533 747 2584 nis
765 2531 910 2596 quotidiani
927 2545 977 2596 pro
995 2535 1180 2596 mesenae,
1203 2537 1234 2587 ut

141 2621 203 2660 oum
220 2609 356 2673 praesenti
374 2609 421 2660 eir.
435 2609 618 2661 Heindoriium
633 2610 668 2661 ad
704 2619 811 2656 sorssors
822 2607 876 2657 sut.
889 2608 917 2668 4,
936 2607 964 2668 9,
983 2607 1036 2668 73,
1055 2609 1145 2659 siesse
1156 2611 1187 2671 2,
1205 2609 1230 2672 3,

142 2681 168 2732 b.
186 2681 203 2732 l.
222 2683 278 2734 Lis.
297 2683 344 2745 38,
364 2686 393 2734 i:
415 2685 669 2736 DumisAsiobei-
706 2681 774 2744 t69.,
792 2681 917 2743 wastii,
936 2682 964 2742 4,
988 2681 1039 2743 68.,
1064 2683 1135 2734 uiuet
1159 2685 1230 2748 virg.

141 2758 192 2806 iuss
216 2759 330 2822 pabor,
355 2771 387 2809 ue
411 2760 438 2809 in
458 2760 549 2810 Aetolis
569 2761 669 2822 quidem
705 2757 770 2807 Aen.
790 2757 834 2817 44,
862 2756 931 2816 448.,
949 2754 996 2806 ubi
1021 2757 1074 2808 vid.
1094 2757 1230 2822 Forbiger.

141 2833 290 2894 pissime:
305 2834 416 2897 moui.
447 2833 486 2885 Ci.
500 2834 577 2884 Haud
591 2835 665 2885 iuss.
704 2829 813 2892 Erepsre
835 2833 925 2880 eutem
949 2843 991 2894 pr.
1009 2831 1162 2884 erbibnmeo.
1190 2832 1230 2884 Gi.

141 2908 170 2958 ii.
183 2921 211 2972 p.
230 2907 289 2958 3446.
310 2935 338 2944 -
355 2909 424 2958 Num
438 2922 508 2973 supe
524 2909 588 2971 oet]
600 2909 669 2959 Ver-
705 2902 800 2954 salust
812 2905 868 2969 [ug.
882 2905 927 2955 60:
945 2905 1019 2954 soniis
1030 2907 1121 2970 opressi
1130 2908 1229 2958 milites.

141 2994 185 3032 sus
202 2981 257 3032 duo
270 2982 353 3046 epiri,
371 2982 482 3046 peronia
493 2983 606 3034 tortasse
619 2983 669 3034 Eu·
707 3005 735 3017 -
756 2978 854 3044 Trivici]
878 2978 983 3043 «oppidi
1000 2980 1027 3030 iu
1044 2980 1097 3032 flue
1115 2981 1232 3046 Cemps-

141 3057 229 3118 ntam,
259 3070 330 3121 quae
358 3056 473 3109 lectores
501 3061 565 3108 tune
588 3055 666 3108 valdo
705 3053 774 3114 niae,
793 3052 981 3115 quovehicuia
998 3054 1086 3104 iuuota
1099 3056 1230 3108 secedere

140 3129 320 3182 delectabant.
340 3157 368 3168 -
389 3129 665 3194 Volsmso10niniii.8‚
704 3129 853 3190 nequeunt;
872 3139 936 3190 ergo
953 3129 1077 3180 Horatius
1093 3130 1129 3180 ad
1140 3129 1230 3183 viliam

140 3205 168 3264 44,
186 3204 234 3256 st:
260 3205 397 3256 Voioussun
409 3206 609 3270 protpneooipo
622 3219 668 3256 ao-
704 3201 845 3252 devertit.»
878 3203 974 3251 Assos.
1010 3203 1039 3251 ln
1064 3217 1145 3267 prosa
1168 3219 1230 3257 ore-

140 3279 230 3329 tis'msu.
250 3306 280 3316 -
301 3281 362 3330 Tuon
382 3293 475 3344 rupere
494 3281 556 3346 eet]
580 3282 666 3332 Scene
704 3278 789 3327 tione:
809 3275 874 3327 «uisi
891 3276 918 3326 in
929 3277 1066 3329 Trivioano
1076 3283 1231 3342 pernoctas-

140 3353 242 3406 iocosa:
270 3367 333 3405 uam
350 3357 468 3420 primum
484 3355 554 3406 uvidi
574 3356 667 3406 eonvi—
703 3362 822 3402 semus.»
856 3351 979 3402 Fortasse
1001 3350 1038 3402 ibi
1054 3367 1162 3418 quoque
1180 3355 1229 3406 aii-

139 3441 187 3479 vue
205 3443 239 3480 ex
256 3429 366 3480 flamma
381 3429 523 3495 rapiebant
539 3443 664 3492 coenam,
703 3426 763 3489 quis
780 3426 831 3476 boo
848 3427 899 3476 iter
914 3425 1067 3480 iacientium
1079 3427 1121 3479 vei
1133 3442 1228 3482 eorum

139 3503 257 3568 itemque
281 3505 365 3566 servi,
393 3505 450 3569 qui,
469 3505 491 3556 si
509 3507 563 3554 totu
581 3517 665 3555 coena
703 3500 806 3550 amicus
817 3499 906 3551 viliam
918 3501 1086 3565 possidebat,
1099 3505 1148 3556 uisi
1161 3505 1229 3558 base

140 3577 197 3640 igue
223 3577 429 3640 absumeretur,
457 3577 604 3640 timebunt,
631 3591 665 3630 ue
702 3585 810 3637 quoque
828 3575 877 3626 iuit
892 3575 1007 3639 publicu.
1026 3577 1084 3628 vid.
1099 3577 1133 3628 sd
1144 3593 1170 3629 v.
1185 3579 1226 3631 ts.

139 3652 172 3702 ab
189 3653 263 3704 beris
280 3652 501 3714 verberarentur;
526 3664 580 3717 quo
596 3653 665 3703 iacto
701 3647 1002 3700 Videlicetetiamiutaii
1011 3649 1230 3717 pueliamexspe·

139 3739 277 3791 coenaque
293 3728 321 3777 in
343 3729 401 3778 tuto
423 3727 510 3792 posita
526 3740 621 3779 omnes
638 3729 666 3778 et
701 3725 775 3774 ctare
791 3725 909 3787 poteret;
927 3737 1016 3788 neque
1034 3739 1097 3776 cum
1109 3727 1228 3778 Beoirero

138 3803 236 3867 hospes
258 3813 321 3853 oum
338 3803 393 3854 suis
414 3806 442 3852 et
463 3804 591 3853 oouvivse
614 3803 665 3853 ho·
702 3797 789 3848 Gustus
807 3798 862 3863 (Ed.
875 3797 930 3863 ait.)
948 3801 990 3850 lii.
1008 3813 1035 3863 p.
1052 3801 1092 3851 48,
1106 3813 1160 3852 uon
1177 3803 1228 3853 nisi

138 3891 252 3943 rumque
278 3879 355 3943 pueri
380 3879 470 3942 ignem
498 3878 664 3942 restinguere
701 3872 735 3924 de
759 3886 881 3938 oeupons
902 3873 1026 3938 explicari
1048 3887 1129 3940 posse
1152 3876 1228 3928 dire-

138 3955 294 4018 eoeperuut.
314 3951 666 4016 -us'iens11videreiioe-
701 3949 760 3999 rim.
797 3949 924 4000 Ceterum
943 3949 1076 4000 Trivioum
1094 3963 1228 4015 nusquam

138 4025 196 4089 but,
215 4025 426 4093 eiplacuisset.»
701 4025 891 4088 praeterquam
907 4023 935 4073 h.
954 4023 972 4073 i.
991 4025 1171 4087 memoratur;
1196 4039 1230 4078 ex

168 4102 258 4154 'ii-83.
276 4103 356 4164 sotus]
372 4103 471 4167 quippe
489 4103 598 4168 peruios,
616 4101 665 4152 im-
701 4097 997 4162 iiomaueliii·opiuioue
1009 4100 1052 4150 est
1067 4097 1142 4151 iocus
1157 4115 1229 4154 nune

137 4175 229 4240 primis
244 4174 385 4228 Voltursm
404 4189 490 4241 prope
507 4176 661 4227 Venusiam.
702 4173 784 4224 Ciuita
800 4171 948 4238 appellatus
966 4175 994 4223 et
1015 4186 1100 4238 prope
1118 4175 1228 4226 hodier-

138 4249 203 4301 iirde
236 4249 357 4301 tabulam
389 4250 595 4316 geograpbioum
629 4250 664 4301 ad
701 4261 768 4300 num
787 4249 883 4298 Titoieo
900 4247 976 4298 situs.
998 4275 1025 4284 —
1044 4249 1229 4301 iacemus--

139 4324 280 4376 hembardi
296 4325 423 4377 ,4444444444
439 4326 465 4376 sit
480 4325 619 4376 Bustiiouiu
637 4326 665 4376 iu
700 4323 778 4388 tuno]
796 4323 842 4387 qui
852 4335 916 4375 eum
932 4325 1042 4388 propter
1052 4327 1164 4378 ventum
1175 4339 1228 4377 nou

221 4416 315 4464 iiossr.
331 4427 386 4465 von.
402 4428 427 4464 u.
458 4427 498 4463 nn.
514 4427 590 4464 uiros
604 4416 642 4462 iii.
1045 4415 1059 4463 4
