3174 4974
592 416 651 466 LIB.
672 417 690 464 I.
726 415 824 466 EPIST.
843 415 929 464 XVIII.

261 575 440 637 Nocturnus
463 571 550 636 iures
573 580 604 636 te
627 570 800 637 formidare
824 589 973 657 vapores

261 693 365 758 Deme
387 689 561 778 supercili0
585 689 720 771 nubem;
742 690 935 779 plerumque
959 691 1126 760 modestus

263 811 563 900 Occupatobsouri
586 812 745 898 speeiem,
770 812 946 878 taciturnus
968 812 1087 880 acerbi.
1237 827 1244 835 “
1268 816 1310 878 95

265 936 350 1000 Inter
371 941 487 1000 cuneta
507 931 598 1019 leges
621 943 653 999 et
675 931 909 1019 percontabere
932 932 1062 1008 doctos,

253 1107 280 1154 et
296 1101 450 1153 lllldeherto
468 1103 532 1153 Mor.
546 1099 608 1164 phll.
623 1115 645 1150 c.
660 1101 731 1160 989..
750 1103 804 1152 tare
821 1113 883 1152 omn
899 1114 955 1151 var.
970 1099 1030 1152 leot.
1047 1103 1082 1164 κ),
1099 1103 1188 1168 -Ὶνν,
1200 1103 1276 1153 bibuli

253 1207 268 1217 -
278 1205 292 1216 -
304 1179 415 1228 Oderint
430 1190 494 1228 cum
512 1176 636 1226 Pettierio
654 1174 753 1226 delevit
768 1177 802 1228 II.
824 1199 851 1210 -
871 1175 912 1226 92.
924 1181 1058 1239 repentem
1070 1177 1230 1238 pererras.
1248 1205 1275 1214 -

253 1252 293 1302 93.
303 1259 398 1314 tepores
408 1251 512 1315 bSErlp‚
524 1251 630 1313 Cruquii
643 1263 746 1311 omnes,
760 1249 875 1300 Pottierii
887 1247 1015 1313 plerIque,
1027 1251 1056 1310 C,
1066 1249 1200 1301 Bentleius
1210 1253 1237 1301 et
1245 1252 1274 1301 0.

254 1329 294 1390 (Ut
311 1340 359 1378 nos
377 1341 391 1376 c
409 1329 437 1376 et
454 1325 569 1376 Pottlerii
586 1324 639 1374 duo
657 1326 698 1374 45.
710 1326 763 1386 24.)
783 1351 810 1361 -
830 1324 869 1374 96.
885 1324 1080 1385 peramoenum
1097 1326 1157 1375 oct.

219 1450 319 1498 Peiores
333 1447 409 1498 bibuli
423 1448 517 1511 (erres)
533 1448 639 1496 oderunt
652 1445 695 1510 (te)
709 1460 749 1496 re-
786 1445 875 1508 νέφος
891 1438 1054 1508 αὐξάνεται.
1090 1442 1225 1508 Meleager
1244 1445 1311 1509 Epp.

219 1527 347 1573 monteri
361 1520 490 1572 wrieoore
501 1521 696 1582 poculeFulerrri
705 1520 749 1570 tibi
786 1518 827 1580 45,
842 1521 871 1569 5:
882 1511 936 1568 Ἢν
947 1533 999 1584 μοι
1011 1517 1152 1581 σνννεφὲς
1168 1511 1251 1584 ὄμμα
1261 1514 1314 1578 βά-

220 1595 263 1644 rab
274 1595 490 1646 mediamnoetem
499 1599 627 1657 porrecto.
653 1593 748 1658 (Media
786 1592 837 1666 λῃς
850 1595 934 1654 ποτέ,
953 1599 1043 1660 χεῖμα
1055 1591 1185 1664 δέδορκα.
1207 1595 1314 1644 Menan-

221 1669 464 1732 rtenoctesIgnifioet
474 1683 538 1734 «per
547 1668 652 1719 mediae
663 1668 749 1718 noetis
787 1668 836 1719 der
853 1681 879 1731 p.
894 1668 950 1717 loe.
964 1668 1015 1717 II:
1037 1667 1074 1717 Ol
1087 1663 1140 1730 τὰς
1158 1661 1251 1738 ὀφρῦς
1268 1664 1314 1717 αῖ-

222 1745 354 1808 ῑοωριιε.ν
377 1743 539 1796 HandTurs.
549 1744 580 1792 ll.
591 1756 616 1808 p.
630 1741 698 1804 205.)
718 1765 745 1776 -
784 1755 884 1814 ροντνς
902 1736 941 1804 ὥς
953 1735 1102 1813 ἀβέλτεροι
1114 1741 1170 1792 Καὶ
1182 1743 1313 1806 σκέψο-

219 1820 645 1882 ooporer1=eestusnooturnos‚»
668 1816 749 1866 Wol-
784 1831 846 1880 μαι
869 1813 1007 1882 λέγοντες.
1031 1844 1059 1852 -
1079 1817 1229 1878 pleramque
1247 1816 1310 1880 cet]

222 1892 344 1957 lenaeo,
363 1895 393 1942 ut
409 1893 562 1942 etiamnunc
574 1889 637 1940 Galli
650 1893 677 1940 et
691 1888 748 1940 Iteli
787 1891 903 1955 useepe,
926 1891 971 1954 qui
988 1903 1018 1942 re
1037 1904 1100 1942 vera
1116 1892 1240 1942 modestes
1256 1892 1312 1952 eet,

222 1968 383 2030 tetrametro,
399 1967 518 2029 inopori.
539 1965 614 2026 Quod
626 1963 747 2029 plerique
785 1965 891 2016 videtur
912 1965 1043 2027 obscurio,
1070 1959 1096 2015 nl
1123 1968 1177 2027 est,
1204 1967 1314 2036 κρυψί-

222 2041 306 2092 codd.
320 2041 448 2092 exhibent
464 2045 573 2102 tepores,
591 2041 683 2103 utique
696 2041 748 2090 mi·
785 2054 867 2103 νονς,
892 2041 1002 2090 minime
1020 2042 1128 2104 opertus
1146 2043 1174 2089 et
1190 2037 1313 2102 simplex,

222 2129 272 2166 nus
289 2118 382 2180 aptum
393 2127 508 2176 censeo,
527 2114 589 2177 quia
607 2115 634 2162 et
650 2127 700 2177 per
717 2125 747 2164 se
785 2115 835 2166 sed
853 2115 899 2178 qui
919 2115 1025 2164 intimos
1037 2126 1100 2164 suos
1112 2126 1207 2164 senene
1220 2111 1314 2164 collide

221 2191 300 2240 nimis
317 2189 472 2252 languidum
491 2193 532 2239 est
549 2189 576 2238 et
586 2188 686 2238 statum
697 2188 748 2236 ho·
786 2187 904 2249 ooculet,
928 2189 1070 2238 taeitwaas
1087 2200 1181 2238 rursus
1198 2187 1310 2249 uambae,

222 2264 300 2314 minis
321 2277 432 2327 prorsus
453 2263 525 2323 seul,
551 2275 584 2312 ne
607 2263 669 2312 vino
687 2261 748 2324 qni·
786 2264 875 2312 animo
892 2275 906 2311 n
924 2264 1034 2326 potente
1052 2262 1140 2314 amieo
1152 2259 1222 2312 olom
1234 2275 1313 2312 aver·

222 2335 637 2400 dem'eliquantulumcalefacti,
657 2337 747 2400 expri-
785 2350 843 2386 so.»
870 2338 924 2388 Cic.
949 2335 982 2386 de
1003 2335 1077 2388 Olfio.
1092 2335 1117 2398 3,
1136 2335 1235 2397 teor:
1262 2336 1315 2386 Hoc

221 2413 277 2464 mil.
305 2411 384 2474 (Cels.
401 2411 426 2472 3,
444 2412 472 2462 6:
501 2412 602 2474 Oportet
617 2412 682 2462 eolre
697 2426 748 2462 ooo
786 2415 870 2460 autam
886 2410 984 2460 oriendi
1000 2423 1079 2474 penus
1094 2435 1136 2447 ·-
1151 2423 1203 2460 neo
1219 2411 1310 2472 aperti,

219 2487 363 2550 febricitare
380 2499 448 2548 mm,
467 2487 539 2536 catina
552 2500 631 2536 oenoe
641 2492 748 2536 notura·
784 2499 835 2536 oon
851 2484 985 2548 siorplieis,
1004 2499 1054 2534 noo
1071 2484 1187 2548 inperiti,
1207 2497 1258 2534 νον
1274 2485 1313 2534 in-

220 2562 277 2612 liter
293 2563 507 2623 ordiootoerarrt,
525 2566 673 2624 teporque
690 2561 749 2610 tuiis
785 2560 831 2620 sti,
854 2573 904 2608 non
921 2559 971 2608 viri
988 2557 1044 2608 boot
1063 2558 1135 2621 (esti,
1161 2559 1314 2620 eermtipo·

220 2641 265 2698 est,
288 2637 371 2698 qualia
388 2648 438 2686 esre
460 2636 625 2699 ranimiri.)
654 2637 747 2686 Ortum
784 2635 843 2695 tior,
858 2633 1005 2692 veluceri,
1025 2632 1116 2692 astuti,
1133 2631 1245 2694 soloris,
1258 2644 1313 2680 mo·

221 2710 326 2762 videtur
338 2724 371 2760 ex
382 2707 447 2760 Ialsa
459 2711 677 2773 interpretatione
690 2722 749 2760 ver-
785 2708 875 2768 litiori,
889 2707 990 2768 callidi,
1002 2706 1158 2764 veteratoris,
1170 2705 1248 2766 vafri.
1267 2706 1313 2754 Te-

132 2781 137 2790 '
220 2784 249 2834 hi
263 2798 371 2846 vapores
386 2785 438 2834 hae
453 2782 553 2833 febrilis
566 2786 657 2834 aestus
669 2784 749 2845 signi·
785 2783 853 2832 cilus
869 2783 931 2843 Agr.
945 2779 993 2830 le:
1019 2779 1159 2828 Dornitieei
1175 2783 1272 2828 notura
1282 2804 1313 2816 ·-

220 2860 344 2910 fimtiono
371 2860 459 2910 minus
485 2857 583 2908 usilati.
611 2856 650 2907 cf.
669 2857 745 2921 Apul.
785 2870 834 2919 qno
852 2855 993 2916 obscurior,
1019 2866 1046 2902 eo
1063 2853 1261 2902 irrevocabitior.
1281 2879 1309 2890 -

219 2936 326 2986 Metam.
349 2934 389 2994 io,
407 2935 436 2982 2:
462 2935 589 2996 fluctuare
612 2931 748 2994 uaporiliio
785 2929 877 2993 oeerbr']
897 2929 976 2992 «qui,
996 2927 1144 2977 dummodo
1156 2929 1261 2990 posset,
1280 2925 1313 2977 ll-

218 3009 334 3073 sebriam.
359 3009 398 3060 Ne
414 3009 506 3056 autem
517 3009 543 3056 te
556 3007 655 3056 summi
665 3007 748 3056 Bent-
784 3005 881 3056 beuter
898 3005 924 3054 te
937 3003 1115 3066 vltuperaret;
1134 3014 1205 3050 nuno
1216 2999 1313 3052 saltem

219 3083 263 3134 leli
288 3083 431 3150 auctoritas
456 3081 607 3132 absterreat
623 3094 639 3130 a
656 3082 747 3131 nostru
785 3092 838 3128 non
857 3077 903 3127 tibi
921 3075 1071 3141 applaudit,
1090 3075 1140 3126 sed
1152 3087 1260 3134 moroso
1272 3077 1313 3124 ta-

220 3159 334 3209 lectlone
352 3157 505 3218 retlnenda,
528 3159 638 3221 propter
655 3156 746 3206 nescio
785 3157 853 3204 cet.»
886 3149 1002 3203 Ilerkel:
1030 3152 1091 3202 Iesu
1116 3150 1184 3200 niolo
1210 3149 1313 3200 Wollieo

220 3247 302 3297 quam
314 3231 474 3282 oblivionem
485 3229 525 3281 vel
538 3232 667 3281 incuriam
677 3230 746 3280 hono
783 3229 929 3280 umdustero
942 3227 981 3275 die
992 3226 1063 3276 Stire
1070 3239 1080 3284 ,·
1098 3225 1143 3274 der
1153 3223 1312 3274 Beseieidene

145 3305 149 3314 '
220 3309 376 3358 uarietatem
394 3305 428 3355 ab
447 3319 480 3356 eo
492 3318 603 3370 prorsus
614 3307 747 3369 preeleri-
783 3304 890 3354 scholmi
901 3301 942 3365 Ost
953 3299 1136 3362 lreimtr'teltiseli,
1154 3299 1314 3350 derSeliwei·

220 3387 273 3433 lem
292 3394 353 3432 esse
371 3381 446 3430 scito.
472 3380 549 3430 ldem
560 3377 631 3430 valet
648 3379 681 3430 de
698 3378 746 3429 lal-
782 3379 861 3443 pende
877 3377 924 3441 pili
941 3377 979 3426 ais
996 3374 1096 3426 bitterer
1115 3374 1211 3424 Tadler.

219 3459 257 3508 sis
275 3455 324 3508 illis
340 3457 477 3506 Ne--Ne
494 3468 537 3504 vv,
556 3455 596 3506 98.
615 3455 655 3505 99.
696 3456 746 3504 Ne·
816 3452 905 3502 96-99.
932 3449 1187 3511 intercurreret]
1204 3445 1312 3498 Nulliu-

221 3543 266 3582 mo
283 3532 374 3580 autem
391 3543 454 3580 oum
472 3529 591 3579 GaudIno
608 3527 681 3593 opud
697 3530 746 3578 Se·
783 3526 924 3590 terpretari
941 3523 983 3576 vel
1006 3537 1089 3590 iprae
1108 3523 1205 3574 ceteris
1223 3522 1312 3572 omni-

220 3606 356 3657 nodonum
382 3605 435 3654 ium
464 3602 619 3670 explicabil:
652 3603 745 3655 uoslor
783 3604 870 3665 bue,u
894 3602 937 3654 vel
959 3602 1006 3654 bei
1026 3602 1088 3653 olle
1110 3602 1189 3660 deon
1216 3599 1266 3650 sed
1282 3599 1312 3648 ut

221 3682 321 3731 neris.»
783 3681 849 3730 inter
865 3680 925 3728 iaec
943 3681 984 3729 est
1004 3679 1075 3728 «hoc
1094 3679 1248 3740 temporeo·
1275 3675 1310 3724 ita

253 3753 293 3806 el.
307 3754 348 3804 et.
375 3751 472 3818 sebon]
492 3754 685 3804 «tristiiiamao
701 3765 746 3804 se·
783 3755 849 3804 inter
862 3758 965 3814 annoto,
986 3752 1074 3802 «omni
1093 3753 1245 3813 tempore.»
1266 3749 1310 3798 ain

220 3830 359 3880 veritatem
388 3839 450 3878 cum
479 3827 595 3890 quedem
624 3827 745 3876 iaetantia
785 3841 944 3891 quacunque
968 3825 1124 3876 condiclone
1148 3823 1215 3872 vitae
1233 3821 1312 3870 huius

220 3907 415 3958 coniunctam.»
434 3906 570 3969 Frequens
579 3905 676 3966 imago.
690 3905 744 3956 Cir.
784 3902 855 3967 apud
873 3903 1012 3966 potentem
1028 3899 1144 3949 amioum
1161 3897 1310 3946 transactae

220 3985 245 4032 in
263 3982 314 4032 Pis.
328 3981 353 4041 9,
367 3980 415 4031 20:
433 3979 594 4042 rupariliam
611 3983 745 4040 taem--‚
784 3975 837 4026 noli
866 3974 949 4026 multo
976 3974 1083 4036 gravius
1113 3973 1193 4034 atque
1222 3969 1310 4022 uillius

218 4055 541 4120 froowluoeaebeoulem.
561 4051 684 4118 Sophocl.
695 4055 747 4104 An-
785 4064 865 4102 verae
891 4050 1036 4114 sapientae
1053 4047 1170 4098 studium
1187 4046 1310 4096 omiltere

221 4131 265 4194 lig.
278 4131 341 4182 528:
364 4127 480 4194 Νεφέλη
497 4126 520 4178 ὅ
537 4122 658 4198 ὀφρύων
675 4119 747 4200 ri'rep
785 4129 813 4176 et
830 4123 976 4176 oblivisci.»
998 4122 1036 4173 CI.
1052 4120 1213 4172 llandTurs.
1226 4121 1267 4170 Ill.
1281 4134 1308 4184 p.

219 4200 359 4270 αἱματόεν
374 4197 470 4265 ‘Penios
487 4198 630 4262 αἰσχύναν.
655 4203 744 4267 Eurip.
784 4202 843 4254 407.
860 4225 887 4236 -
909 4198 980 4262 lepos]
999 4195 1311 4261 ophilosophorumscri-

221 4280 323 4347 llippol.
342 4281 401 4332 lla:
429 4273 557 4344 Σννγνὸν
579 4276 602 4327 δ’
628 4271 746 4348 ὀφρύων
785 4279 830 4342 pta
848 4278 875 4326 et
897 4273 1073 4336 pereortobere
1093 4273 1225 4336 sapientes
1243 4271 1310 4322 ami-
