<?xml version="1.0" encoding="UTF-8"?>
<!DOCTYPE html PUBLIC "-//W3C//DTD XHTML 1.0 Transitional//EN"
    "http://www.w3.org/TR/xhtml1/DTD/xhtml1-transitional.dtd">
<html xmlns="http://www.w3.org/1999/xhtml" xml:lang="en" lang="en">
 <head>
  <title>
</title>
<meta http-equiv="Content-Type" content="text/html;charset=utf-8" />
  <meta name='ocr-system' content='tesseract 3.04.00' />
  <meta name='ocr-capabilities' content='ocr_page ocr_carea ocr_par ocr_line ocrx_word'/>
</head>
<body>
  <div class='ocr_page' id='page_1' title='image "./qhoratiusflaccu01baitgoog_0474.png"; bbox 0 0 3192 4974; ppageno 0'>
   <div class='ocr_carea' id='block_1_1' title="bbox 646 424 1346 490">
    <p class='ocr_par' dir='ltr' id='par_1_1' title="bbox 646 424 1346 490">
     <span class='ocr_line' id='line_1_1' title="bbox 646 424 1346 490; baseline 0.021 -17"><span class='ocrx_word' id='word_1_1' title='bbox 646 424 706 474; x_wconf 85' lang='grc'><strong>440,</strong></span> <span class='ocrx_word' id='word_1_2' title='bbox 725 425 744 474; x_wconf 91' lang='lat' dir='ltr'><strong>r.</strong></span> <span class='ocrx_word' id='word_1_3' title='bbox 780 425 878 476; x_wconf 81' lang='grc'><strong>00404.</strong></span> <span class='ocrx_word' id='word_1_4' title='bbox 898 426 950 476; x_wconf 91' lang='lat' dir='ltr'><strong>vu.</strong></span> <span class='ocrx_word' id='word_1_5' title='bbox 1284 425 1346 490; x_wconf 79' lang='grc'><strong>459</strong></span> 
     </span>
    </p>
   </div>
   <div class='ocr_carea' id='block_1_2' title="bbox 300 578 1346 914">
    <p class='ocr_par' dir='ltr' id='par_1_2' title="bbox 300 578 1346 914">
     <span class='ocr_line' id='line_1_2' title="bbox 302 578 1346 666; baseline 0.003 -22"><span class='ocrx_word' id='word_1_6' title='bbox 302 578 460 645; x_wconf 71' lang='lat' dir='ltr'>adrasum</span> <span class='ocrx_word' id='word_1_7' title='bbox 482 578 647 666; x_wconf 87' lang='lat' dir='ltr'>quendum</span> <span class='ocrx_word' id='word_1_8' title='bbox 669 601 773 646; x_wconf 87' lang='lat' dir='ltr'>vacua</span> <span class='ocrx_word' id='word_1_9' title='bbox 795 583 934 648; x_wconf 86' lang='lat' dir='ltr'>tonsoris</span> <span class='ocrx_word' id='word_1_10' title='bbox 959 584 990 648; x_wconf 89' lang='lat' dir='ltr'><strong>in</strong></span> <span class='ocrx_word' id='word_1_11' title='bbox 1013 581 1126 650; x_wconf 86' lang='lat' dir='ltr'>umbra</span> <span class='ocrx_word' id='word_1_12' title='bbox 1305 587 1346 648; x_wconf 80' lang='lat'><strong>50</strong></span> 
     </span>
     <span class='ocr_line' id='line_1_3' title="bbox 302 699 1116 791; baseline 0.005 -25"><span class='ocrx_word' id='word_1_13' title='bbox 302 699 436 767; x_wconf 90' lang='lat' dir='ltr'>Cultello</span> <span class='ocrx_word' id='word_1_14' title='bbox 458 701 607 788; x_wconf 89' lang='lat' dir='ltr'>proprios</span> <span class='ocrx_word' id='word_1_15' title='bbox 629 711 821 788; x_wconf 80' lang='lat' dir='ltr'><strong>purgantem</strong></span> <span class='ocrx_word' id='word_1_16' title='bbox 843 701 957 770; x_wconf 86' lang='lat' dir='ltr'>leniter</span> <span class='ocrx_word' id='word_1_17' title='bbox 981 725 1116 791; x_wconf 82' lang='lat' dir='ltr'>ungues.</span> 
     </span>
     <span class='ocr_line' id='line_1_4' title="bbox 300 823 1176 914; baseline 0.007 -28"><span class='ocrx_word' id='word_1_18' title='bbox 300 824 458 898; x_wconf 85' lang='lat' dir='ltr'>Demetri,</span> <span class='ocrx_word' id='word_1_19' title='bbox 482 860 525 870; x_wconf 96' lang='lat'>—</span> <span class='ocrx_word' id='word_1_20' title='bbox 546 845 629 911; x_wconf 89' lang='lat' dir='ltr'>puer</span> <span class='ocrx_word' id='word_1_21' title='bbox 650 823 703 891; x_wconf 93' lang='lat' dir='ltr'><strong>hic</strong></span> <span class='ocrx_word' id='word_1_22' title='bbox 724 844 789 890; x_wconf 93' lang='grc'><strong>000</strong></span> <span class='ocrx_word' id='word_1_23' title='bbox 811 823 903 891; x_wconf 88' lang='lat' dir='ltr'>laeve</span> <span class='ocrx_word' id='word_1_24' title='bbox 926 825 1016 892; x_wconf 87' lang='lat' dir='ltr'>iussa</span> <span class='ocrx_word' id='word_1_25' title='bbox 1037 825 1176 914; x_wconf 90' lang='lat' dir='ltr'>Philippi</span> 
     </span>
    </p>
   </div>
   <div class='ocr_carea' id='block_1_3' title="bbox 290 965 1311 1182">
    <p class='ocr_par' dir='ltr' id='par_1_3' title="bbox 290 965 1311 1182">
     <span class='ocr_line' id='line_1_5' title="bbox 323 965 1311 1032; baseline 0.007 -18"><span class='ocrx_word' id='word_1_26' title='bbox 323 965 363 1014; x_wconf 80' lang='lat'><strong>50.</strong></span> <span class='ocrx_word' id='word_1_27' title='bbox 375 965 501 1015; x_wconf 77' lang='lat' dir='ltr'>Adranam</span> <span class='ocrx_word' id='word_1_28' title='bbox 513 965 563 1029; x_wconf 87' lang='lat' dir='ltr'><strong>Ep:</strong></span> <span class='ocrx_word' id='word_1_29' title='bbox 574 966 699 1017; x_wconf 77' lang='lat' dir='ltr'>Arranrm</span> <span class='ocrx_word' id='word_1_30' title='bbox 708 967 790 1030; x_wconf 82' lang='lat' dir='ltr'>bScd,</span> <span class='ocrx_word' id='word_1_31' title='bbox 802 967 926 1018; x_wconf 76' lang='grc'><strong>44400004</strong></span> <span class='ocrx_word' id='word_1_32' title='bbox 937 979 999 1018; x_wconf 89' lang='lat' dir='ltr'><strong>cum</strong></span> <span class='ocrx_word' id='word_1_33' title='bbox 1011 967 1095 1019; x_wconf 85' lang='lat' dir='ltr'>codd.</span> <span class='ocrx_word' id='word_1_34' title='bbox 1103 968 1164 1032; x_wconf 88' lang='lat' dir='ltr'>aliq.</span> <span class='ocrx_word' id='word_1_35' title='bbox 1175 973 1201 1020; x_wconf 88' lang='grc'><strong>04</strong></span> <span class='ocrx_word' id='word_1_36' title='bbox 1213 970 1311 1021; x_wconf 87' lang='lat' dir='ltr'>Veneta</span> 
     </span>
     <span class='ocr_line' id='line_1_6' title="bbox 291 1038 1311 1108; baseline 0.008 -20"><span class='ocrx_word' id='word_1_37' title='bbox 291 1038 362 1089; x_wconf 89' lang='lat' dir='ltr'>ll8l.</span> <span class='ocrx_word' id='word_1_38' title='bbox 382 1039 408 1088; x_wconf 84' lang='lat' dir='ltr'><strong>F.</strong></span> <span class='ocrx_word' id='word_1_39' title='bbox 425 1065 452 1076; x_wconf 87' lang='lat'>-</span> <span class='ocrx_word' id='word_1_40' title='bbox 466 1040 507 1088; x_wconf 84' lang='grc'><strong>444.</strong></span> <span class='ocrx_word' id='word_1_41' title='bbox 518 1042 624 1104; x_wconf 75' lang='grc'><strong>0400440</strong></span> <span class='ocrx_word' id='word_1_42' title='bbox 636 1041 719 1091; x_wconf 88' lang='lat' dir='ltr'>Codd.</span> <span class='ocrx_word' id='word_1_43' title='bbox 734 1043 821 1106; x_wconf 91' lang='lat' dir='ltr'>pauci.</span> <span class='ocrx_word' id='word_1_44' title='bbox 842 1043 881 1105; x_wconf 88' lang='lat' dir='ltr'>(lit</span> <span class='ocrx_word' id='word_1_45' title='bbox 892 1057 951 1104; x_wconf 91' lang='grc'><strong>000,</strong></span> <span class='ocrx_word' id='word_1_46' title='bbox 970 1041 1133 1108; x_wconf 71' lang='lat' dir='ltr'>beauapel,</span> <span class='ocrx_word' id='word_1_47' title='bbox 1152 1047 1182 1092; x_wconf 91' lang='grc'><strong>04</strong></span> <span class='ocrx_word' id='word_1_48' title='bbox 1193 1045 1311 1106; x_wconf 89' lang='lat' dir='ltr'>videtur,</span> 
     </span>
     <span class='ocr_line' id='line_1_7' title="bbox 290 1114 1311 1182; baseline 0.004 -18"><span class='ocrx_word' id='word_1_49' title='bbox 290 1114 405 1164; x_wconf 84' lang='lat' dir='ltr'>Potlierii</span> <span class='ocrx_word' id='word_1_50' title='bbox 417 1115 531 1176; x_wconf 81' lang='lat' dir='ltr'>omues.)</span> <span class='ocrx_word' id='word_1_51' title='bbox 548 1141 574 1150; x_wconf 92' lang='lat'><strong>—-</strong></span> <span class='ocrx_word' id='word_1_52' title='bbox 587 1117 628 1165; x_wconf 78' lang='lat'><strong>52.</strong></span> <span class='ocrx_word' id='word_1_53' title='bbox 641 1129 691 1166; x_wconf 86' lang='lat' dir='ltr'><strong>aaa</strong></span> <span class='ocrx_word' id='word_1_54' title='bbox 703 1117 770 1166; x_wconf 82' lang='grc'><strong>40040</strong></span> <span class='ocrx_word' id='word_1_55' title='bbox 783 1118 803 1167; x_wconf 90' lang='lat' dir='ltr'>C</span> <span class='ocrx_word' id='word_1_56' title='bbox 822 1118 910 1179; x_wconf 85' lang='lat' dir='ltr'>tacite,</span> <span class='ocrx_word' id='word_1_57' title='bbox 929 1131 979 1167; x_wconf 84' lang='lat' dir='ltr'><strong>aaa</strong></span> <span class='ocrx_word' id='word_1_58' title='bbox 990 1118 1075 1168; x_wconf 82' lang='grc'><strong>4000444</strong></span> <span class='ocrx_word' id='word_1_59' title='bbox 1092 1117 1311 1182; x_wconf 77' lang='lat' dir='ltr'>Cuninghamius.</span> 
     </span>
    </p>
   </div>
   <div class='ocr_carea' id='block_1_4' title="bbox 251 1235 1347 4362">
    <p class='ocr_par' dir='ltr' id='par_1_4' title="bbox 251 1235 1347 4362">
     <span class='ocr_line' id='line_1_8' title="bbox 257 1235 1346 1304; baseline 0.009 -22"><span class='ocrx_word' id='word_1_60' title='bbox 257 1235 323 1285; x_wconf 88' lang='lat' dir='ltr'>riam</span> <span class='ocrx_word' id='word_1_61' title='bbox 345 1247 375 1285; x_wconf 89' lang='lat' dir='ltr'><strong>se</strong></span> <span class='ocrx_word' id='word_1_62' title='bbox 400 1247 518 1284; x_wconf 87' lang='lat' dir='ltr'>narrare.</span> <span class='ocrx_word' id='word_1_63' title='bbox 549 1235 587 1286; x_wconf 89' lang='lat' dir='ltr'><strong>Cl.</strong></span> <span class='ocrx_word' id='word_1_64' title='bbox 608 1237 674 1302; x_wconf 88' lang='lat' dir='ltr'>Epp.</span> <span class='ocrx_word' id='word_1_65' title='bbox 697 1239 724 1299; x_wconf 93' lang='grc'><strong>4,</strong></span> <span class='ocrx_word' id='word_1_66' title='bbox 752 1239 781 1299; x_wconf 87' lang='grc'><strong>6,</strong></span> <span class='ocrx_word' id='word_1_67' title='bbox 820 1251 883 1288; x_wconf 87' lang='grc'><strong>0040</strong></span> <span class='ocrx_word' id='word_1_68' title='bbox 908 1241 1054 1290; x_wconf 83' lang='grc'><strong>4400400040</strong></span> <span class='ocrx_word' id='word_1_69' title='bbox 1080 1253 1095 1288; x_wconf 97' lang='grc'><strong>0</strong></span> <span class='ocrx_word' id='word_1_70' title='bbox 1121 1239 1207 1290; x_wconf 83' lang='grc'><strong>440040</strong></span> <span class='ocrx_word' id='word_1_71' title='bbox 1235 1251 1346 1304; x_wconf 87' lang='lat' dir='ltr'>prorsus</span> 
     </span>
     <span class='ocr_line' id='line_1_9' title="bbox 256 1309 1345 1380; baseline 0.003 -19"><span class='ocrx_word' id='word_1_72' title='bbox 256 1309 297 1361; x_wconf 88' lang='grc'><strong>40.</strong></span> <span class='ocrx_word' id='word_1_73' title='bbox 317 1311 346 1369; x_wconf 90' lang='grc'><strong>4,</strong></span> <span class='ocrx_word' id='word_1_74' title='bbox 365 1310 410 1369; x_wconf 78' lang='lat' dir='ltr'>la,</span> <span class='ocrx_word' id='word_1_75' title='bbox 430 1309 470 1359; x_wconf 80' lang='lat' dir='ltr'>la.</span> <span class='ocrx_word' id='word_1_76' title='bbox 492 1334 518 1345; x_wconf 96' lang='lat'><em>-</em></span> <span class='ocrx_word' id='word_1_77' title='bbox 538 1311 672 1377; x_wconf 68' lang='lat' dir='ltr'>adrasum]</span> <span class='ocrx_word' id='word_1_78' title='bbox 692 1327 783 1377; x_wconf 75' lang='lat' dir='ltr'>«prae-</span> <span class='ocrx_word' id='word_1_79' title='bbox 820 1315 950 1376; x_wconf 86' lang='lat' dir='ltr'>apertam,</span> <span class='ocrx_word' id='word_1_80' title='bbox 963 1315 1256 1377; x_wconf 85' lang='lat' dir='ltr'>superneetaposlica</span> <span class='ocrx_word' id='word_1_81' title='bbox 1269 1317 1345 1380; x_wconf 85' lang='lat' dir='ltr'>parte</span> 
     </span>
     <span class='ocr_line' id='line_1_10' title="bbox 257 1382 1345 1450; baseline 0.003 -15"><span class='ocrx_word' id='word_1_82' title='bbox 257 1387 378 1435; x_wconf 82' lang='lat' dir='ltr'>tonsum»</span> <span class='ocrx_word' id='word_1_83' title='bbox 396 1382 467 1434; x_wconf 87' lang='lat' dir='ltr'>haud</span> <span class='ocrx_word' id='word_1_84' title='bbox 485 1385 564 1436; x_wconf 88' lang='lat' dir='ltr'>nimis</span> <span class='ocrx_word' id='word_1_85' title='bbox 585 1389 678 1437; x_wconf 84' lang='lat' dir='ltr'>exacte</span> <span class='ocrx_word' id='word_1_86' title='bbox 695 1388 780 1438; x_wconf 78' lang='lat' dir='ltr'>Corra.</span> <span class='ocrx_word' id='word_1_87' title='bbox 818 1389 899 1450; x_wconf 85' lang='lat' dir='ltr'>atque</span> <span class='ocrx_word' id='word_1_88' title='bbox 925 1401 940 1436; x_wconf 92' lang='lat' dir='ltr'>a</span> <span class='ocrx_word' id='word_1_89' title='bbox 966 1385 1095 1438; x_wconf 83' lang='lat' dir='ltr'>luteribus</span> <span class='ocrx_word' id='word_1_90' title='bbox 1120 1388 1278 1439; x_wconf 79' lang='lat' dir='ltr'>centonibus</span> <span class='ocrx_word' id='word_1_91' title='bbox 1303 1387 1345 1439; x_wconf 88' lang='lat' dir='ltr'><strong>vel</strong></span> 
     </span>
     <span class='ocr_line' id='line_1_11' title="bbox 257 1459 1343 1524; baseline 0.004 -16"><span class='ocrx_word' id='word_1_92' title='bbox 257 1459 334 1516; x_wconf 78' lang='lat' dir='ltr'>Cano.</span> <span class='ocrx_word' id='word_1_93' title='bbox 364 1461 469 1509; x_wconf 88' lang='lat' dir='ltr'>Petron.</span> <span class='ocrx_word' id='word_1_94' title='bbox 492 1459 536 1510; x_wconf 74' lang='lat'><strong>32:</strong></span> <span class='ocrx_word' id='word_1_95' title='bbox 566 1462 645 1511; x_wconf 81' lang='lat' dir='ltr'>Pallio</span> <span class='ocrx_word' id='word_1_96' title='bbox 670 1463 782 1512; x_wconf 76' lang='lat' dir='ltr'>coccineo</span> <span class='ocrx_word' id='word_1_97' title='bbox 819 1461 923 1524; x_wconf 80' lang='lat' dir='ltr'>siper-iis</span> <span class='ocrx_word' id='word_1_98' title='bbox 956 1461 1086 1514; x_wconf 86' lang='lat' dir='ltr'>adversus</span> <span class='ocrx_word' id='word_1_99' title='bbox 1117 1461 1203 1512; x_wconf 86' lang='lat' dir='ltr'>solem</span> <span class='ocrx_word' id='word_1_100' title='bbox 1235 1464 1343 1512; x_wconf 84' lang='grc'><strong>4004004.</strong></span> 
     </span>
     <span class='ocr_line' id='line_1_12' title="bbox 256 1535 1345 1600; baseline 0.003 -18"><span class='ocrx_word' id='word_1_101' title='bbox 256 1535 377 1583; x_wconf 73' lang='lat' dir='ltr'>adram</span> <span class='ocrx_word' id='word_1_102' title='bbox 395 1535 499 1596; x_wconf 81' lang='lat' dir='ltr'>(recens</span> <span class='ocrx_word' id='word_1_103' title='bbox 519 1536 619 1599; x_wconf 81' lang='lat' dir='ltr'>rasum)</span> <span class='ocrx_word' id='word_1_104' title='bbox 640 1538 782 1588; x_wconf 72' lang='lat' dir='ltr'>secluserat</span> <span class='ocrx_word' id='word_1_105' title='bbox 821 1537 906 1586; x_wconf 87' lang='lat' dir='ltr'>Vnoaa</span> <span class='ocrx_word' id='word_1_106' title='bbox 922 1538 1011 1586; x_wconf 87' lang='lat' dir='ltr'>autem</span> <span class='ocrx_word' id='word_1_107' title='bbox 1030 1537 1140 1598; x_wconf 88' lang='lat' dir='ltr'>dicitur,</span> <span class='ocrx_word' id='word_1_108' title='bbox 1160 1537 1221 1600; x_wconf 86' lang='lat' dir='ltr'>quia</span> <span class='ocrx_word' id='word_1_109' title='bbox 1239 1535 1280 1588; x_wconf 87' lang='lat' dir='ltr'>illa</span> <span class='ocrx_word' id='word_1_110' title='bbox 1293 1537 1345 1587; x_wconf 85' lang='lat' dir='ltr'>dici</span> 
     </span>
     <span class='ocr_line' id='line_1_13' title="bbox 255 1607 1347 1676; baseline 0.003 -19"><span class='ocrx_word' id='word_1_111' title='bbox 255 1614 332 1671; x_wconf 81' lang='lat' dir='ltr'>caput</span> <span class='ocrx_word' id='word_1_112' title='bbox 349 1607 531 1672; x_wconf 81' lang='lat' dir='ltr'><strong>(Trimalchio).</strong></span> <span class='ocrx_word' id='word_1_113' title='bbox 561 1609 644 1660; x_wconf 87' lang='lat' dir='ltr'>Plaut.</span> <span class='ocrx_word' id='word_1_114' title='bbox 662 1612 737 1676; x_wconf 88' lang='lat' dir='ltr'>Capt.</span> <span class='ocrx_word' id='word_1_115' title='bbox 750 1613 780 1674; x_wconf 73' lang='lat'><strong>2,</strong></span> <span class='ocrx_word' id='word_1_116' title='bbox 817 1613 883 1662; x_wconf 87' lang='lat' dir='ltr'>hora</span> <span class='ocrx_word' id='word_1_117' title='bbox 901 1613 983 1661; x_wconf 88' lang='lat' dir='ltr'>ceteri</span> <span class='ocrx_word' id='word_1_118' title='bbox 1001 1612 1160 1662; x_wconf 76' lang='lat' dir='ltr'><strong>adventores</strong></span> <span class='ocrx_word' id='word_1_119' title='bbox 1178 1611 1292 1662; x_wconf 87' lang='lat' dir='ltr'>barbam</span> <span class='ocrx_word' id='word_1_120' title='bbox 1303 1625 1347 1661; x_wconf 92' lang='lat' dir='ltr'>ra-</span> 
     </span>
     <span class='ocr_line' id='line_1_14' title="bbox 255 1683 1346 1750; baseline 0.005 -16"><span class='ocrx_word' id='word_1_121' title='bbox 255 1685 286 1746; x_wconf 78' lang='grc'><strong>4,</strong></span> <span class='ocrx_word' id='word_1_122' title='bbox 306 1683 349 1734; x_wconf 72' lang='grc'><strong>484</strong></span> <span class='ocrx_word' id='word_1_123' title='bbox 373 1684 423 1734; x_wconf 80' lang='lat' dir='ltr'><strong>Sed</strong></span> <span class='ocrx_word' id='word_1_124' title='bbox 438 1689 525 1734; x_wconf 75' lang='grc'><strong>44444404</strong></span> <span class='ocrx_word' id='word_1_125' title='bbox 540 1686 677 1736; x_wconf 75' lang='grc'><strong>0444044000</strong></span> <span class='ocrx_word' id='word_1_126' title='bbox 696 1691 782 1737; x_wconf 81' lang='grc'><strong>04400-</strong></span> <span class='ocrx_word' id='word_1_127' title='bbox 818 1685 936 1736; x_wconf 84' lang='lat' dir='ltr'>dendam</span> <span class='ocrx_word' id='word_1_128' title='bbox 947 1685 990 1736; x_wconf 84' lang='lat' dir='ltr'><strong>vel</strong></span> <span class='ocrx_word' id='word_1_129' title='bbox 999 1684 1108 1750; x_wconf 89' lang='lat' dir='ltr'>capillos</span> <span class='ocrx_word' id='word_1_130' title='bbox 1120 1685 1269 1736; x_wconf 85' lang='lat' dir='ltr'>toudeu&#39;dos</span> <span class='ocrx_word' id='word_1_131' title='bbox 1282 1687 1346 1741; x_wconf 87' lang='lat' dir='ltr'>iam·</span> 
     </span>
     <span class='ocr_line' id='line_1_15' title="bbox 254 1759 1344 1823; baseline 0.001 -13"><span class='ocrx_word' id='word_1_132' title='bbox 254 1772 341 1810; x_wconf 73' lang='grc'><strong>004404</strong></span> <span class='ocrx_word' id='word_1_133' title='bbox 364 1759 447 1808; x_wconf 81' lang='lat' dir='ltr'>dicam</span> <span class='ocrx_word' id='word_1_134' title='bbox 468 1771 520 1809; x_wconf 79' lang='lat' dir='ltr'>essa</span> <span class='ocrx_word' id='word_1_135' title='bbox 539 1773 574 1808; x_wconf 92' lang='lat' dir='ltr'><strong>aa</strong></span> <span class='ocrx_word' id='word_1_136' title='bbox 592 1774 640 1822; x_wconf 86' lang='lat' dir='ltr'><strong>per</strong></span> <span class='ocrx_word' id='word_1_137' title='bbox 659 1761 782 1823; x_wconf 74' lang='lat' dir='ltr'>pectinem</span> <span class='ocrx_word' id='word_1_138' title='bbox 818 1759 920 1810; x_wconf 92' lang='lat' dir='ltr'>dudum</span> <span class='ocrx_word' id='word_1_139' title='bbox 938 1763 1077 1820; x_wconf 86' lang='lat' dir='ltr'>euraraut;</span> <span class='ocrx_word' id='word_1_140' title='bbox 1096 1760 1140 1810; x_wconf 87' lang='lat' dir='ltr'><strong>hie</strong></span> <span class='ocrx_word' id='word_1_141' title='bbox 1157 1762 1258 1812; x_wconf 87' lang='lat' dir='ltr'>otiosus</span> <span class='ocrx_word' id='word_1_142' title='bbox 1276 1769 1344 1811; x_wconf 85' lang='grc'><strong>000-</strong></span> 
     </span>
     <span class='ocr_line' id='line_1_16' title="bbox 254 1832 1344 1900; baseline 0.001 -14"><span class='ocrx_word' id='word_1_143' title='bbox 254 1836 350 1886; x_wconf 84' lang='lat' dir='ltr'>Nescio.</span> <span class='ocrx_word' id='word_1_144' title='bbox 370 1834 419 1894; x_wconf 86' lang='lat' dir='ltr'><strong>Qui</strong></span> <span class='ocrx_word' id='word_1_145' title='bbox 432 1832 576 1898; x_wconf 84' lang='lat' dir='ltr'>explicant:</span> <span class='ocrx_word' id='word_1_146' title='bbox 591 1847 683 1886; x_wconf 65' lang='lat' dir='ltr'>«rasus</span> <span class='ocrx_word' id='word_1_147' title='bbox 694 1848 780 1900; x_wconf 87' lang='lat' dir='ltr'>usque</span> <span class='ocrx_word' id='word_1_148' title='bbox 818 1834 892 1886; x_wconf 88' lang='lat' dir='ltr'>dum.</span> <span class='ocrx_word' id='word_1_149' title='bbox 922 1836 950 1885; x_wconf 92' lang='lat' dir='ltr'><strong>lu</strong></span> <span class='ocrx_word' id='word_1_150' title='bbox 974 1835 1110 1886; x_wconf 89' lang='lat' dir='ltr'>tonstrinis</span> <span class='ocrx_word' id='word_1_151' title='bbox 1132 1837 1223 1885; x_wconf 83' lang='lat' dir='ltr'>autem</span> <span class='ocrx_word' id='word_1_152' title='bbox 1244 1837 1344 1887; x_wconf 85' lang='lat' dir='ltr'>Romae</span> 
     </span>
     <span class='ocr_line' id='line_1_17' title="bbox 255 1909 1344 1968; baseline 0 -8"><span class='ocrx_word' id='word_1_153' title='bbox 255 1909 288 1960; x_wconf 87' lang='lat' dir='ltr'>ad</span> <span class='ocrx_word' id='word_1_154' title='bbox 305 1911 422 1968; x_wconf 75' lang='lat' dir='ltr'>cutem.»</span> <span class='ocrx_word' id='word_1_155' title='bbox 437 1909 575 1960; x_wconf 89' lang='lat' dir='ltr'>hominem</span> <span class='ocrx_word' id='word_1_156' title='bbox 592 1909 691 1961; x_wconf 83' lang='lat' dir='ltr'>laniunt</span> <span class='ocrx_word' id='word_1_157' title='bbox 703 1911 781 1960; x_wconf 89' lang='lat' dir='ltr'>nimis</span> <span class='ocrx_word' id='word_1_158' title='bbox 818 1909 971 1960; x_wconf 76' lang='lat' dir='ltr'>etiamnunc</span> <span class='ocrx_word' id='word_1_159' title='bbox 989 1911 1133 1959; x_wconf 87' lang='lat' dir='ltr'>convenire</span> <span class='ocrx_word' id='word_1_160' title='bbox 1151 1909 1237 1960; x_wconf 78' lang='lat' dir='ltr'>solent</span> <span class='ocrx_word' id='word_1_161' title='bbox 1257 1911 1344 1961; x_wconf 90' lang='lat' dir='ltr'>homi-</span> 
     </span>
     <span class='ocr_line' id='line_1_18' title="bbox 254 1980 1344 2055; baseline 0.002 -23"><span class='ocrx_word' id='word_1_162' title='bbox 254 1980 429 2055; x_wconf 75' lang='grc' dir='ltr'><em>μικρολόγον</em></span> <span class='ocrx_word' id='word_1_163' title='bbox 455 1983 601 2048; x_wconf 85' lang='lat' dir='ltr'>(Theophr.</span> <span class='ocrx_word' id='word_1_164' title='bbox 624 1985 701 2034; x_wconf 84' lang='lat' dir='ltr'>Char.</span> <span class='ocrx_word' id='word_1_165' title='bbox 725 1985 779 2048; x_wconf 84' lang='lat' dir='ltr'>io.)</span> <span class='ocrx_word' id='word_1_166' title='bbox 818 1997 866 2034; x_wconf 89' lang='lat' dir='ltr'><strong>nes</strong></span> <span class='ocrx_word' id='word_1_167' title='bbox 883 1982 990 2047; x_wconf 87' lang='lat' dir='ltr'>plebeii.</span> <span class='ocrx_word' id='word_1_168' title='bbox 1021 1982 1059 2033; x_wconf 90' lang='lat' dir='ltr'><strong>Cl.</strong></span> <span class='ocrx_word' id='word_1_169' title='bbox 1077 1985 1129 2032; x_wconf 87' lang='lat' dir='ltr'>Sat.</span> <span class='ocrx_word' id='word_1_170' title='bbox 1150 1985 1178 2044; x_wconf 88' lang='grc'><strong>4,</strong></span> <span class='ocrx_word' id='word_1_171' title='bbox 1198 1985 1227 2044; x_wconf 84' lang='grc'><strong>7,</strong></span> <span class='ocrx_word' id='word_1_172' title='bbox 1246 1984 1270 2034; x_wconf 87' lang='grc'><strong>3.</strong></span> <span class='ocrx_word' id='word_1_173' title='bbox 1302 1986 1344 2034; x_wconf 89' lang='lat' dir='ltr'><strong>Sic</strong></span> 
     </span>
     <span class='ocr_line' id='line_1_19' title="bbox 255 2056 1342 2121; baseline -0.001 -12"><span class='ocrx_word' id='word_1_174' title='bbox 255 2072 286 2109; x_wconf 88' lang='lat' dir='ltr'>ac</span> <span class='ocrx_word' id='word_1_175' title='bbox 303 2057 455 2120; x_wconf 89' lang='lat' dir='ltr'>sordidum,</span> <span class='ocrx_word' id='word_1_176' title='bbox 474 2059 519 2121; x_wconf 86' lang='lat' dir='ltr'><strong>qui</strong></span> <span class='ocrx_word' id='word_1_177' title='bbox 537 2060 626 2109; x_wconf 88' lang='grc'><strong>400400</strong></span> <span class='ocrx_word' id='word_1_178' title='bbox 644 2073 669 2110; x_wconf 87' lang='lat' dir='ltr'><strong>v.</strong></span> <span class='ocrx_word' id='word_1_179' title='bbox 683 2059 723 2110; x_wconf 82' lang='lat'><strong>83.</strong></span> <span class='ocrx_word' id='word_1_180' title='bbox 743 2059 781 2110; x_wconf 82' lang='lat' dir='ltr'><strong>al·</strong></span> <span class='ocrx_word' id='word_1_181' title='bbox 818 2059 871 2108; x_wconf 92' lang='lat' dir='ltr'>iam</span> <span class='ocrx_word' id='word_1_182' title='bbox 888 2056 995 2121; x_wconf 88' lang='lat' dir='ltr'>Eupolis</span> <span class='ocrx_word' id='word_1_183' title='bbox 1012 2057 1038 2106; x_wconf 91' lang='lat' dir='ltr'><strong>iu</strong></span> <span class='ocrx_word' id='word_1_184' title='bbox 1060 2058 1181 2108; x_wconf 84' lang='lat' dir='ltr'>hleinelrii</span> <span class='ocrx_word' id='word_1_185' title='bbox 1204 2059 1244 2108; x_wconf 83' lang='lat' dir='ltr'><strong>Fr.</strong></span> <span class='ocrx_word' id='word_1_186' title='bbox 1267 2059 1342 2110; x_wconf 90' lang='lat' dir='ltr'>Com.</span> 
     </span>
     <span class='ocr_line' id='line_1_20' title="bbox 254 2126 1344 2198; baseline 0 -16"><span class='ocrx_word' id='word_1_187' title='bbox 254 2135 319 2184; x_wconf 81' lang='grc'><strong>444404</strong></span> <span class='ocrx_word' id='word_1_188' title='bbox 331 2135 450 2187; x_wconf 87' lang='lat' dir='ltr'>vocatur.</span> <span class='ocrx_word' id='word_1_189' title='bbox 470 2134 617 2198; x_wconf 89' lang='lat' dir='ltr'>opponitur</span> <span class='ocrx_word' id='word_1_190' title='bbox 627 2133 702 2197; x_wconf 81' lang='lat' dir='ltr'>Apul.</span> <span class='ocrx_word' id='word_1_191' title='bbox 716 2134 777 2185; x_wconf 87' lang='lat' dir='ltr'>liet.</span> <span class='ocrx_word' id='word_1_192' title='bbox 817 2133 847 2182; x_wconf 92' lang='lat' dir='ltr'><strong>ll.</strong></span> <span class='ocrx_word' id='word_1_193' title='bbox 866 2145 892 2195; x_wconf 93' lang='lat' dir='ltr'><strong>p.</strong></span> <span class='ocrx_word' id='word_1_194' title='bbox 911 2130 971 2182; x_wconf 77' lang='lat' dir='ltr'>lat:</span> <span class='ocrx_word' id='word_1_195' title='bbox 999 2131 1056 2182; x_wconf 83' lang='lat' dir='ltr'>Kal</span> <span class='ocrx_word' id='word_1_196' title='bbox 1081 2128 1160 2182; x_wconf 78' lang='grc' dir='ltr'>πόλλ’</span> <span class='ocrx_word' id='word_1_197' title='bbox 1176 2126 1288 2197; x_wconf 75' lang='grc' dir='ltr'>ἔμαθον</span> <span class='ocrx_word' id='word_1_198' title='bbox 1313 2131 1344 2184; x_wconf 78' lang='grc' dir='ltr'><strong>ἐν</strong></span> 
     </span>
     <span class='ocr_line' id='line_1_21' title="bbox 255 2201 1344 2277; baseline -0.001 -19"><span class='ocrx_word' id='word_1_199' title='bbox 255 2210 283 2269; x_wconf 76' lang='grc'><strong>4,</strong></span> <span class='ocrx_word' id='word_1_200' title='bbox 304 2209 345 2260; x_wconf 77' lang='grc'><strong>48.</strong></span> <span class='ocrx_word' id='word_1_201' title='bbox 370 2209 472 2260; x_wconf 88' lang='lat' dir='ltr'>iuvenis</span> <span class='ocrx_word' id='word_1_202' title='bbox 494 2210 606 2271; x_wconf 80' lang='grc'><strong>0444440440</strong></span> <span class='ocrx_word' id='word_1_203' title='bbox 630 2211 723 2274; x_wconf 87' lang='lat' dir='ltr'>(usquo</span> <span class='ocrx_word' id='word_1_204' title='bbox 745 2209 780 2259; x_wconf 91' lang='lat' dir='ltr'>ad</span> <span class='ocrx_word' id='word_1_205' title='bbox 817 2212 894 2257; x_wconf 82' lang='grc' dir='ltr'><em>τοῖσι</em></span> <span class='ocrx_word' id='word_1_206' title='bbox 914 2208 1057 2277; x_wconf 77' lang='grc' dir='ltr'><em>κουρείοις</em></span> <span class='ocrx_word' id='word_1_207' title='bbox 1079 2204 1133 2275; x_wconf 78' lang='grc' dir='ltr'><strong>ἐγώ</strong></span> <span class='ocrx_word' id='word_1_208' title='bbox 1148 2201 1271 2270; x_wconf 78' lang='grc' dir='ltr'><strong><em>Ἀτόπως</em></strong></span> <span class='ocrx_word' id='word_1_209' title='bbox 1291 2223 1344 2257; x_wconf 85' lang='grc' dir='ltr'><strong>κα-</strong></span> 
     </span>
     <span class='ocr_line' id='line_1_22' title="bbox 255 2275 1341 2349; baseline 0 -17"><span class='ocrx_word' id='word_1_210' title='bbox 255 2283 354 2342; x_wconf 78' lang='grc'><strong>04440044</strong></span> <span class='ocrx_word' id='word_1_211' title='bbox 372 2284 462 2333; x_wconf 80' lang='lat' dir='ltr'>derata</span> <span class='ocrx_word' id='word_1_212' title='bbox 477 2285 566 2346; x_wconf 84' lang='grc'><strong>000440.</strong></span> <span class='ocrx_word' id='word_1_213' title='bbox 602 2281 720 2334; x_wconf 83' lang='lat' dir='ltr'>Alteram</span> <span class='ocrx_word' id='word_1_214' title='bbox 739 2283 781 2334; x_wconf 87' lang='lat' dir='ltr'>le·</span> <span class='ocrx_word' id='word_1_215' title='bbox 816 2282 903 2345; x_wconf 70' lang='lat' dir='ltr'><strong>19va</strong></span> <span class='ocrx_word' id='word_1_216' title='bbox 915 2275 1001 2332; x_wconf 75' lang='grc' dir='ltr'><strong>κούδὲ</strong></span> <span class='ocrx_word' id='word_1_217' title='bbox 1017 2279 1185 2349; x_wconf 77' lang='grc' dir='ltr'><em>γιγνώσκειν</em></span> <span class='ocrx_word' id='word_1_218' title='bbox 1195 2279 1298 2332; x_wconf 78' lang='grc' dir='ltr'><em>δοκῶν.</em></span> <span class='ocrx_word' id='word_1_219' title='bbox 1314 2311 1341 2319; x_wconf 94' lang='grc'>-</span> 
     </span>
     <span class='ocr_line' id='line_1_23' title="bbox 254 2357 1345 2422; baseline 0.001 -16"><span class='ocrx_word' id='word_1_220' title='bbox 254 2358 371 2407; x_wconf 85' lang='grc'><strong>04400004</strong></span> <span class='ocrx_word' id='word_1_221' title='bbox 388 2358 520 2418; x_wconf 84' lang='lat' dir='ltr'>abrasum,</span> <span class='ocrx_word' id='word_1_222' title='bbox 543 2371 613 2421; x_wconf 85' lang='lat' dir='ltr'>quae</span> <span class='ocrx_word' id='word_1_223' title='bbox 631 2357 779 2410; x_wconf 85' lang='lat' dir='ltr'>sullieiente</span> <span class='ocrx_word' id='word_1_224' title='bbox 819 2385 846 2393; x_wconf 96' lang='lat'><em>-</em></span> <span class='ocrx_word' id='word_1_225' title='bbox 861 2358 989 2420; x_wconf 75' lang='lat' dir='ltr'>proprios]</span> <span class='ocrx_word' id='word_1_226' title='bbox 1009 2358 1112 2422; x_wconf 72' lang='lat' dir='ltr'>«ipsum</span> <span class='ocrx_word' id='word_1_227' title='bbox 1130 2357 1195 2419; x_wconf 85' lang='lat' dir='ltr'>sihi,</span> <span class='ocrx_word' id='word_1_228' title='bbox 1222 2371 1345 2422; x_wconf 83' lang='grc'><strong>000004</strong></span> 
     </span>
     <span class='ocr_line' id='line_1_24' title="bbox 253 2431 1343 2496; baseline 0 -14"><span class='ocrx_word' id='word_1_229' title='bbox 253 2433 409 2483; x_wconf 82' lang='lat' dir='ltr'>auctoritate</span> <span class='ocrx_word' id='word_1_230' title='bbox 439 2433 565 2483; x_wconf 86' lang='lat' dir='ltr'>destituta</span> <span class='ocrx_word' id='word_1_231' title='bbox 590 2435 646 2493; x_wconf 83' lang='lat' dir='ltr'>est,</span> <span class='ocrx_word' id='word_1_232' title='bbox 677 2433 720 2484; x_wconf 86' lang='lat' dir='ltr'>alii</span> <span class='ocrx_word' id='word_1_233' title='bbox 745 2433 779 2484; x_wconf 89' lang='lat' dir='ltr'><strong>de</strong></span> <span class='ocrx_word' id='word_1_234' title='bbox 817 2433 984 2491; x_wconf 61' lang='lat' dir='ltr'>tonsorema</span> <span class='ocrx_word' id='word_1_235' title='bbox 1011 2433 1056 2496; x_wconf 89' lang='lat' dir='ltr'><strong>qui</strong></span> <span class='ocrx_word' id='word_1_236' title='bbox 1075 2435 1130 2484; x_wconf 91' lang='lat' dir='ltr'><strong>tum</strong></span> <span class='ocrx_word' id='word_1_237' title='bbox 1147 2431 1236 2496; x_wconf 88' lang='lat' dir='ltr'>aliquo</span> <span class='ocrx_word' id='word_1_238' title='bbox 1254 2431 1343 2484; x_wconf 88' lang='lat' dir='ltr'>abisse</span> 
     </span>
     <span class='ocr_line' id='line_1_25' title="bbox 253 2505 1344 2570; baseline 0 -14"><span class='ocrx_word' id='word_1_239' title='bbox 253 2505 338 2556; x_wconf 87' lang='lat' dir='ltr'>barba</span> <span class='ocrx_word' id='word_1_240' title='bbox 355 2505 411 2556; x_wconf 92' lang='lat' dir='ltr'>sola</span> <span class='ocrx_word' id='word_1_241' title='bbox 428 2507 647 2570; x_wconf 84' lang='lat' dir='ltr'>interpretantur;</span> <span class='ocrx_word' id='word_1_242' title='bbox 667 2508 780 2559; x_wconf 81' lang='lat' dir='ltr'>sednon</span> <span class='ocrx_word' id='word_1_243' title='bbox 817 2506 969 2558; x_wconf 88' lang='lat' dir='ltr'>censendus</span> <span class='ocrx_word' id='word_1_244' title='bbox 998 2511 1054 2568; x_wconf 89' lang='grc'><strong>004,</strong></span> <span class='ocrx_word' id='word_1_245' title='bbox 1082 2507 1153 2558; x_wconf 86' lang='grc'><strong>00440</strong></span> <span class='ocrx_word' id='word_1_246' title='bbox 1180 2521 1233 2558; x_wconf 91' lang='grc'><strong>000</strong></span> <span class='ocrx_word' id='word_1_247' title='bbox 1259 2506 1344 2557; x_wconf 85' lang='lat' dir='ltr'>habe-</span> 
     </span>
     <span class='ocr_line' id='line_1_26' title="bbox 254 2580 1342 2647; baseline -0.001 -16"><span class='ocrx_word' id='word_1_248' title='bbox 254 2584 281 2631; x_wconf 91' lang='lat' dir='ltr'><strong>et</strong></span> <span class='ocrx_word' id='word_1_249' title='bbox 305 2580 381 2644; x_wconf 78' lang='lat' dir='ltr'>louge</span> <span class='ocrx_word' id='word_1_250' title='bbox 405 2582 493 2632; x_wconf 85' lang='lat' dir='ltr'>miuus</span> <span class='ocrx_word' id='word_1_251' title='bbox 515 2581 626 2632; x_wconf 86' lang='lat' dir='ltr'>evidens</span> <span class='ocrx_word' id='word_1_252' title='bbox 643 2585 671 2632; x_wconf 91' lang='grc'><strong>04</strong></span> <span class='ocrx_word' id='word_1_253' title='bbox 695 2596 779 2647; x_wconf 87' lang='grc'><strong>04000</strong></span> <span class='ocrx_word' id='word_1_254' title='bbox 817 2583 864 2632; x_wconf 85' lang='lat' dir='ltr'><strong>het</strong></span> <span class='ocrx_word' id='word_1_255' title='bbox 875 2594 992 2644; x_wconf 85' lang='lat' dir='ltr'>quocum</span> <span class='ocrx_word' id='word_1_256' title='bbox 1004 2583 1231 2633; x_wconf 89' lang='lat' dir='ltr'>sermocinaretur</span> <span class='ocrx_word' id='word_1_257' title='bbox 1242 2583 1342 2632; x_wconf 85' lang='lat' dir='ltr'>Menas.</span> 
     </span>
     <span class='ocr_line' id='line_1_27' title="bbox 253 2654 1345 2721; baseline -0.001 -15"><span class='ocrx_word' id='word_1_258' title='bbox 253 2657 368 2706; x_wconf 88' lang='lat' dir='ltr'>otiosum</span> <span class='ocrx_word' id='word_1_259' title='bbox 386 2656 498 2706; x_wconf 86' lang='lat' dir='ltr'>videtur.</span> <span class='ocrx_word' id='word_1_260' title='bbox 527 2655 576 2706; x_wconf 75' lang='lat' dir='ltr'>Alii</span> <span class='ocrx_word' id='word_1_261' title='bbox 597 2657 714 2721; x_wconf 89' lang='lat' dir='ltr'>denique</span> <span class='ocrx_word' id='word_1_262' title='bbox 734 2658 781 2708; x_wconf 86' lang='lat' dir='ltr'><strong>ab·</strong></span> <span class='ocrx_word' id='word_1_263' title='bbox 818 2659 916 2708; x_wconf 80' lang='lat' dir='ltr'>Contra</span> <span class='ocrx_word' id='word_1_264' title='bbox 934 2654 1088 2706; x_wconf 80' lang='lat' dir='ltr'>Pleuthul.</span> <span class='ocrx_word' id='word_1_265' title='bbox 1106 2658 1137 2717; x_wconf 78' lang='grc'><strong>4,</strong></span> <span class='ocrx_word' id='word_1_266' title='bbox 1155 2656 1184 2716; x_wconf 89' lang='grc'><strong>4,</strong></span> <span class='ocrx_word' id='word_1_267' title='bbox 1204 2657 1250 2706; x_wconf 84' lang='lat'><strong>33:</strong></span> <span class='ocrx_word' id='word_1_268' title='bbox 1279 2657 1345 2718; x_wconf 81' lang='lat' dir='ltr'>Quia</span> 
     </span>
     <span class='ocr_line' id='line_1_28' title="bbox 252 2730 1342 2794; baseline -0.002 -13"><span class='ocrx_word' id='word_1_269' title='bbox 252 2745 340 2780; x_wconf 75' lang='lat' dir='ltr'>ranam</span> <span class='ocrx_word' id='word_1_270' title='bbox 351 2730 442 2781; x_wconf 90' lang='lat' dir='ltr'>volunt</span> <span class='ocrx_word' id='word_1_271' title='bbox 453 2731 602 2794; x_wconf 78' lang='lat' dir='ltr'>significare</span> <span class='ocrx_word' id='word_1_272' title='bbox 613 2731 779 2791; x_wconf 71' lang='lat' dir='ltr'>olibertump</span> <span class='ocrx_word' id='word_1_273' title='bbox 816 2732 864 2794; x_wconf 84' lang='grc'><strong>4044</strong></span> <span class='ocrx_word' id='word_1_274' title='bbox 878 2732 977 2792; x_wconf 78' lang='lat' dir='ltr'>pridem</span> <span class='ocrx_word' id='word_1_275' title='bbox 993 2735 1077 2780; x_wconf 80' lang='lat' dir='ltr'>tonsor</span> <span class='ocrx_word' id='word_1_276' title='bbox 1088 2744 1183 2793; x_wconf 79' lang='grc'><strong>40404404</strong></span> <span class='ocrx_word' id='word_1_277' title='bbox 1194 2731 1342 2791; x_wconf 75' lang='lat' dir='ltr'>dempserat.</span> 
     </span>
     <span class='ocr_line' id='line_1_29' title="bbox 254 2802 1344 2868; baseline -0.002 -12"><span class='ocrx_word' id='word_1_278' title='bbox 254 2807 316 2868; x_wconf 88' lang='lat' dir='ltr'>(Liv.</span> <span class='ocrx_word' id='word_1_279' title='bbox 336 2805 380 2866; x_wconf 89' lang='grc'><strong>34,</strong></span> <span class='ocrx_word' id='word_1_280' title='bbox 399 2807 444 2856; x_wconf 79' lang='grc'><strong>444</strong></span> <span class='ocrx_word' id='word_1_281' title='bbox 471 2806 594 2868; x_wconf 73' lang='lat' dir='ltr'>capitibus</span> <span class='ocrx_word' id='word_1_282' title='bbox 608 2807 675 2856; x_wconf 80' lang='lat' dir='ltr'>rasis</span> <span class='ocrx_word' id='word_1_283' title='bbox 690 2809 778 2868; x_wconf 79' lang='grc'><strong>4004444,</strong></span> <span class='ocrx_word' id='word_1_284' title='bbox 818 2803 920 2854; x_wconf 80' lang='lat' dir='ltr'>Falsum</span> <span class='ocrx_word' id='word_1_285' title='bbox 935 2803 1078 2853; x_wconf 86' lang='lat' dir='ltr'>lectionem</span> <span class='ocrx_word' id='word_1_286' title='bbox 1090 2802 1344 2866; x_wconf 68' lang='lat' dir='ltr'>proprioilylauder</span> 
     </span>
     <span class='ocr_line' id='line_1_30' title="bbox 254 2877 1345 2945; baseline -0.003 -14"><span class='ocrx_word' id='word_1_287' title='bbox 254 2882 296 2944; x_wconf 81' lang='grc'><strong>0444</strong></span> <span class='ocrx_word' id='word_1_288' title='bbox 319 2882 436 2932; x_wconf 79' lang='lat' dir='ltr'>seruitute</span> <span class='ocrx_word' id='word_1_289' title='bbox 461 2883 569 2945; x_wconf 74' lang='grc'><strong>4400444044</strong></span> <span class='ocrx_word' id='word_1_290' title='bbox 593 2881 704 2944; x_wconf 69' lang='lat' dir='ltr'>purant.</span> <span class='ocrx_word' id='word_1_291' title='bbox 731 2880 778 2942; x_wconf 79' lang='lat' dir='ltr'>aa,</span> <span class='ocrx_word' id='word_1_292' title='bbox 818 2877 943 2943; x_wconf 83' lang='lat' dir='ltr'>explieat:</span> <span class='ocrx_word' id='word_1_293' title='bbox 963 2877 1013 2926; x_wconf 84' lang='grc'><strong>4044</strong></span> <span class='ocrx_word' id='word_1_294' title='bbox 1029 2878 1079 2928; x_wconf 91' lang='lat' dir='ltr'>hcs</span> <span class='ocrx_word' id='word_1_295' title='bbox 1097 2890 1161 2927; x_wconf 90' lang='lat' dir='ltr'>usus</span> <span class='ocrx_word' id='word_1_296' title='bbox 1176 2877 1277 2936; x_wconf 73' lang='grc'><strong>4004004</strong></span> <span class='ocrx_word' id='word_1_297' title='bbox 1296 2880 1345 2928; x_wconf 87' lang='grc' dir='ltr'><strong>Βο-</strong></span> 
     </span>
     <span class='ocr_line' id='line_1_31' title="bbox 253 2949 1344 3021; baseline -0.005 -14"><span class='ocrx_word' id='word_1_298' title='bbox 253 2956 298 3008; x_wconf 82' lang='lat' dir='ltr'><strong>ti:</strong></span> <span class='ocrx_word' id='word_1_299' title='bbox 324 2955 439 3017; x_wconf 82' lang='lat' dir='ltr'>Polpbias</span> <span class='ocrx_word' id='word_1_300' title='bbox 459 2970 516 3008; x_wconf 79' lang='lat' dir='ltr'>aaut</span> <span class='ocrx_word' id='word_1_301' title='bbox 535 2969 619 3019; x_wconf 78' lang='lat' dir='ltr'>repam</span> <span class='ocrx_word' id='word_1_302' title='bbox 641 2955 779 3021; x_wconf 79' lang='lat' dir='ltr'>(Prusiam)</span> <span class='ocrx_word' id='word_1_303' title='bbox 817 2953 875 3003; x_wconf 89' lang='lat' dir='ltr'>the:</span> <span class='ocrx_word' id='word_1_304' title='bbox 903 2952 965 3015; x_wconf 76' lang='lat' dir='ltr'><strong>«qui</strong></span> <span class='ocrx_word' id='word_1_305' title='bbox 988 2951 1101 3002; x_wconf 87' lang='lat' dir='ltr'>tonsoris</span> <span class='ocrx_word' id='word_1_306' title='bbox 1121 2949 1206 3002; x_wconf 91' lang='lat' dir='ltr'>cultro</span> <span class='ocrx_word' id='word_1_307' title='bbox 1225 2952 1264 3000; x_wconf 92' lang='lat' dir='ltr'><strong>uti</strong></span> <span class='ocrx_word' id='word_1_308' title='bbox 1285 2951 1344 3002; x_wconf 92' lang='grc'><strong>004-</strong></span> 
     </span>
     <span class='ocr_line' id='line_1_32' title="bbox 253 3025 1343 3092; baseline -0.002 -12"><span class='ocrx_word' id='word_1_309' title='bbox 253 3055 293 3068; x_wconf 88' lang='grc'><strong>--</strong></span> <span class='ocrx_word' id='word_1_310' title='bbox 304 3031 383 3081; x_wconf 79' lang='grc'><strong>4404444</strong></span> <span class='ocrx_word' id='word_1_311' title='bbox 397 3031 533 3092; x_wconf 80' lang='lat' dir='ltr'>pileatum,</span> <span class='ocrx_word' id='word_1_312' title='bbox 551 3031 719 3092; x_wconf 78' lang='lat' dir='ltr'>capiteraso,</span> <span class='ocrx_word' id='word_1_313' title='bbox 738 3029 781 3080; x_wconf 85' lang='lat' dir='ltr'><strong>ab·</strong></span> <span class='ocrx_word' id='word_1_314' title='bbox 817 3027 866 3088; x_wconf 83' lang='grc'><strong>404,</strong></span> <span class='ocrx_word' id='word_1_315' title='bbox 885 3040 919 3076; x_wconf 90' lang='grc'><strong>00</strong></span> <span class='ocrx_word' id='word_1_316' title='bbox 936 3025 1000 3089; x_wconf 86' lang='lat' dir='ltr'>quid</span> <span class='ocrx_word' id='word_1_317' title='bbox 1016 3038 1066 3090; x_wconf 92' lang='lat' dir='ltr'><strong>pro</strong></span> <span class='ocrx_word' id='word_1_318' title='bbox 1084 3039 1117 3076; x_wconf 92' lang='grc'><strong>00</strong></span> <span class='ocrx_word' id='word_1_319' title='bbox 1135 3039 1243 3089; x_wconf 90' lang='lat' dir='ltr'>quoque</span> <span class='ocrx_word' id='word_1_320' title='bbox 1256 3026 1343 3078; x_wconf 84' lang='grc'><strong>0444040</strong></span> 
     </span>
     <span class='ocr_line' id='line_1_33' title="bbox 251 3099 1343 3169; baseline -0.001 -16"><span class='ocrx_word' id='word_1_321' title='bbox 251 3106 321 3154; x_wconf 82' lang='lat' dir='ltr'>viam</span> <span class='ocrx_word' id='word_1_322' title='bbox 336 3107 374 3155; x_wconf 86' lang='grc' dir='ltr'><strong>4νο</strong></span> <span class='ocrx_word' id='word_1_323' title='bbox 394 3107 483 3169; x_wconf 68' lang='lat' dir='ltr'>lupatis</span> <span class='ocrx_word' id='word_1_324' title='bbox 497 3106 597 3156; x_wconf 82' lang='grc'><strong>40444040</strong></span> <span class='ocrx_word' id='word_1_325' title='bbox 617 3106 780 3166; x_wconf 77' lang='lat' dir='ltr'>libertumque</span> <span class='ocrx_word' id='word_1_326' title='bbox 818 3100 867 3152; x_wconf 91' lang='lat' dir='ltr'>sihi</span> <span class='ocrx_word' id='word_1_327' title='bbox 885 3099 1083 3150; x_wconf 87' lang='lat' dir='ltr'>numerandum</span> <span class='ocrx_word' id='word_1_328' title='bbox 1097 3099 1191 3150; x_wconf 73' lang='lat' dir='ltr'>loret.»</span> <span class='ocrx_word' id='word_1_329' title='bbox 1208 3129 1233 3136; x_wconf 92' lang='lat'>—</span> <span class='ocrx_word' id='word_1_330' title='bbox 1248 3101 1343 3164; x_wconf 76' lang='grc'><strong>4004404]</strong></span> 
     </span>
     <span class='ocr_line' id='line_1_34' title="bbox 253 3174 1344 3244; baseline -0.002 -16"><span class='ocrx_word' id='word_1_331' title='bbox 253 3193 278 3229; x_wconf 82' lang='lat' dir='ltr'><strong>se</strong></span> <span class='ocrx_word' id='word_1_332' title='bbox 290 3181 378 3242; x_wconf 83' lang='grc'><strong>0004444</strong></span> <span class='ocrx_word' id='word_1_333' title='bbox 393 3181 500 3231; x_wconf 83' lang='grc'><strong>4404440444</strong></span> <span class='ocrx_word' id='word_1_334' title='bbox 513 3181 601 3244; x_wconf 73' lang='grc'><strong>40400.)</strong></span> <span class='ocrx_word' id='word_1_335' title='bbox 619 3194 713 3230; x_wconf 87' lang='lat' dir='ltr'>verum</span> <span class='ocrx_word' id='word_1_336' title='bbox 726 3193 779 3230; x_wconf 92' lang='grc'><strong>000</strong></span> <span class='ocrx_word' id='word_1_337' title='bbox 819 3174 975 3238; x_wconf 76' lang='lat' dir='ltr'>«tranquillo</span> <span class='ocrx_word' id='word_1_338' title='bbox 992 3176 1081 3224; x_wconf 89' lang='lat' dir='ltr'>animo</span> <span class='ocrx_word' id='word_1_339' title='bbox 1099 3177 1126 3225; x_wconf 90' lang='grc'><strong>04</strong></span> <span class='ocrx_word' id='word_1_340' title='bbox 1148 3177 1205 3226; x_wconf 86' lang='grc'><strong>0400</strong></span> <span class='ocrx_word' id='word_1_341' title='bbox 1229 3175 1281 3225; x_wconf 88' lang='lat' dir='ltr'>ulla</span> <span class='ocrx_word' id='word_1_342' title='bbox 1303 3177 1344 3228; x_wconf 90' lang='grc'><strong>40-</strong></span> 
     </span>
     <span class='ocr_line' id='line_1_35' title="bbox 253 3250 1344 3318; baseline -0.002 -16"><span class='ocrx_word' id='word_1_343' title='bbox 253 3253 377 3304; x_wconf 77' lang='lat' dir='ltr'>viderunt</span> <span class='ocrx_word' id='word_1_344' title='bbox 399 3257 479 3318; x_wconf 88' lang='lat' dir='ltr'>caput</span> <span class='ocrx_word' id='word_1_345' title='bbox 501 3253 603 3304; x_wconf 81' lang='lat' dir='ltr'>libertis</span> <span class='ocrx_word' id='word_1_346' title='bbox 627 3252 712 3304; x_wconf 89' lang='lat' dir='ltr'>semel</span> <span class='ocrx_word' id='word_1_347' title='bbox 735 3267 779 3303; x_wconf 88' lang='lat' dir='ltr'><strong>ra·</strong></span> <span class='ocrx_word' id='word_1_348' title='bbox 817 3251 971 3311; x_wconf 84' lang='grc'><strong>0440044000,</strong></span> <span class='ocrx_word' id='word_1_349' title='bbox 996 3251 1223 3313; x_wconf 59' lang='lat' dir='ltr'>pomacium»</span> <span class='ocrx_word' id='word_1_350' title='bbox 1250 3250 1344 3300; x_wconf 88' lang='lat' dir='ltr'>videli-</span> 
     </span>
     <span class='ocr_line' id='line_1_36' title="bbox 253 3324 1343 3390; baseline -0.002 -11"><span class='ocrx_word' id='word_1_351' title='bbox 253 3341 313 3379; x_wconf 90' lang='lat' dir='ltr'>sum</span> <span class='ocrx_word' id='word_1_352' title='bbox 339 3341 399 3380; x_wconf 88' lang='lat' dir='ltr'>esse</span> <span class='ocrx_word' id='word_1_353' title='bbox 425 3331 496 3390; x_wconf 85' lang='lat' dir='ltr'>tum,</span> <span class='ocrx_word' id='word_1_354' title='bbox 525 3342 587 3378; x_wconf 88' lang='lat' dir='ltr'>curu</span> <span class='ocrx_word' id='word_1_355' title='bbox 607 3329 779 3379; x_wconf 85' lang='lat' dir='ltr'>manumitte·</span> <span class='ocrx_word' id='word_1_356' title='bbox 817 3327 861 3377; x_wconf 89' lang='lat' dir='ltr'><strong>cet</strong></span> <span class='ocrx_word' id='word_1_357' title='bbox 883 3324 952 3376; x_wconf 88' lang='lat' dir='ltr'>lenta</span> <span class='ocrx_word' id='word_1_358' title='bbox 973 3327 1024 3376; x_wconf 89' lang='grc'><strong>4400</strong></span> <span class='ocrx_word' id='word_1_359' title='bbox 1042 3327 1169 3389; x_wconf 83' lang='lat' dir='ltr'>unguium</span> <span class='ocrx_word' id='word_1_360' title='bbox 1188 3327 1343 3390; x_wconf 79' lang='lat' dir='ltr'>purgatione</span> 
     </span>
     <span class='ocr_line' id='line_1_37' title="bbox 253 3399 1344 3468; baseline 0 -16"><span class='ocrx_word' id='word_1_361' title='bbox 253 3406 357 3464; x_wconf 85' lang='lat' dir='ltr'>rentur,</span> <span class='ocrx_word' id='word_1_362' title='bbox 376 3416 430 3454; x_wconf 93' lang='grc'><strong>000</strong></span> <span class='ocrx_word' id='word_1_363' title='bbox 442 3404 468 3452; x_wconf 89' lang='grc'><strong>40</strong></span> <span class='ocrx_word' id='word_1_364' title='bbox 479 3404 654 3468; x_wconf 84' lang='lat' dir='ltr'>perpetuum,</span> <span class='ocrx_word' id='word_1_365' title='bbox 668 3403 717 3453; x_wconf 86' lang='lat' dir='ltr'>nisi</span> <span class='ocrx_word' id='word_1_366' title='bbox 728 3403 779 3468; x_wconf 88' lang='lat' dir='ltr'>ipsi</span> <span class='ocrx_word' id='word_1_367' title='bbox 816 3402 892 3466; x_wconf 86' lang='lat' dir='ltr'>quasi</span> <span class='ocrx_word' id='word_1_368' title='bbox 912 3399 1095 3452; x_wconf 77' lang='lat' dir='ltr'>delectabatur</span> <span class='ocrx_word' id='word_1_369' title='bbox 1110 3403 1152 3452; x_wconf 86' lang='lat' dir='ltr'><strong>vir</strong></span> <span class='ocrx_word' id='word_1_370' title='bbox 1172 3401 1272 3461; x_wconf 81' lang='lat' dir='ltr'>bonus,</span> <span class='ocrx_word' id='word_1_371' title='bbox 1298 3402 1344 3464; x_wconf 90' lang='lat' dir='ltr'><strong>qui</strong></span> 
     </span>
     <span class='ocr_line' id='line_1_38' title="bbox 252 3475 1341 3540; baseline -0.001 -13"><span class='ocrx_word' id='word_1_372' title='bbox 252 3477 324 3527; x_wconf 91' lang='lat' dir='ltr'>hunc</span> <span class='ocrx_word' id='word_1_373' title='bbox 341 3477 462 3528; x_wconf 85' lang='lat' dir='ltr'>habitum</span> <span class='ocrx_word' id='word_1_374' title='bbox 483 3489 591 3528; x_wconf 85' lang='lat' dir='ltr'>servare</span> <span class='ocrx_word' id='word_1_375' title='bbox 613 3476 724 3540; x_wconf 81' lang='lat' dir='ltr'>vellent,</span> <span class='ocrx_word' id='word_1_376' title='bbox 750 3480 781 3528; x_wconf 88' lang='lat' dir='ltr'><strong>ut</strong></span> <span class='ocrx_word' id='word_1_377' title='bbox 816 3475 928 3540; x_wconf 86' lang='lat' dir='ltr'>alioqui,</span> <span class='ocrx_word' id='word_1_378' title='bbox 941 3477 1013 3540; x_wconf 86' lang='lat' dir='ltr'>quod</span> <span class='ocrx_word' id='word_1_379' title='bbox 1029 3477 1136 3538; x_wconf 85' lang='grc'><strong>4000404,</strong></span> <span class='ocrx_word' id='word_1_380' title='bbox 1150 3490 1203 3528; x_wconf 89' lang='grc'><strong>000</strong></span> <span class='ocrx_word' id='word_1_381' title='bbox 1214 3475 1341 3528; x_wconf 81' lang='lat' dir='ltr'>habebat.</span> 
     </span>
     <span class='ocr_line' id='line_1_39' title="bbox 251 3551 1344 3617; baseline -0.003 -15"><span class='ocrx_word' id='word_1_382' title='bbox 251 3551 350 3615; x_wconf 84' lang='lat' dir='ltr'>placuit</span> <span class='ocrx_word' id='word_1_383' title='bbox 375 3565 439 3602; x_wconf 88' lang='lat' dir='ltr'>sane</span> <span class='ocrx_word' id='word_1_384' title='bbox 466 3554 495 3604; x_wconf 85' lang='lat' dir='ltr'><strong>C.</strong></span> <span class='ocrx_word' id='word_1_385' title='bbox 519 3554 615 3603; x_wconf 83' lang='lat' dir='ltr'>Fannio</span> <span class='ocrx_word' id='word_1_386' title='bbox 642 3553 778 3604; x_wconf 86' lang='lat' dir='ltr'>Chaereae</span> <span class='ocrx_word' id='word_1_387' title='bbox 850 3553 939 3606; x_wconf 66' lang='lat' dir='ltr'>tia-56.</span> <span class='ocrx_word' id='word_1_388' title='bbox 971 3553 1082 3603; x_wconf 80' lang='lat' dir='ltr'>Daaetrt</span> <span class='ocrx_word' id='word_1_389' title='bbox 1097 3554 1159 3617; x_wconf 86' lang='lat' dir='ltr'>oet]</span> <span class='ocrx_word' id='word_1_390' title='bbox 1180 3553 1236 3602; x_wconf 85' lang='lat' dir='ltr'>lam</span> <span class='ocrx_word' id='word_1_391' title='bbox 1255 3552 1344 3602; x_wconf 87' lang='lat' dir='ltr'>homi-</span> 
     </span>
     <span class='ocr_line' id='line_1_40' title="bbox 252 3626 1343 3691; baseline 0 -15"><span class='ocrx_word' id='word_1_392' title='bbox 252 3627 323 3690; x_wconf 86' lang='lat' dir='ltr'>apud</span> <span class='ocrx_word' id='word_1_393' title='bbox 346 3628 400 3678; x_wconf 88' lang='lat' dir='ltr'>Cio.</span> <span class='ocrx_word' id='word_1_394' title='bbox 420 3640 469 3691; x_wconf 93' lang='lat' dir='ltr'><strong>pro</strong></span> <span class='ocrx_word' id='word_1_395' title='bbox 489 3628 566 3678; x_wconf 85' lang='lat' dir='ltr'>lloso.</span> <span class='ocrx_word' id='word_1_396' title='bbox 588 3629 662 3678; x_wconf 89' lang='lat' dir='ltr'>Com.</span> <span class='ocrx_word' id='word_1_397' title='bbox 682 3629 711 3688; x_wconf 81' lang='grc'><strong>7,</strong></span> <span class='ocrx_word' id='word_1_398' title='bbox 735 3627 776 3678; x_wconf 81' lang='grc'><strong>40.</strong></span> <span class='ocrx_word' id='word_1_399' title='bbox 817 3628 857 3676; x_wconf 88' lang='grc'><strong>040</strong></span> <span class='ocrx_word' id='word_1_400' title='bbox 884 3640 937 3678; x_wconf 91' lang='grc'><strong>000</strong></span> <span class='ocrx_word' id='word_1_401' title='bbox 961 3629 1018 3678; x_wconf 87' lang='grc'><strong>0400</strong></span> <span class='ocrx_word' id='word_1_402' title='bbox 1037 3628 1153 3690; x_wconf 86' lang='lat' dir='ltr'>quadarn</span> <span class='ocrx_word' id='word_1_403' title='bbox 1175 3626 1278 3691; x_wconf 80' lang='lat' dir='ltr'>pigritia</span> <span class='ocrx_word' id='word_1_404' title='bbox 1295 3639 1343 3676; x_wconf 82' lang='lat' dir='ltr'><strong>sua</strong></span> 
     </span>
     <span class='ocr_line' id='line_1_41' title="bbox 251 3700 1344 3768; baseline -0.001 -16"><span class='ocrx_word' id='word_1_405' title='bbox 251 3703 338 3765; x_wconf 78' lang='lat' dir='ltr'>atque</span> <span class='ocrx_word' id='word_1_406' title='bbox 357 3703 464 3752; x_wconf 90' lang='lat' dir='ltr'>omuino</span> <span class='ocrx_word' id='word_1_407' title='bbox 482 3701 525 3752; x_wconf 92' lang='lat' dir='ltr'><strong>vel</strong></span> <span class='ocrx_word' id='word_1_408' title='bbox 545 3706 657 3768; x_wconf 89' lang='lat' dir='ltr'>propter</span> <span class='ocrx_word' id='word_1_409' title='bbox 674 3703 780 3752; x_wconf 88' lang='lat' dir='ltr'>tonstri·</span> <span class='ocrx_word' id='word_1_410' title='bbox 816 3705 888 3752; x_wconf 87' lang='lat' dir='ltr'>sorte</span> <span class='ocrx_word' id='word_1_411' title='bbox 898 3703 1016 3753; x_wconf 88' lang='lat' dir='ltr'>contenti</span> <span class='ocrx_word' id='word_1_412' title='bbox 1024 3702 1111 3752; x_wconf 89' lang='lat' dir='ltr'>voltus</span> <span class='ocrx_word' id='word_1_413' title='bbox 1123 3700 1282 3763; x_wconf 85' lang='lat' dir='ltr'>habitusque</span> <span class='ocrx_word' id='word_1_414' title='bbox 1295 3713 1344 3751; x_wconf 82' lang='lat' dir='ltr'><strong>ex-</strong></span> 
     </span>
     <span class='ocr_line' id='line_1_42' title="bbox 252 3774 1342 3841; baseline -0.003 -15"><span class='ocrx_word' id='word_1_415' title='bbox 252 3790 302 3826; x_wconf 87' lang='grc'><strong>000</strong></span> <span class='ocrx_word' id='word_1_416' title='bbox 321 3779 500 3837; x_wconf 89' lang='grc'><strong>40004400040,</strong></span> <span class='ocrx_word' id='word_1_417' title='bbox 519 3789 571 3839; x_wconf 87' lang='lat' dir='ltr'>qua</span> <span class='ocrx_word' id='word_1_418' title='bbox 590 3776 730 3828; x_wconf 84' lang='lat' dir='ltr'>manifesto</span> <span class='ocrx_word' id='word_1_419' title='bbox 742 3777 779 3826; x_wconf 89' lang='lat' dir='ltr'><strong>si·</strong></span> <span class='ocrx_word' id='word_1_420' title='bbox 817 3777 880 3826; x_wconf 86' lang='grc'><strong>04404</strong></span> <span class='ocrx_word' id='word_1_421' title='bbox 891 3777 1048 3841; x_wconf 87' lang='lat' dir='ltr'>Philippum,</span> <span class='ocrx_word' id='word_1_422' title='bbox 1061 3778 1187 3836; x_wconf 78' lang='lat' dir='ltr'>utiocum</span> <span class='ocrx_word' id='word_1_423' title='bbox 1196 3774 1247 3824; x_wconf 92' lang='lat' dir='ltr'>sibi</span> <span class='ocrx_word' id='word_1_424' title='bbox 1256 3777 1342 3838; x_wconf 88' lang='grc'><strong>00404,</strong></span> 
     </span>
     <span class='ocr_line' id='line_1_43' title="bbox 251 3849 1344 3916; baseline 0.001 -16"><span class='ocrx_word' id='word_1_425' title='bbox 251 3851 358 3914; x_wconf 78' lang='lat' dir='ltr'>gnificat</span> <span class='ocrx_word' id='word_1_426' title='bbox 382 3853 461 3915; x_wconf 84' lang='lat' dir='ltr'>po&#39;eta</span> <span class='ocrx_word' id='word_1_427' title='bbox 487 3853 592 3903; x_wconf 86' lang='lat' dir='ltr'>hieriam</span> <span class='ocrx_word' id='word_1_428' title='bbox 616 3849 695 3915; x_wconf 87' lang='lat' dir='ltr'>paulo</span> <span class='ocrx_word' id='word_1_429' title='bbox 717 3852 779 3901; x_wconf 89' lang='grc'><strong>0040</strong></span> <span class='ocrx_word' id='word_1_430' title='bbox 817 3864 869 3902; x_wconf 90' lang='grc'><strong>000</strong></span> <span class='ocrx_word' id='word_1_431' title='bbox 886 3855 997 3916; x_wconf 87' lang='lat' dir='ltr'>propter</span> <span class='ocrx_word' id='word_1_432' title='bbox 1013 3853 1104 3902; x_wconf 87' lang='grc'><strong>000040</strong></span> <span class='ocrx_word' id='word_1_433' title='bbox 1122 3864 1202 3914; x_wconf 84' lang='grc'><strong>404040</strong></span> <span class='ocrx_word' id='word_1_434' title='bbox 1217 3849 1344 3901; x_wconf 85' lang='lat' dir='ltr'>invidiam</span> 
     </span>
     <span class='ocr_line' id='line_1_44' title="bbox 252 3925 1344 3990; baseline -0.001 -15"><span class='ocrx_word' id='word_1_435' title='bbox 252 3938 280 3976; x_wconf 87' lang='lat' dir='ltr'><strong>se</strong></span> <span class='ocrx_word' id='word_1_436' title='bbox 304 3925 455 3976; x_wconf 91' lang='lat' dir='ltr'>radendum</span> <span class='ocrx_word' id='word_1_437' title='bbox 477 3939 600 3986; x_wconf 78' lang='lat' dir='ltr'>curasse,</span> <span class='ocrx_word' id='word_1_438' title='bbox 628 3925 677 3974; x_wconf 87' lang='grc'><strong>4040</strong></span> <span class='ocrx_word' id='word_1_439' title='bbox 695 3925 779 3990; x_wconf 86' lang='grc'><strong>044044-</strong></span> <span class='ocrx_word' id='word_1_440' title='bbox 816 3929 862 3976; x_wconf 84' lang='grc'><strong>0444</strong></span> <span class='ocrx_word' id='word_1_441' title='bbox 883 3925 1025 3987; x_wconf 87' lang='lat' dir='ltr'>malitiam,</span> <span class='ocrx_word' id='word_1_442' title='bbox 1052 3927 1127 3975; x_wconf 90' lang='lat' dir='ltr'>cuius</span> <span class='ocrx_word' id='word_1_443' title='bbox 1152 3937 1214 3974; x_wconf 90' lang='lat' dir='ltr'><strong>eum</strong></span> <span class='ocrx_word' id='word_1_444' title='bbox 1231 3925 1344 3975; x_wconf 87' lang='lat' dir='ltr'>insimu-</span> 
     </span>
     <span class='ocr_line' id='line_1_45' title="bbox 252 3997 1343 4065; baseline -0.003 -15"><span class='ocrx_word' id='word_1_445' title='bbox 252 4001 320 4050; x_wconf 86' lang='lat' dir='ltr'>catio</span> <span class='ocrx_word' id='word_1_446' title='bbox 345 4001 488 4051; x_wconf 87' lang='lat' dir='ltr'>reiieienda</span> <span class='ocrx_word' id='word_1_447' title='bbox 515 4003 564 4052; x_wconf 86' lang='lat' dir='ltr'>est.</span> <span class='ocrx_word' id='word_1_448' title='bbox 602 4001 778 4064; x_wconf 81' lang='lat' dir='ltr'>Nequaquam</span> <span class='ocrx_word' id='word_1_449' title='bbox 816 4000 871 4050; x_wconf 89' lang='grc'><strong>4004</strong></span> <span class='ocrx_word' id='word_1_450' title='bbox 887 4001 1050 4065; x_wconf 87' lang='lat' dir='ltr'>interpretes</span> <span class='ocrx_word' id='word_1_451' title='bbox 1069 3997 1200 4060; x_wconf 82' lang='lat' dir='ltr'>nonnulli,</span> <span class='ocrx_word' id='word_1_452' title='bbox 1219 3999 1343 4063; x_wconf 89' lang='lat' dir='ltr'>sedpro-</span> 
     </span>
     <span class='ocr_line' id='line_1_46' title="bbox 251 4067 1344 4143; baseline 0 -19"><span class='ocrx_word' id='word_1_453' title='bbox 251 4075 341 4124; x_wconf 85' lang='lat' dir='ltr'>autem</span> <span class='ocrx_word' id='word_1_454' title='bbox 359 4075 481 4124; x_wconf 79' lang='lat' dir='ltr'>adrasum</span> <span class='ocrx_word' id='word_1_455' title='bbox 501 4074 632 4137; x_wconf 82' lang='lat' dir='ltr'>siguificat</span> <span class='ocrx_word' id='word_1_456' title='bbox 650 4075 780 4124; x_wconf 70' lang='lat' dir='ltr'>«semira-</span> <span class='ocrx_word' id='word_1_457' title='bbox 816 4076 876 4139; x_wconf 86' lang='lat' dir='ltr'>pter</span> <span class='ocrx_word' id='word_1_458' title='bbox 899 4088 1002 4126; x_wconf 88' lang='lat' dir='ltr'>meram</span> <span class='ocrx_word' id='word_1_459' title='bbox 1021 4067 1215 4143; x_wconf 71' lang='lat' dir='ltr'>ebrpaaela&#39;nv.</span> <span class='ocrx_word' id='word_1_460' title='bbox 1240 4101 1266 4110; x_wconf 91' lang='lat'>-</span> <span class='ocrx_word' id='word_1_461' title='bbox 1294 4087 1344 4124; x_wconf 83' lang='lat' dir='ltr'><strong>aaa</strong></span> 
     </span>
     <span class='ocr_line' id='line_1_47' title="bbox 252 4143 1344 4212; baseline -0.001 -15"><span class='ocrx_word' id='word_1_462' title='bbox 252 4160 344 4208; x_wconf 66' lang='lat' dir='ltr'>sumpt</span> <span class='ocrx_word' id='word_1_463' title='bbox 368 4149 456 4200; x_wconf 87' lang='lat' dir='ltr'>minus</span> <span class='ocrx_word' id='word_1_464' title='bbox 478 4149 558 4199; x_wconf 88' lang='grc'><strong>044004</strong></span> <span class='ocrx_word' id='word_1_465' title='bbox 582 4147 720 4212; x_wconf 70' lang='lat' dir='ltr'>ipolitum,</span> <span class='ocrx_word' id='word_1_466' title='bbox 744 4149 779 4201; x_wconf 90' lang='lat' dir='ltr'>ad</span> <span class='ocrx_word' id='word_1_467' title='bbox 816 4149 892 4212; x_wconf 84' lang='grc'><strong>40000]</strong></span> <span class='ocrx_word' id='word_1_468' title='bbox 920 4143 954 4199; x_wconf 82' lang='grc' dir='ltr'><strong>οὐ</strong></span> <span class='ocrx_word' id='word_1_469' title='bbox 978 4145 1100 4209; x_wconf 80' lang='grc' dir='ltr'><strong>σκαιῶς,</strong></span> <span class='ocrx_word' id='word_1_470' title='bbox 1125 4148 1194 4198; x_wconf 78' lang='lat' dir='ltr'>«sed</span> <span class='ocrx_word' id='word_1_471' title='bbox 1211 4148 1344 4198; x_wconf 80' lang='lat' dir='ltr'>dexterri-</span> 
     </span>
     <span class='ocr_line' id='line_1_48' title="bbox 252 4224 1343 4287; baseline 0.001 -16"><span class='ocrx_word' id='word_1_472' title='bbox 252 4235 368 4285; x_wconf 76' lang='lat' dir='ltr'>uuguem</span> <span class='ocrx_word' id='word_1_473' title='bbox 386 4224 514 4284; x_wconf 63' lang='grc'><strong>40040040»</strong></span> <span class='ocrx_word' id='word_1_474' title='bbox 537 4224 566 4272; x_wconf 90' lang='grc'><strong>04</strong></span> <span class='ocrx_word' id='word_1_475' title='bbox 584 4225 707 4287; x_wconf 85' lang='lat' dir='ltr'>opinatur</span> <span class='ocrx_word' id='word_1_476' title='bbox 724 4226 779 4276; x_wconf 88' lang='lat' dir='ltr'><strong>liu·</strong></span> <span class='ocrx_word' id='word_1_477' title='bbox 817 4239 897 4284; x_wconf 73' lang='grc' dir='ltr'><strong>400ςο</strong></span> <span class='ocrx_word' id='word_1_478' title='bbox 916 4225 1018 4274; x_wconf 86' lang='grc'><strong>44004004</strong></span> <span class='ocrx_word' id='word_1_479' title='bbox 1029 4225 1130 4274; x_wconf 84' lang='lat' dir='ltr'>cordata</span> <span class='ocrx_word' id='word_1_480' title='bbox 1142 4229 1165 4274; x_wconf 84' lang='grc'><strong>44</strong></span> <span class='ocrx_word' id='word_1_481' title='bbox 1177 4229 1246 4284; x_wconf 86' lang='grc'><strong>0040,</strong></span> <span class='ocrx_word' id='word_1_482' title='bbox 1267 4227 1295 4274; x_wconf 89' lang='grc'><strong>04</strong></span> <span class='ocrx_word' id='word_1_483' title='bbox 1307 4225 1343 4272; x_wconf 86' lang='grc'><strong>044</strong></span> 
     </span>
     <span class='ocr_line' id='line_1_49' title="bbox 252 4296 1344 4362; baseline 0.002 -16"><span class='ocrx_word' id='word_1_484' title='bbox 252 4296 331 4348; x_wconf 88' lang='lat' dir='ltr'>thius.</span> <span class='ocrx_word' id='word_1_485' title='bbox 352 4299 490 4359; x_wconf 77' lang='grc'><strong>-0004401</strong></span> <span class='ocrx_word' id='word_1_486' title='bbox 511 4299 587 4362; x_wconf 84' lang='lat' dir='ltr'>linge</span> <span class='ocrx_word' id='word_1_487' title='bbox 607 4299 653 4347; x_wconf 86' lang='lat' dir='ltr'>tibi</span> <span class='ocrx_word' id='word_1_488' title='bbox 671 4300 779 4350; x_wconf 86' lang='lat' dir='ltr'>tonstri-</span> <span class='ocrx_word' id='word_1_489' title='bbox 815 4297 923 4350; x_wconf 86' lang='lat' dir='ltr'>Plautus</span> <span class='ocrx_word' id='word_1_490' title='bbox 940 4301 1020 4349; x_wconf 87' lang='lat' dir='ltr'>Poen.</span> <span class='ocrx_word' id='word_1_491' title='bbox 1042 4301 1069 4360; x_wconf 92' lang='grc'><strong>4,</strong></span> <span class='ocrx_word' id='word_1_492' title='bbox 1089 4301 1118 4359; x_wconf 94' lang='grc'><strong>4,</strong></span> <span class='ocrx_word' id='word_1_493' title='bbox 1138 4299 1163 4358; x_wconf 84' lang='grc'><strong>3,</strong></span> <span class='ocrx_word' id='word_1_494' title='bbox 1188 4299 1255 4350; x_wconf 74' lang='lat' dir='ltr'>hdr.</span> <span class='ocrx_word' id='word_1_495' title='bbox 1275 4299 1344 4349; x_wconf 86' lang='grc'><strong>40000</strong></span> 
     </span>
    </p>
   </div>
   <div class='ocr_carea' id='block_1_5' title="bbox 0 0 1600 4974">
    <p class='ocr_par' dir='ltr' id='par_1_5' title="bbox 0 0 1600 4974">
     <span class='ocr_line' id='line_1_50' title="bbox 0 0 1600 4974; baseline 0 1"><span class='ocrx_word' id='word_1_496' title='bbox 0 0 1600 4974; x_wconf 95' lang='lat' dir='ltr'><strong> </strong></span> 
     </span>
    </p>
   </div>
  </div>
 </body>
</html>
