3116 4968
597 421 657 473 ΗΒ.
676 423 707 472 ll.
743 425 811 475 SAT.
829 425 849 474 l.

226 577 331 643 Virtus
353 577 524 665 Scipiadae
547 589 579 644 et
601 579 685 646 mitis
708 579 865 667 sapientia
886 577 990 656 Laeli,

225 699 342 785 Nugari
365 717 439 765 cum
462 699 516 765 illc
539 710 572 766 et
592 698 739 767 discincti
760 697 890 778 ludere,
915 701 1019 768 donec

226 820 469 906 Decoqueretur
483 819 569 898 olus,
586 820 679 888 soliti.
710 820 874 910 Quidquid
890 843 962 888 sum
977 843 1055 909 ego,
1076 825 1224 910 quamvis

225 939 307 1006 lnfra
328 940 428 1008 Lucili
450 962 585 1009 censum
607 943 848 1032 ingeniumque,
874 953 980 1010 tamen
1002 965 1055 1010 me
1224 947 1266 1011 75

226 1062 305 1129 Cum
327 1063 452 1149 magnis
473 1063 592 1130 vixisse
614 1064 712 1130 invita
734 1063 884 1132 fatebitur
905 1084 1011 1153 usque

225 1181 347 1250 lnvidia
369 1183 523 1272 effragili
545 1205 708 1272 quaerens
730 1184 855 1253 illidere
877 1185 1006 1254 dentem

181 1437 625 1502 proximeacceditadsermenem
638 1451 706 1504 quo-
742 1442 863 1506 tempore
885 1441 973 1493 Laelio
993 1443 1095 1495 circum
1117 1442 1200 1495 lectos
1219 1447 1266 1496 tri-

181 1511 318 1563 tidianum.
742 1513 812 1566 clinii
823 1515 930 1580 fugienti
948 1515 1061 1568 Lucilius
1073 1521 1266 1582 superveniens

213 1585 301 1638 rt-ti.
328 1601 346 1637 e
360 1587 433 1651 vciqe
453 1591 477 1638 et
495 1588 578 1654 scene]
603 1601 634 1638 44
650 1589 704 1640 vite
742 1603 805 1640 eum
817 1589 922 1641 obtorta
939 1604 1036 1656 mappa
1048 1594 1125 1656 quasi
1142 1594 1267 1645 feriturus

181 1659 303 1726 publica,
332 1660 395 1722 uhi,
424 1663 501 1725 quasi
529 1663 555 1713 in
584 1663 703 1726 theatro,
741 1667 927 1728 sequeretur.»
962 1667 1046 1717 Coun.
1069 1668 1148 1725 Caua.
1186 1669 1267 1718 Cete-

180 1735 206 1784 44
231 1737 352 1787 omnium
374 1737 471 1786 civium
489 1740 634 1801 conspectu
646 1750 706 1786 ver-
741 1751 801 1788 rum
819 1751 949 1802 perquam
966 1739 1165 1792 adolescentem
1188 1742 1266 1793 Luci-

180 1808 339 1860 sabantur.»
386 1809 542 1862 Pseudocic.
569 1811 604 1861 ad
629 1813 702 1862 Brut.
741 1811 805 1862 lium
818 1815 846 1863 et
861 1813 959 1864 Satires
971 1814 1091 1864 scribere
1103 1816 1227 1879 coepisse
1239 1819 1267 1866 et

180 1883 226 1948 Ep.
247 1885 277 1944 4,
305 1884 335 1944 9,
361 1885 390 1934 44
419 1885 463 1934 titt
482 1899 549 1936 44444
566 1887 661 1949 popule
682 1891 705 1936 44
741 1889 768 1938 in
790 1887 911 1938 intimam
934 1889 1063 1952 Scipionis
1085 1891 1138 1939 iam
1161 1903 1185 1940 4.
1207 1891 1264 1941 644.

179 1972 281 2020 mnae,
305 1963 334 2010 44
352 1960 459 2024 44444444,
482 1964 638 2014 serviendum
659 1966 702 2012 444.
741 1963 838 2012 mortui
873 1961 1076 2013 familiaritatem
1109 1965 1266 2028 pervenisse

180 2035 273 2084 Cicero
292 2047 344 2098 pro
363 2033 451 2086 Plane.
473 2038 517 2098 ⁴2,
537 2037 585 2088 29:
614 2036 705 2088 0444444
741 2049 855 2087 neeesse
873 2038 923 2087 est.
959 2035 1012 2088 Cfr.
1025 2049 1077 2088 van
1094 2038 1200 2089 lfeusde
1213 2041 1266 2090 Lu-

178 2109 235 2170 iflc,
260 2121 326 2170 quae
346 2110 368 2158 44
387 2110 470 2160 minus
489 2113 517 2161 in
536 2125 612 2162 scene
632 2117 703 2173 44444,
741 2109 783 2160 cil.
797 2124 823 2175 p.
838 2110 869 2163 44
883 2123 924 2174 sq.
939 2139 967 2148 -
984 2113 1104 2177 4444444444]
1122 2112 1208 2164 seluto
1223 2117 1267 2164 tu-

178 2188 206 2232 44
226 2186 311 2244 certe,
338 2196 395 2232 44444
416 2190 474 2234 arnt
495 2185 618 2248 prolate,
646 2185 704 2235 4444-
741 2187 816 2237 nicee
834 2185 950 2249 cingulo,
968 2188 999 2236 ut
1013 2186 1181 2238 commodius
1192 2187 1267 2239 lude-

179 2258 289 2306 dantur:
314 2261 343 2306 444
366 2257 436 2308 vivat
460 2272 519 2310 44444
542 2261 602 2310 mis.
625 2285 653 2296 -
677 2263 705 2310 in
741 2263 809 2312 rent.
838 2287 866 2298 -
894 2263 970 2312 donee
994 2263 1180 2324 Decoquereter
1204 2264 1266 2326 44444]

177 2331 284 2396 serrem]
305 2333 391 2382 «intra
412 2346 476 2385 suos
496 2337 613 2400 parietes
630 2338 658 2386 et
677 2337 704 2386 in
742 2337 945 2388 «Denecceena
962 2339 1111 2401 pararetur.
1147 2338 1267 2389 Ostendit

178 2419 307 2459 amoenos
324 2405 445 2458 villarum
463 2423 614 2461 secessus.»
641 2412 702 2462 Tac.
741 2424 790 2475 per
813 2411 926 2474 herbas,
954 2425 1001 2463 eos
1025 2412 1108 2463 fuisse
1134 2411 1266 2464 sobrios.»

178 2484 244 2532 fun.
259 2481 305 2541 44,
323 2482 371 2532 434
388 2483 514 2547 aequetur
529 2485 704 2549 4444444444
742 2487 827 2537 Coun.
845 2486 891 2536 Cn.
920 2487 1064 2548 Decoquere
1083 2488 1125 2538 est
1145 2487 1266 2537 nostrum

178 2558 339 2620 Mytilenense
354 2562 654 2624 4444444444--444444444,
674 2591 702 2598 -
740 2561 940 2625 perturbere.
974 2562 1013 2612 De
1038 2561 1110 2612 olere
1127 2559 1267 2610 hominum

180 2657 207 2668 -
235 2633 319 2682 Virtus
339 2633 482 2697 Scipiadae]
505 2636 703 2698 confodi,
742 2647 890 2700 pauperum
914 2636 942 2685 et
961 2633 1101 2699 fmgalium
1118 2634 1178 2686 cibo
1195 2633 1265 2685 conf.

177 2709 222 2768 44,
242 2708 270 2758 44
296 2720 338 2772 aq.
367 2710 421 2759 Sat.
444 2711 473 2770 4,
495 2711 524 2772 4,
549 2711 590 2762 32.
610 2714 637 2761 et
657 2725 705 2763 su·
741 2711 843 2771 Sati,
867 2711 897 2770 7,
921 2709 963 2760 30.
992 2711 1107 2775 Eppl,
1129 2711 1159 2771 4,
1182 2711 1206 2760 4.
1236 2710 1265 2770 4,

177 2795 225 2846 pra
241 2796 268 2832 4.
283 2783 323 2832 tr.
339 2810 366 2820 -
378 2784 454 2848 444444]
473 2786 576 2836 senece
594 2786 642 2849 Ep.
656 2787 703 2835 fi:
742 2785 788 2845 44,
807 2784 839 2834 43
856 2795 917 2848 sqq.

177 2857 248 2920 lilipe
269 2857 403 2908 Catenae:
431 2861 453 2908 44
476 2860 516 2909 444
540 2860 585 2910 4444
606 2861 706 2910 videtur
1201 2885 1205 2891 ·

177 2932 252 2982 4444444
267 2933 376 2995 4444444,
394 2934 615 2997 4444444444444444
625 2936 705 2986 ceint
773 2935 862 2985 tri-78.
880 2933 990 2999 44444444]
1009 2935 1062 2986 Cfr.
1075 2933 1110 2990 ad
1121 2947 1147 2984 v.
1160 2932 1201 2983 49.
1226 2934 1267 2984 De

177 3007 271 3069 4444444,
288 3008 410 3058 4444444444.
425 3035 452 3045 -
465 3009 598 3072 sapienda]
615 3003 705 3074 Pepb-
741 3008 878 3073 splendida
896 3011 954 3060 eius
971 3009 1052 3060 domo
1068 3007 1119 3058 sub
1132 3005 1205 3057 Velia
1217 3007 1265 3057 cfr.

178 3079 219 3131 lus
235 3095 291 3131 uno
309 3095 442 3134 consensu
460 3084 591 3149 sapientis
609 3086 633 3135 ei
657 3097 705 3135 co-
741 3081 1266 3147 4444444443.44444444-44444444444441

178 3168 294 3220 gnomen
311 3156 449 3208 tribuerat.
475 3183 503 3194 -
521 3159 624 3222 Neqcri
640 3160 703 3221 cet]
742 3157 873 3220 quatenus
890 3155 932 3206 ille
950 3157 1073 3206 inventcr
1088 3156 1167 3206 huius
1183 3169 1267 3219 gene-

179 3231 233 3282 Cic.
254 3230 290 3280 de
308 3231 378 3280 Oret.
399 3231 428 3290 2.
447 3233 475 3294 6,
499 3233 544 3282 22:
575 3233 655 3296 Saepe
671 3247 705 3284 ee
740 3233 778 3282 ris
794 3230 850 3281 fuit.
871 3257 899 3268 -
912 3231 975 3281 eum
990 3228 1098 3294 mcprtis]
1117 3231 1199 3281 «Cum
1215 3231 1268 3281 Au·

178 3319 263 3356 444444
285 3317 340 3354 mec
358 3305 451 3368 (inquit
468 3307 588 3370 Crassus)
606 3309 703 3370 44444444,
741 3307 832 3370 gustem
844 3307 1008 3366 Maecenate,
1021 3303 1136 3356 Pollione
1146 3303 1266 3356 4441444.»

178 3395 235 3432 444444
254 3381 390 3432 4444444444
410 3393 523 3432 cocenim
544 3395 618 3432 4444444
637 3383 705 3434 444-
741 3381 833 3430 84444.
860 3381 926 3445 Epp.
940 3381 1026 3442 4,44,
1045 3379 1094 3430 434
1120 3380 1162 3429 444
1176 3378 1268 3442 primis
1369 3384 1373 3392 '

177 3457 239 3508 444444
255 3469 352 3518 44444444
371 3456 424 3519 sere
440 3469 498 3506 44444
512 3457 628 3519 Scipierte
644 3457 705 3508 4444-
743 3455 814 3504 Urbis
830 3454 886 3506 44444
898 3455 1025 3518 peciisse
1041 3455 1157 3516 4444444444
1168 3452 1268 3518 (loque-

178 3537 230 3582 4444
246 3532 368 3582 4444444444
378 3544 466 3592 eosque
475 3532 651 3582 44444444444444
662 3546 705 3582 re-
742 3530 797 3593 ris).
811 3557 837 3566 -
849 3531 939 3594 freptli
948 3557 963 3568 -
973 3556 988 3568 -
998 3531 1085 3592 solido]
1097 3543 1157 3594 gen.
1168 3530 1266 3590 neutr.,

175 3619 326 3670 puerascere
342 3617 394 3656 4444
409 3605 507 3667 solitos,
532 3620 590 3658 44444
604 3621 650 3658 4444
672 3621 706 3658 ec
742 3605 856 3668 imagine
874 3605 1017 3671 desumpta
1029 3603 1064 3654 ab
1076 3617 1122 3665 eo,
1141 3603 1186 3667 qui
1201 3603 1267 3652 dum

177 3681 238 3733 terite
254 3687 388 3744 tamquam
403 3694 416 3731 e
431 3681 521 3730 vincite
533 3683 703 3734 mutavissent.
741 3679 844 3730 avidius
861 3679 987 3730 dentibus
1003 3679 1126 3742 frangere
1143 3675 1198 3726 volt
1216 3689 1268 3725 nu-

177 3759 233 3808 4444
245 3757 327 3806 audeo
338 3756 419 3805 4444444
430 3756 461 3806 de
471 3755 645 3818 444444444444,
664 3759 706 3808 sed
742 3767 803 3804 cem
820 3753 950 3818 aliquam,
969 3751 1122 3816 iuglandem
1138 3752 1201 3814 puta
1224 3747 1267 3798 vel

178 3837 261 3882 temen
285 3831 324 3880 4444
347 3829 408 3880 sciet
431 3843 543 3880 merare
568 3831 703 3894 Scaevoia,
742 3826 905 3889 avellanam,
924 3828 986 3891 quia
1003 3824 1079 3878 facile
1096 3824 1123 3874 id
1140 3824 1196 3874 fore
1209 3825 1268 3888 opi-

178 3906 284 3956 4444444
298 3917 340 3955 eor
355 3909 378 3955 44
396 3903 525 3956 4444444444
540 3907 574 3956 cd
593 3905 706 3956 Caietam
742 3905 821 3954 natur
832 3901 954 3966 (treptie),
969 3901 1099 3965 putamini
1110 3899 1189 3949 nimis
1200 3899 1268 3949 duro

178 3983 202 4029 et
216 3981 251 4030 ed
267 3981 422 4029 4444444444
442 3979 523 4044 tepere
540 3993 667 4030 4444444444
683 3987 706 4031 44
743 3989 790 4028 444
814 3976 889 4027 illidit
914 3975 1018 4040 sibique
1044 3973 1163 4025 dolorem
1183 3976 1265 4025 creat.

179 4055 212 4104 444
222 4067 321 4105 menen
331 4054 412 4104 44444444
426 4054 594 4104 renisttonem
605 4053 706 4106 4444444-
743 4053 803 4102 Sine
821 4052 948 4116 imagine:
968 4051 1025 4112 «Ei,
1038 4051 1083 4114 qui
1095 4050 1268 4102 existimatio-

179 4129 386 4190 qaedeecendere.
409 4128 511 4191 «Scipio
522 4127 661 4178 Africanus
679 4128 707 4176 et
744 4139 806 4178 nam
823 4140 913 4178 meam
936 4124 1043 4176 laedere
1061 4129 1088 4177 et
1107 4123 1266 4176 contumelia

180 4200 283 4253 Laelius
302 4201 424 4252 feruntur
445 4205 500 4251 tarn
523 4201 605 4253 fuisse
628 4201 706 4252 fami·
744 4201 924 4264 conviciisque
941 4200 1151 4264 perterrefacere
1169 4213 1267 4252 mecc-

178 4273 257 4328 liares
269 4279 296 4328 et
308 4277 386 4330 amici
406 4273 519 4339 Lucilio,
538 4279 568 4328 ut
589 4275 706 4346 quodam
744 4275 863 4338 uehitur,
882 4275 1140 4339 firmiterreeietem.
1159 4276 1227 4328 adeo
1239 4278 1268 4326 ut
