3090 4974
328 439 390 506 734
726 475 729 481 ,
811 441 940 494 nonrrn

371 598 427 664 llle
449 598 543 665 bonis
565 598 736 686 faveatque
758 607 791 663 et
812 597 998 664 consilietur
1021 598 1140 674 amice,

373 719 411 786 Et
432 729 523 808 regat
544 720 642 786 iratos
665 728 698 787 et
718 729 803 786 amet
824 737 945 806 pacare
966 729 1142 798 tumentem

373 841 429 907 llle
452 840 554 928 dapes
578 839 690 908 laudet
709 860 842 907 mensae
864 839 990 917 brevis,
1016 838 1068 908 ille
1090 840 1254 908 salubrem

395 1020 451 1071 496.
470 1019 614 1070 concilietur
631 1021 662 1080 d,
681 1021 700 1069 t.
720 1047 748 1056 -
767 1019 856 1070 ambis
872 1021 912 1070 ct.
937 1043 964 1055 -
989 1019 1046 1068 rar.
1064 1024 1135 1082 repet
1152 1031 1288 1084 superscr.
1313 1025 1382 1084 repat

361 1095 387 1145 S.
408 1117 436 1130 -
457 1107 554 1156 pacare
570 1098 689 1144 tonores
707 1106 740 1143 cx
760 1105 815 1143 unc
833 1092 932 1143 Codice
949 1093 1061 1143 Victoria
1079 1091 1186 1144 Giaeltni
1203 1107 1245 1157 ap.
1265 1093 1384 1144 Pulman·

362 1179 429 1218 num
442 1167 546 1230 (pacare
562 1170 642 1218 etiarn
660 1169 831 1232 liunuscripti
847 1165 947 1231 aliquot
964 1167 1036 1216 Statii
1054 1179 1179 1230 unusque
1197 1168 1306 1231 Cruquii
1324 1169 1385 1219 Bus-

364 1241 425 1303 lid,
440 1255 531 1305 pecare
546 1241 587 1304 β),
606 1240 752 1302 Bentleiua,
772 1244 809 1294 ll:
824 1255 931 1304 peccora
946 1241 1057 1292 timentes
1074 1240 1158 1292 Codd.
1178 1243 1231 1292 mei
1249 1244 1277 1294 et
1294 1255 1385 1293 omnes

331 1411 376 1450 mo
393 1399 427 1450 ad
442 1398 602 1451 solutionem
615 1398 734 1456 tabulae.
754 1402 783 1448 ut
795 1411 857 1450 cum
894 1399 962 1448 rime
978 1399 1046 1448 inter
1057 1411 1087 1449 se
1098 1397 1258 1450 altercantes
1270 1413 1303 1450 ao
1315 1403 1412 1450 mutuas

331 1473 429 1526 chorus
446 1475 579 1538 praesagit
595 1474 696 1524 sensim
713 1475 858 1538 appropin-
895 1473 981 1522 minas
993 1470 1107 1522 alterurn
1119 1474 1145 1522 in
1157 1472 1271 1523 alterum
1285 1476 1411 1524 iacientes.

330 1551 458 1612 quantem
483 1549 627 1598 vindictam
654 1547 798 1598 divinam.»
828 1575 855 1583 —
895 1547 1020 1610 Exempla
1046 1546 1185 1596 manilesta
1213 1549 1335 1610 reperies
1354 1545 1411 1597 ond.

330 1623 435 1673 locere
451 1623 521 1687 apte]
545 1623 698 1673 «artissime
715 1621 859 1672 cohaereat
894 1623 956 1684 l’yr.
967 1619 1017 1671 434
1026 1633 1086 1684 sqq.
1097 1621 1170 1671 Aiac.
1180 1621 1242 1671 rost
1253 1633 1294 1684 sq.
1307 1622 1412 1683 tttitsq.

331 1709 392 1747 cum
409 1695 496 1765 μύθῳ
513 1699 598 1762 ipso.»
895 1697 923 1744 at
939 1693 985 1746 ubl
1004 1695 1078 1744 nont
1104 1695 1215 1758 Egregie
1232 1697 1324 1746 autem
1339 1697 1364 1745 in
1375 1707 1414 1744 no

364 1771 421 1822 res.
439 1773 495 1822 ter.
523 1773 592 1822 bonu
606 1772 700 1836 foveat]
728 1783 859 1835 «semper
895 1771 950 1819 stra
966 1768 1281 1820 lectioneduomembrn
1294 1769 1414 1835 copulan-

331 1857 392 1895 cum
406 1849 530 1910 personis
544 1846 637 1911 probis
648 1851 728 1910 atque
740 1845 859 1896 honestis
895 1844 939 1892 tur
955 1853 1004 1906 per
1015 1841 1158 1907 particulas
1170 1850 1216 1894 et-
1225 1849 1263 1906 et,
1283 1843 1414 1908 (quemad-

331 1919 445 1980 laciat;»
473 1922 522 1972 etsi
545 1921 680 1972 interdum
697 1919 778 1972 veluti
796 1933 859 1970 coa·
895 1916 1007 1968 modum
1029 1918 1057 1968 in
1073 1929 1154 1968 versu
1176 1919 1357 1982 praecedente
1372 1931 1415 1982 per

331 1995 391 2044 ctus
408 1998 489 2058 utque
507 1997 607 2046 cedens
625 1999 799 2060 tyrannorum
811 1997 859 2044 im·
895 1990 1038 2055 particulas
1051 1998 1151 2054 que-et
1167 1992 1269 2044 similes
1281 1993 1414 2044 tetendiet

330 2070 481 2133 potentiae,
501 2083 594 2119 eorum
612 2071 691 2120 minis
708 2069 859 2120 atrocibus·
896 2065 1050 2116 consiliandi
1068 2068 1187 2118 actiones
1206 2067 1413 2132 componuntur.)

332 2157 386 2207 que
403 2145 482 2195 tussis
499 2157 529 2196 se
547 2143 665 2204 subiicit,
685 2146 715 2194 ut
726 2144 792 2194 titia
803 2149 859 2194 An·
895 2153 989 2204 pamm
1007 2141 1138 2192 concinne
1152 2141 1310 2205 involgata:
1330 2146 1415 2192 «etro

332 2219 428 2282 tigona.
445 2223 509 2268 -et
519 2219 677 2281 consilietur]
697 2218 855 2268 «consilium
895 2214 982 2264 tranet
1004 2216 1085 2264 iratos
1110 2217 1138 2264 et
1163 2215 1252 2266 faveat
1274 2215 1415 2268 innocenti·

332 2289 404 2341 det.»
422 2290 461 2342 Cl.
475 2292 522 2341 cd.
536 2292 560 2352 3,
574 2289 599 2352 3,
613 2293 652 2342 47,
673 2319 700 2328 -
718 2297 791 2356 repat
807 2294 860 2342 iro-
896 2288 982 2349 husu
1009 2289 1034 2339 in
1058 2290 1209 2354 cademque
1227 2303 1253 2340 v.
1272 2297 1340 2342 ornet
1359 2303 1414 2356 pro-

332 2363 377 2427 tos]
396 2366 426 2413 ut
443 2364 504 2414 iacit
520 2365 547 2414 in
559 2365 660 2429 Oedipo
675 2379 752 2429 rege,
771 2367 797 2416 in
808 2369 860 2416 An·
896 2363 982 2426 priam
1006 2375 1084 2414 suum
1100 2365 1155 2414 vim
1173 2364 1291 2416 obtinet:
1320 2365 1415 2418 nsoleut

241 2459 242 2462 ¹
333 2439 420 2501 tigona
439 2439 491 2488 cet.
508 2466 534 2473 -
549 2441 858 2504 coretpocurctcmentes]
896 2451 994 2502 pacare
1018 2441 1153 2490 tumentes
1170 2439 1355 2504 gaudeatque,
1375 2438 1413 2488 ubi

334 2513 408 2562 llauc
434 2511 589 2571 lectionem,
617 2527 632 2562 a
655 2527 761 2564 stimmo
779 2516 859 2564 Bent-
897 2511 923 2562 td,
940 2515 1079 2563 assecutus
1096 2515 1172 2573 estu
1191 2517 1284 2565 contm
1296 2515 1359 2567 nibil
1370 2513 1415 2564 lan

333 2586 384 2637 leio
413 2586 519 2651 egregie
545 2587 704 2649 defensam·
724 2593 858 2639 servatam
896 2586 1001 2650 gnidius
1026 2585 1144 2652 uolgata:
1174 2591 1268 2640 «umet
1289 2603 1352 2650 eos,
1377 2587 1414 2652 qui

332 2661 413 2712 etiam
426 2663 453 2712 iu
468 2661 551 2713 altero
563 2661 763 2727 Regelsbergeri
778 2664 859 2715 Codi-
897 2661 1038 2712 tormidine
1060 2660 1177 2726 quadum
1200 2675 1306 2726 poenae
1323 2677 1339 2715 a
1358 2673 1415 2727 pec-

333 2747 365 2786 ca
385 2735 501 2787 affnmat
517 2735 629 2787 Schelle.
657 2738 747 2788 Lectio
769 2741 859 2789 autem
897 2737 963 2786 catis
980 2735 1145 2786 abstinente
1171 2738 1264 2802 ltaque
1281 2751 1348 2790 varo
1364 2747 1415 2787 mu·

329 2823 429 2873 pecare
445 2812 573 2873 omme,
592 2824 674 2875 quam
692 2813 793 2877 recepit
804 2813 860 2863 ltu-
897 2811 936 2874 gia
953 2810 979 2860 iu
997 2811 1088 2860 nostra
1104 2809 1218 2862 lectione
1230 2815 1272 2863 est
1282 2810 1414 2874 tautologia

333 2886 480 2947 cocceius,
504 2899 616 2952 prorsus
639 2881 749 2958 ἄκυρος
770 2889 812 2938 est
834 2889 861 2937 et
897 2897 979 2948 quam
996 2885 1068 2948 apud
1085 2885 1155 2949 virg.
1176 2888 1242 2936 Aen.
1255 2887 1284 2946 8,
1305 2886 1351 2938 tc:
1369 2885 1415 2934 Tu·

333 2961 385 3011 hoc
407 2973 490 3010 unum
512 2960 575 3010 boni
596 2961 692 3023 habet,
720 2963 793 3026 quod
810 2961 860 3012 de-
896 2973 961 3010 mor
977 2961 1057 3009 mols
1068 2965 1092 3009 et
1105 2960 1412 3012 traecomrerm.

333 3036 465 3086 monstrat
488 3049 521 3085 ex
537 3035 642 3086 lortuita
660 3036 810 3101 corruptela
827 3037 860 3086 tt-
897 3035 943 3086 Est
954 3037 1045 3085 autern
1057 3035 1100 3085 hic
1112 3033 1187 3086 locus
1199 3049 1232 3085 ex
1243 3036 1284 3096 tis,
1299 3035 1344 3086 ubi
1354 3043 1414 3085 unus

333 3114 426 3160 meum
447 3113 533 3162 ortam
552 3123 612 3161 esse
630 3111 860 3175 interpolationem
897 3109 1036 3160 dumtaxat
1046 3109 1138 3160 Codex
1153 3121 1247 3160 vemm
1261 3115 1357 3174 poetae
1368 3119 1415 3158 me

331 3197 450 3249 peccora,
468 3197 521 3248 qua
534 3185 697 3250 simpliciter,
711 3189 739 3236 ct
749 3186 861 3238 moleste
898 3197 962 3234 num
980 3184 1108 3244 servarit,
1126 3184 1157 3232 ut
1167 3185 1220 3234 Sat.
1236 3185 1259 3246 4,
1273 3185 1298 3246 3,
1312 3185 1370 3235 itt:
1381 3183 1415 3246 r*

335 3259 458 3324 quidem,
485 3263 671 3311 vemmtamen
689 3273 752 3311 curn
770 3262 861 3313 nescio
897 3259 939 3322 pto
955 3271 1073 3320 cusnprtm
1089 3259 1220 3322 lumenque
1236 3260 1366 3324 mquam.

335 3346 389 3397 quo
415 3332 504 3383 colore
534 3335 698 3394 Christiano,
731 3338 862 3400 repetitur
931 3333 1053 3382 498-304.
1066 3333 1413 3396 Μωὺηυὼμεοὴήαω

335 3407 398 3458 illud
416 3407 486 3458 bonta
498 3408 593 3470 focem.
621 3410 669 3468 Qui
684 3409 862 3460 detendemnt
898 3407 988 3458 diosa
1000 3408 1100 3457 llostc.
1113 3407 1179 3471 Epp.
1191 3409 1215 3470 4,
1227 3407 1268 3469 44,
1278 3409 1323 3458 35:
1343 3409 1415 3459 cocu

333 3495 438 3546 peccora
462 3483 588 3543 tenentes·
620 3487 800 3546 provocarunt
826 3483 861 3534 ud
897 3481 985 3532 mauis
1012 3481 1124 3532 Omnino
1145 3482 1245 3533 chorus
1265 3482 1363 3547 ubique
1379 3481 1415 3529 iu·

335 3557 401 3620 Epp.
415 3556 438 3616 4,
452 3555 494 3617 46,
506 3557 551 3606 ss:
568 3556 793 3619 cdonmtpcccare
803 3558 860 3608 buci
897 3554 985 3606 culcat
1001 3553 1072 3606 illam
1089 3557 1253 3607 Graecorum
1270 3555 1414 3620 primariam

334 3630 435 3680 circadis
450 3643 544 3680 umore
561 3631 696 3682 Nostram
715 3631 750 3682 ed
767 3631 861 3682 lectio·
898 3631 1072 3681 senteutiam:
1087 3625 1127 3681 Τὸ
1135 3631 1242 3702 μέτρον
1252 3623 1378 3702 ἄριστον.
1389 3653 1411 3664 -

335 3717 399 3756 uem
416 3704 449 3754 ct.
462 3705 516 3754 sat.
529 3705 557 3767 2,
576 3704 606 3766 3,
624 3705 690 3755 2⁴3:
716 3707 811 3756 herm
826 3710 862 3756 est
896 3705 1029 3769 lundam]
1044 3703 1288 3756 innumerabilibus
1299 3707 1368 3756 euim
1383 3700 1414 3750 lo

334 3781 395 3830 citio
412 3779 471 3841 ttct,
489 3791 547 3830 caen
568 3780 717 3830 tumidam
733 3785 778 3842 cst,
795 3777 862 3830 eorl
899 3780 937 3830 cis
955 3779 1107 3830 celebratur
1123 3781 1149 3830 in
1161 3781 1305 3844 tragoediis
1317 3777 1413 3831 Graecis

336 3852 473 3906 Claudian.
487 3853 529 3902 lV.
549 3853 629 3905 Cons.
644 3854 742 3903 llonor.
755 3855 813 3905 433.
826 3854 861 3904 de
898 3851 971 3918 Δίκη
983 3849 1119 3924 ξύνεδρος
1130 3850 1224 3920 Ζηνὸς
1234 3849 1366 3926 ἃρχσλοις
1375 3845 1414 3902 νό-

336 3929 446 3978 virtute:
459 3927 531 3978 uano
546 3929 708 3978 mnentoud
719 3929 861 3991 quisquam,
898 3941 975 3993 μοις.
995 3928 1068 3992 (Oed.
1086 3928 1140 3980 Col.
1155 3929 1239 3992 tusa.)
1258 3955 1285 3966 -
1305 3921 1413 3992 mm]

337 4003 381 4063 qct
397 4015 449 4052 non
465 4003 597 4066 cqrtoces't
612 4005 671 4052 unta
685 4002 766 4054 Sentet
782 4007 806 4054 et
821 4004 863 4054 is·
900 4003 1059 4067 praesertim
1071 4001 1117 4053 nbi
1128 4015 1144 4053 a
1157 4003 1277 4067 tyrannis
1285 4002 1413 4054 violantur·

337 4077 862 4140 certosonimipococottcestus,inoentct
900 4077 939 4128 Cl.
960 4077 1026 4127 Oad.
1047 4077 1109 4141 Tyr.
1129 4077 1179 4127 333
1194 4089 1254 4141 sqq.
1279 4105 1306 4116 -
1332 4071 1415 4139 oportit

338 4150 444 4201 Chorus
454 4153 520 4216 repit
529 4153 638 4214 trutrcn,
652 4153 697 4216 qui
709 4151 863 4204 adversario
900 4151 953 4201 otto
965 4151 1055 4216 portis]
1074 4151 1113 4202 ct.
1126 4150 1174 4212 od.
1188 4151 1213 4212 3,
1226 4153 1251 4212 c,
1262 4151 1309 4202 23:
1327 4153 1414 4201 rouo

338 4223 451 4276 absente
468 4239 580 4277 mavum
594 4226 700 4291 aliquod
718 4228 819 4279 lacinus
836 4227 863 4277 in
900 4239 949 4288 quc
963 4240 1015 4277 non
1031 4227 1133 4277 clarnos
1149 4228 1201 4276 cat.
1229 4227 1273 4276 sic
1286 4221 1413 4289 Euripides

217 4359 231 4376 ⁸
339 4310 402 4348 eum
414 4298 534 4364 molitur,
548 4307 772 4365 marcescentes,
791 4313 865 4353 accr-
901 4302 1014 4366 Cresph.
1028 4301 1068 4351 Fr.
1082 4295 1413 4372 ttOEtpq'cepoediaeioc·
