3156 4972
294 406 357 472 346
669 411 799 462 nonam
820 411 1000 480 sarrannuu

335 569 397 634 Aut
418 567 535 634 insanit
555 565 652 634 homo
675 579 730 634 aut
750 589 866 636 versus
888 569 970 637 lacit.
1014 571 1115 638 Ocius
1137 571 1211 639 hinc
1233 583 1264 640 te

335 689 372 756 lu·
396 690 497 778 rapis,
522 689 661 758 accedes
684 711 784 780 opera
807 711 885 780 agro
907 713 992 760 nona
1015 692 1145 760 Sabino.

293 910 369 968 runt,
391 910 515 958 narrante
533 908 662 959 Cicerone
679 910 751 959 Brut.
770 910 815 970 22,
855 910 954 960 Horatii
976 910 1072 961 lamilia
1094 913 1200 974 rustica)
1224 913 1277 964 eris
1295 912 1380 964 lossor

293 983 333 1033 88.
349 988 413 1033 -to
428 983 462 1032 Ni
477 981 556 1047 repis]
574 983 814 1046 SicVellei.2„85:
854 999 885 1038 ac
915 985 1093 1050 caprimulgus
1122 989 1161 1048 et,
1195 1000 1263 1051 quae
1293 1000 1378 1052 poena

292 1071 349 1107 cum
365 1071 391 1108 se
406 1059 526 1108 Canidius
538 1059 674 1121 praecipiti
689 1060 754 1123 supa
770 1073 817 1108 ra·
854 1064 914 1111 tuae
927 1061 1106 1124 protervitatis
1118 1061 1181 1124 erit,
1200 1060 1275 1114 urhis
1286 1074 1380 1113 amoe-

288 1134 383 1196 puiaset
399 1135 434 1184 erl
448 1133 591 1184 Amanium.
626 1135 655 1184 ln
678 1147 757 1198 prosa
774 1147 815 1184 or.
854 1135 980 1185 nitatibus
1002 1137 1029 1186 in
1052 1139 1213 1200 perpetuum
1237 1135 1378 1196 carebis„

292 1209 425 1259 usitatius:
439 1209 816 1274 teproripla.-ncccrlascet.]
854 1207 946 1260 solitae
970 1207 1140 1266 dominorum
1165 1210 1261 1260 minae.
1295 1209 1377 1261 Plaut.

294 1284 411 1334 «Mittam
429 1287 455 1334 te
470 1287 608 1348 tamquam
626 1283 759 1347 ergastulo
777 1284 818 1335 di·
854 1282 965 1335 blostell.
979 1284 1007 1346 4,
1026 1285 1053 1346 4,
1072 1285 1119 1334 tl:
1138 1285 1178 1335 Cis
1194 1285 1380 1347 lecupaucos

290 1371 373 1422 gnum
391 1357 416 1408 in
434 1358 562 1409 Sabinum
574 1372 678 1421 meum,
696 1357 743 1410 ubi
755 1373 817 1410 curn
854 1363 1019 1421 tenpestatea,
1035 1359 1137 1419 Tranio,
1149 1359 1255 1425 Aegatis
1265 1359 1322 1410 nari
1333 1345 1395 1410 nte*

292 1436 352 1483 octo
369 1431 427 1485 aliis
444 1435 530 1486 servis
542 1435 591 1497 (tot
606 1434 684 1498 igitur
701 1435 776 1485 erant
790 1435 817 1484 in
852 1447 922 1484 mmo
937 1447 1016 1498 pertus
1030 1434 1153 1498 [metite

646 1753 1022 1814 EXGUBSUS.

356 1857 402 1910 Vis
418 1857 521 1910 comica
538 1857 616 1910 huius
633 1859 733 1909 Satires
752 1858 778 1908 ln
796 1870 829 1908 eo
847 1859 962 1909 maxime
980 1859 1111 1920 cernitur,
1132 1855 1203 1922 quod
1223 1855 1297 1920 lingit
1312 1855 1379 1906 Davi

290 1942 362 1994 servi
378 1941 587 1994 Saturnaliornm
604 1942 709 1994 licentia
727 1942 861 1993 abutentis
873 1955 1026 1994 sermonem
1043 1943 1161 1993 Stoicum
1177 1953 1303 2005 magnam
1315 1953 1379 2005 par-

290 2027 345 2076 tem
364 2027 476 2092 Crispini
497 2025 623 2091 aretalogi
647 2027 749 2078 ianitori
772 2025 924 2078 sublectum
946 2039 1017 2077 esse.
1052 2027 1084 2077 Et
1100 2027 1182 2077 miras
1199 2039 1293 2078 rursus
1310 2025 1379 2076 Stoi-

290 2122 385 2161 corum
407 2111 625 2175 exaggerationes
647 2112 753 2174 irridet,
780 2115 807 2162 et
829 2110 908 2164 simul
933 2113 962 2163 ut
984 2113 1101 2176 optimus
1123 2111 1210 2176 pictor
1232 2111 1276 2160 hic
1298 2111 1378 2174 atque

290 2194 356 2259 Epp.
374 2195 402 2256 4,
421 2193 463 2245 44.
481 2207 623 2246 servorum
647 2195 764 2247 indolem
787 2209 947 2261 moresque,
973 2198 1011 2247 uti
1033 2196 1067 2246 ab
1090 2197 1266 2259 ingenuorum
1284 2197 1378 2246 nature

290 2279 446 2330 necessario
463 2278 666 2344 discrepabant,
693 2279 763 2331 salse
780 2294 813 2332 ac
830 2279 916 2332 lacete
934 2281 1067 2344 exprimit.
1101 2278 1223 2331 Voluitne
1241 2281 1322 2330 etiarn
1339 2273 1378 2342 ὥς

290 2359 322 2413 ἐν
342 2363 474 2433 παρέργῳ
495 2363 643 2427 significare
665 2365 777 2415 ridiculo
799 2364 922 2428 exemplo
940 2364 1008 2415 adon
1030 2367 1211 2428 importunum
1227 2365 1299 2414 bunc
1317 2377 1378 2415 esse

290 2444 494 2511 philosophandi
511 2449 587 2511 qnasi
604 2447 744 2510 morbum,
767 2461 820 2512 quo
837 2448 928 2500 verbis
946 2447 994 2500 illis
1013 2449 1158 2514 magnificis
1176 2461 1209 2498 ex
1227 2447 1377 2499 scholarum

290 2528 355 2581 locis
374 2531 562 2584 communibus
579 2533 668 2597 petitis
686 2533 879 2596 abutebantur,
897 2537 940 2592 ut,
959 2535 982 2583 si
999 2533 1089 2583 dicere
1108 2533 1147 2584 ins
1159 2533 1204 2594 sit,
1224 2533 1276 2583 iam
1294 2545 1377 2597 prope

290 2613 425 2678 servulos,
444 2615 544 2667 nedum
562 2619 600 2666 tot
618 2617 746 2681 ingenuos
764 2618 908 2668 invaserit?
925 2619 1003 2670 Certe
1016 2631 1122 2680 omnes,
1141 2618 1187 2682 qui
1204 2620 1267 2667 tunc
1279 2617 1376 2666 Romae

290 2697 438 2763 degebant,
462 2703 591 2751 noverant
613 2703 698 2752 totum
716 2702 829 2766 Crispini
853 2701 1005 2768 disputandi
1022 2715 1106 2766 genus
1122 2700 1281 2762 molestum,
1306 2701 1378 2764 puti-

289 2783 369 2846 dum,
388 2783 455 2835 rude
474 2785 579 2850 (Sati,
598 2787 628 2846 4,
648 2786 704 2835 ⁴20.
725 2787 753 2847 4,
772 2786 801 2848 3,
821 2786 877 2838 439.
897 2787 927 2848 4,
945 2784 975 2848 4,
993 2785 1054 2849 lii:
1082 2785 1181 2850 quode
1197 2798 1296 2849 genere
1309 2785 1378 2836 Stoi-

290 2881 384 2919 corum
401 2870 574 2932 conqueritur
591 2871 672 2920 etiam
694 2870 831 2935 Epictetus
853 2871 956 2921 Arriani
974 2869 1005 2930 3,
1023 2871 1069 2931 at,
1094 2871 1122 2920 l:
1149 2869 1185 2920 Oi
1208 2864 1243 2920 roi
1264 2867 1377 2940 θεωρή-

288 2967 369 3019 ματα
384 2948 581 3016 ἀναλαβόντες
597 2949 688 3018 ψιλά,
707 2948 795 3018 εὐθὺς
812 2948 887 3005 αὐτὰ
898 2950 1033 3019 ἐξεμέσαι
1049 2951 1198 3016 θέλουσιν,
1216 2947 1257 3017 ὥς
1268 2953 1299 3003 oi
1309 2967 1377 3004 oro-

288 3038 411 3102 μαχικοὶ
428 3037 480 3104 τὴν
496 3035 620 3110 τροφήν.
654 3037 776 3110 Πρῶτον
793 3034 866 3091 αὐτὸ
884 3041 995 3105 nervose,
1013 3035 1067 3090 etr
1081 3031 1157 3090 oliuo
1173 3033 1216 3104 μὴ
1228 3033 1374 3108 ἑξεμέσῃς.

288 3147 304 3162 -
320 3147 336 3161 -
353 3117 450 3173 Ταῦτα
476 3124 690 3187 (praeceptorum
715 3124 741 3173 in
767 3124 819 3174 vita
845 3123 932 3187 nsum)
959 3117 1032 3190 ἡμῖν
1056 3119 1167 3188 δεῖξον,
1194 3121 1228 3174 ἵν’
1254 3119 1374 3186 ἴδωμεν,

289 3221 335 3257 οτι
350 3204 526 3274 μεμάθηκας
542 3213 606 3269 ταῖς
622 3201 773 3274 ἀληθείαις
789 3221 816 3258 τι
833 3205 890 3258 τῶν
907 3203 1090 3272 φιλοσόφων.
1126 3201 1176 3260 oi·
1195 3200 1256 3258 ἀλλ’
1274 3201 1376 3258 ἐλθόν-

288 3305 334 3355 τες
354 3285 502 3344 ἀκούσατέ
522 3307 582 3357 μου
604 3288 712 3352 σχόλια
732 3289 875 3359 λέγοντος.
914 3293 971 3343 lam
989 3293 1053 3358 quid
1075 3291 1286 3358 exspectandum
1304 3293 1374 3351 erat,

288 3375 335 3427 ubi
353 3377 517 3441 crispiniane
535 3377 664 3440 sapientia
680 3390 696 3427 a
714 3389 793 3427 servo
816 3377 985 3428 traderetur?
1010 3389 1124 3428 aservo
1147 3376 1248 3428 domini
1269 3388 1377 3440 semper

290 3457 442 3511 clamantis:
470 3455 535 3510 Ποῦ
560 3461 636 3525 sigen
660 3454 707 3511 Ἕν
729 3456 833 3533 σχολῇ.
862 3461 920 3513 Καὶ
936 3455 1081 3512 ἀκούουσι
1103 3475 1163 3526 μου
1180 3462 1270 3524 τινες
1295 3459 1376 3526 Λέγω

287 3539 362 3610 μετὰ
379 3540 436 3594 τῶν
453 3539 637 3607 φιλοσόφων.
668 3545 779 3610 (mnan.
793 3547 904 3611 Epictet.
917 3544 945 3607 4,
960 3547 988 3609 4,
1002 3546 1069 3608 438.)
1081 3546 1182 3598 Verum
1193 3559 1258 3598 eece
1269 3557 1376 3596 summa

288 3641 350 3680 cum
368 3626 496 3692 elegantia
513 3642 546 3680 ao
563 3629 704 3682 fastivitate
721 3633 850 3682 tractatur
866 3626 1032 3702 παράδοξον
1048 3631 1166 3681 Stoicum
1183 3630 1307 3680 homines
1327 3641 1377 3679 vo-

287 3711 429 3777 luptarios,
451 3711 601 3766 luxuriosos
609 3719 622 3776 ,¹
634 3717 771 3779 signorum
789 3715 994 3780 tabularumque
1011 3717 1142 3780 pictarum
1160 3713 1304 3778 cupiditate
1326 3712 1378 3764 ab·

286 3799 391 3862 reptos,
417 3811 527 3861 avaros,
554 3797 706 3850 adulatores
727 3813 780 3850 non
802 3800 890 3851 minus
913 3811 1008 3850 servos
1031 3812 1107 3860 esse,
1133 3810 1215 3862 quam
1240 3797 1286 3861 qui
1312 3809 1376 3861 pro-

286 3881 344 3946 prie
366 3882 404 3932 sic
427 3882 562 3944 dicantur,
589 3886 616 3934 et
639 3887 782 3949 propterea
807 3899 838 3936 ex
861 3885 917 3934 iure
942 3883 1037 3936 saltem
1060 3887 1172 3934 naturae
1194 3896 1248 3933 non
1265 3881 1376 3933 minori·

286 3963 338 4016 bus
356 3967 489 4030 nequitiae
507 3982 538 4019 ac
555 3967 678 4020 stultitiae
696 3969 790 4033 poenis
808 3969 893 4020 teneri
911 3971 967 4022 sive
987 3963 1200 4040 μικροδοὺλοσς
1217 3967 1272 4018 sive
1289 3978 1376 4032 μεγα-

287 4043 454 4114 λοδούλοος.
486 4053 595 4116 (arrian.
610 4053 694 4117 Epicl.
708 4052 737 4114 4,
757 4054 785 4114 4,
804 4055 855 4117 te.)
884 4056 977 4119 Aeque
995 4066 1060 4104 vero
1077 4065 1109 4104 ac
1126 4049 1225 4104 servuli
1246 4048 1373 4115 sapientia

286 4131 415 4186 lectorem
432 4135 548 4188 delectat
566 4136 687 4188 eiusdem
710 4136 867 4202 petulantia,
895 4141 944 4199 ita,
971 4141 1000 4189 ut
1020 4138 1081 4190 κατ’
1098 4135 1243 4209 εἰρωνείαν
1265 4133 1375 4199 quidem

286 4220 312 4270 in
330 4221 448 4272 mentem
466 4220 544 4272 nobis
561 4222 651 4272 veniat
671 4219 752 4284 illius,
778 4221 850 4286 quod
875 4224 945 4274 serio
967 4223 1032 4274 dixit
1055 4221 1212 4274 Plutarchus
1232 4220 1267 4272 de
1284 4217 1372 4270 cohib.

286 4303 328 4355 lra
347 4305 392 4354 ll:
419 4301 574 4366 αἴσχιστον
590 4331 606 4344 -
623 4335 637 4346 -
654 4305 813 4369 rameseiae
834 4303 999 4380 δικαιότερα
1021 4304 1074 4358 τοῦ
1094 4301 1237 4358 δεσπότου
1254 4301 1375 4370 λέγοντα
