3156 4972
320 456 381 521 322
699 457 828 508 uoanru
846 457 1025 510 sarranauu

363 615 464 680 Pasco
487 611 592 678 libatis
614 611 762 700 dapibus.
808 616 905 680 Prout
927 615 1045 702 cuique
1067 612 1167 681 libido
1190 625 1253 694 est,

363 734 469 801 Siccat
490 733 677 821 inaequales
700 733 818 802 calices
841 736 977 802 conviva
998 735 1122 803 solutus

362 854 501 943 Legibus
523 847 659 932 insanis,
685 876 743 922 seu
767 857 841 944 quis
863 857 949 944 capit
970 859 1056 925 acria
1078 857 1168 925 iortis

361 975 482 1043 Pocula
504 997 563 1043 seu
585 975 721 1044 modicis
743 977 868 1044 uvescit
890 976 1013 1045 laetius.
1058 979 1141 1067 Ergo
1361 982 1402 1046 70

362 1099 475 1165 Sermo
498 1099 612 1176 oritur,
637 1119 701 1165 non
722 1098 764 1165 de
785 1098 869 1165 villis
891 1098 1083 1168 domibusve
1105 1100 1231 1178 alicnis,

360 1221 426 1286 Nec
441 1218 526 1286 male
544 1240 646 1287 necne
662 1222 767 1308 Lepos
782 1219 891 1300 saltet3
915 1220 991 1298 sed,
1007 1221 1096 1310 quod
1110 1223 1212 1310 magis
1225 1221 1268 1289 ad
1282 1243 1341 1288 nos

361 1341 502 1408 Pertinet
523 1352 556 1408 et
576 1343 703 1409 nescire
725 1341 846 1408 malum
867 1351 930 1420 cst,
955 1343 1125 1432 agitamus:
1148 1353 1297 1410 utrumne

359 1463 482 1529 Divitiis
505 1463 666 1542 homines,
694 1485 734 1529 an
757 1463 820 1530 sint
840 1464 957 1532 virtute
978 1464 1080 1545 beati;

382 1709 422 1758 67.
439 1708 524 1772 haut]
542 1707 604 1758 &sm
619 1713 647 1758 ut
664 1722 679 1758 c
698 1709 762 1759 cod.
782 1707 898 1760 colbert.
918 1707 1059 1760 Bentleius.
1080 1707 1117 1772 (lu
1128 1725 1147 1759 κ
1159 1708 1217 1773 syll.
1227 1723 1278 1770 pro
1292 1712 1366 1762 esta

348 1783 568 1844 menusanum,
582 1785 642 1846 post
653 1781 821 1834 manifestam
832 1783 973 1848 rasuram.)
987 1809 1015 1822 -
1027 1785 1067 1836 it.
1080 1785 1198 1836 tamnu
1207 1786 1252 1846 c‚t.
1267 1786 1367 1850 (uvescit

347 1856 383 1908 bs
402 1859 429 1908 et
446 1858 564 1922 quinquo
582 1857 715 1920 Pottierii.)
735 1884 760 1895 -
782 1858 822 1907 tt.
841 1859 892 1908 Nec
909 1871 1042 1922 superscr.
1060 1859 1098 1909 Au
1114 1861 1140 1909 S.

314 2083 379 2146 lipp.
397 2083 426 2142 2,
450 2082 478 2142 2,
496 2081 531 2142 6.)
551 2105 579 2116 -
604 2079 695 2144 libatis]
714 2080 744 2132 ut
767 2080 835 2140 dixi,
873 2083 900 2130 iu
914 2081 1011 2144 poculis
1023 2083 1196 2145 ponebantur,
1215 2083 1399 2147 dilipeutorob·

314 2157 510 2220 intemperanter
527 2154 703 2217 degustatisp
721 2167 788 2213 uon,
808 2156 837 2204 ut
873 2157 1034 2219 temporabat.
1069 2159 1129 2222 lpse
1147 2159 1211 2208 Cato
1225 2159 1288 2221 (Cic.
1302 2157 1336 2208 de
1348 2160 1400 2209 Sc·

312 2230 354 2280 alii
371 2228 475 2279 volunt:
499 2242 545 2279 aex
564 2228 662 2292 quibus
679 2227 835 2290 particulam
874 2232 943 2280 nect.
959 2229 1002 2292 tl,
1016 2229 1076 2294 lul:
1089 2234 1131 2282 lto
1142 2245 1200 2282 vcro
1212 2233 1248 2295 (in
1260 2231 1397 2294 conviviis)

312 2307 358 2355 Dis
385 2302 526 2353 Penatibus
552 2301 656 2354 libavit
686 2303 782 2353 Vinum
803 2316 835 2352 cx
872 2309 895 2354 st
919 2305 1065 2369 mupistsria
1090 2307 1210 2357 mactant
1226 2319 1244 2356 a
1259 2306 1399 2357 maiodbut

311 2381 420 2444 patera,
451 2390 503 2429 non
530 2377 605 2428 cibos
629 2375 756 2426 libabant.
795 2377 833 2428 Ci.
871 2380 1159 2442 iustitutootissmuo,
1178 2382 1398 2443 autumnate

312 2455 381 2517 Virg.
395 2457 459 2503 Aen.
474 2453 504 2513 a,
523 2451 568 2502 9⁰:
586 2451 837 2516 llic--iutcrputo-
871 2467 929 2504 mm
945 2468 963 2504 a
979 2467 1074 2506 sumuto
1095 2455 1225 2507 adhibetur
1244 2457 1271 2505 iu
1289 2457 1395 2518 poenalia

310 2542 356 2578 ras
371 2534 395 2578 at
412 2528 478 2578 lautu
491 2527 585 2590 pocula
601 2539 701 2589 serpeus
716 2527 836 2578 libauit·
873 2528 947 2579 Cout.
961 2531 1013 2580 Sat.
1027 2531 1056 2592 ἲ,
1074 2532 1103 2592 2,
1124 2531 1180 2581 tta.
1201 2559 1228 2568 -
1241 2531 1318 2597 capit]
1337 2543 1397 2583 usu·

311 2605 394 2666 dopna.
872 2603 933 2664 mit,
953 2604 1051 2666 eligit»
1074 2618 1140 2666 uon,
1167 2607 1197 2655 ut
1213 2605 1268 2655 olii:
1297 2618 1398 2670 «capax

343 2677 427 2728 tta-76.
445 2675 530 2740 Prmd]
548 2676 674 2740 script-ori
692 2677 757 2728 Cod.
772 2675 835 2727 Col·
872 2681 913 2727 est
924 2679 1056 2728 aeriorum
1072 2677 1257 2742 poculorum.»
1271 2705 1300 2715 -
1313 2679 1396 2746 unia]

309 2753 379 2803 bert.
393 2765 455 2802 curn
472 2753 596 2802 vitiosum
607 2751 745 2803 videretur
758 2757 836 2815 procat
872 2751 1026 2814 «grandium
1053 2752 1094 2803 alti
1120 2752 1198 2805 simul
1220 2753 1340 2804 referunt
1360 2754 1395 2804 ad

309 2824 537 2890 monosyllabum,
562 2825 699 2877 substituit
719 2839 776 2877 aun
792 2831 832 2888 ut,
871 2826 963 2876 vinum
986 2827 1133 2887 meracius,
1160 2839 1223 2878 cum
1249 2827 1396 2880 timidiores

309 2902 381 2966 quod
409 2902 535 2965 imposuit
563 2899 690 2952 Bentleio.
732 2901 833 2952 Hundio
871 2899 978 2950 ddutius
995 2903 1142 2951 sumerent.
1178 2899 1304 2951 Similiter
1324 2913 1396 2952 uerus

309 2989 416 3041 quoque
439 2977 522 3040 (Tuus.
541 2977 584 3026 lv.
603 2989 630 3040 p.
649 2975 716 3039 627.)
741 2975 833 3026 «valde
866 2979 968 3038 potores
992 2973 1069 3035 dixit,
1097 2975 1141 3039 qui
1166 2975 1257 3026 catum
1280 2978 1396 3040 poscunt

308 3051 420 3102 dubium
438 3050 555 3110 uidetur,
582 3063 616 3100 an
641 3052 763 3102 Horatius
780 3051 832 3100 boc
869 3050 986 3111 maiorm,
1005 3051 1058 3100 Sat.
1071 3050 1099 3110 ἰ,
1118 3050 1147 3112 8,
1166 3049 1198 3100 at
1212 3061 1254 3113 sq.
1270 3077 1298 3086 -
1310 3049 1393 3113 sortis]

308 3124 439 3176 vocabulo
474 3125 649 3189 (canninibus
683 3138 735 3174 non
769 3123 832 3175 sutis
871 3123 1024 3174 «conlidens
1040 3137 1069 3175 se
1088 3122 1249 3174 inebriatum
1266 3136 1319 3173 uon
1336 3125 1394 3173 irin·

307 3203 382 3265 apto,
401 3213 452 3250 nec
469 3199 620 3251 tantumob
638 3199 764 3260 turmam,
783 3197 832 3249 sed
873 3226 899 3234 —
934 3198 1037 3263 uuuctt]
1065 3197 1209 3263 «paulatim
1243 3199 1333 3248 widuc
1365 3197 1396 3247 flt

307 3275 386 3325 etiam
404 3276 515 3339 propter
531 3275 646 3324 notionis
657 3273 832 3336 sterilitatem)
870 3272 926 3337 (Od.
947 3275 977 3335 2,
1002 3273 1046 3334 ts,
1070 3273 1110 3323 48.
1138 3272 1166 3333 l,
1190 3273 1220 3334 5,
1243 3272 1305 3336 ab),
1323 3271 1394 3324 benc

306 3361 436 3411 umquam
453 3359 518 3398 usus
536 3347 639 3397 luerit.»
661 3371 687 3382 -
703 3347 778 3396 tilido
788 3346 831 3410 ast]
868 3351 978 3412 potuum
1004 3347 1084 3412 gloss.
1104 3350 1146 3399 est
1169 3348 1287 3398 annona
1308 3346 1392 3398 codd.

307 3423 439 3473 nonestus
465 3423 491 3471 in
516 3420 621 3471 anthol.
647 3419 726 3470 Palat.
751 3422 782 3470 ll.
803 3433 829 3485 p.
869 3421 930 3486 aliq.
945 3423 997 3472 Clr.
1012 3422 1110 3473 Heinsii
1127 3421 1269 3473 adversar.
1289 3435 1316 3486 p.
1336 3421 1394 3472 tot.

306 3495 369 3546 333:
387 3491 421 3546 τὸ
438 3493 460 3544 d'
478 3490 613 3546 ὁππόσον
631 3489 685 3560 ἡδὺ
704 3493 832 3559 ποθῆναι
871 3521 899 3532 -
917 3496 995 3561 Erpo]
1014 3499 1141 3560 «Propter
1157 3498 1227 3548 hanc
1244 3497 1330 3561 ipsam
1352 3495 1395 3545 bi-

306 3571 417 3640 Μέτρον
428 3569 493 3636 ἐμοὶ
505 3567 602 3636 πάσης
612 3563 715 3642 ἄρκιον
727 3565 830 3641 scimpo-
868 3568 999 3621 laritatem
1023 3573 1104 3634 atquc
1129 3569 1231 3621 liberae
1254 3573 1395 3634 compota·

306 3642 406 3711 σύνης.
421 3674 449 3682 -
462 3647 546 3697 Siccot
560 3647 623 3709 cet]
637 3649 704 3696 nsua
717 3647 831 3709 quisque
870 3645 945 3696 tionis
968 3645 1160 3696 iucunditatem
1186 3646 1228 3704 dt,
1256 3647 1286 3695 ut
1310 3641 1394 3695 solitis

306 3721 434 3771 arbitratu
452 3719 536 3770 ebibit
554 3718 647 3784 poculo
667 3721 768 3770 minora
786 3721 833 3770 aut
869 3732 900 3769 ao
912 3718 1062 3782 vulgaribus
1077 3719 1126 3771 illis
1138 3720 1322 3771 conviviorum
1334 3731 1395 3768 ser-

306 3797 420 3857 utaiora‚
442 3794 510 3846 liber
528 3809 541 3845 a
561 3793 680 3845 molestis
700 3793 749 3844 illis
766 3792 832 3858 legi-
868 3793 1262 3858 monibusnunquamutamur,
1276 3793 1396 3844 iuviden-

306 3869 373 3932 bus,
393 3883 460 3935 quas
478 3867 704 3941 συμποσιάρχης
722 3871 777 3932 (ran
789 3868 832 3919 bi·
868 3871 909 3920 tes
920 3867 978 3920 aliis
989 3870 1096 3932 praedia
1109 3871 1219 3930 maiora,
1233 3867 1274 3919 vel
1286 3867 1320 3918 de
1330 3879 1395 3932 pau·

306 3945 395 4007 bandi)
414 3945 448 3995 dc
466 3957 579 3995 numero
592 3957 624 3994 ac
641 3957 768 3995 mensura
785 3957 832 4008 po-
868 3945 1040 3995 tomimorum
1057 3944 1158 3995 artibus
1175 3946 1245 3994 inter
1261 3955 1309 3994 nos
1328 3955 1394 3993 con-

307 4019 428 4070 culorum
451 4018 516 4070 alias
538 4019 656 4070 convivis
674 4018 781 4068 dictat.»
802 4045 829 4054 —
869 4018 1036 4070 tondentes.»
1063 4019 1116 4069 Cir.
1130 4020 1209 4069 etiarn
1222 4018 1298 4070 Haud
1315 4019 1391 4068 Turs.

307 4093 411 4157 lapibus
426 4093 531 4158 imanis]
548 4093 603 4144 Cic.
623 4093 699 4142 Varr.
717 4094 779 4142 Αοο.
798 4093 829 4153 5,
869 4095 899 4142 ll.
919 4106 945 4157 p.
959 4092 1015 4145 tot.
1037 4121 1064 4131 —
1084 4094 1170 4157 Lepos]
1190 4104 1304 4143 nnuman
1327 4091 1394 4142 iosi-

308 4167 353 4228 tt,
371 4165 415 4215 28:
434 4167 481 4218 istc
497 4168 562 4217 cuim
574 4172 791 4229 prostat-acturus
801 4179 832 4217 uc
869 4168 926 4230 guis
939 4167 1071 4220 saltatoris
1083 4168 1192 4218 Caesari
1209 4168 1290 4231 grati,
1308 4165 1395 4216 archi-

308 4241 422 4304 dttipons,
448 4242 490 4303 qut
509 4242 596 4303 pacnuti
613 4243 641 4292 a.
656 4241 749 4306 teptbus
764 4255 831 4291 uuu-
869 4242 956 4303 mimi,
975 4244 1020 4306 qni
1037 4243 1076 4293 sic
1088 4241 1235 4306 appellatus
1246 4244 1301 4302 cst,
1320 4241 1393 4304 quod

308 4328 385 4378 quum
400 4317 538 4378 paruisset,
567 4315 739 4380 illisionibus,
767 4329 831 4380 quoa
868 4317 983 4368 iucunde
1009 4320 1037 4366 et
1062 4315 1175 4368 molliter
1200 4314 1307 4366 saltaret
1335 4311 1394 4364 elo-
