3174 4974
621 433 679 482 ltu.
700 433 719 482 1.
757 433 856 484 snlsr.
875 433 926 484 XX.

275 589 421 674 Occupet
443 587 594 652 extremis
618 587 648 650 in
671 587 750 653 vicis
772 586 868 654 bolba
889 599 1048 655 senectus.

275 709 355 774 Cum
378 707 432 772 tibi
456 706 503 772 sol
528 707 656 795 tepidus
679 707 789 795 plures
811 708 991 776 admoverit
1012 731 1124 786 sures,

275 829 324 894 blo
347 827 495 894 libertino
517 837 625 894 natum
649 839 740 916 putre
763 841 795 895 ot
818 830 847 894 in
874 832 962 896 tenui
985 851 1021 898 ro

276 948 413 1015 Maiores
436 969 559 1036 pennas
582 950 658 1016 nido
680 949 865 1018 extendisse
888 951 1047 1039 loqueris,

299 1181 339 1230 rs.
358 1180 423 1231 noua
439 1181 457 1230 u
476 1149 537 1244 [non
555 1183 624 1246 sou).
647 1210 674 1220 -
695 1184 882 1248 espinosa.
899 1213 925 1222 -
939 1187 980 1236 st.
990 1187 1086 1248 penas
1101 1199 1125 1248 c,
1140 1186 1242 1249 prm
1257 1187 1283 1238 o.

232 1375 306 1426 locus
333 1377 368 1426 (le
396 1377 448 1426 boc
480 1378 566 1440 prims
595 1378 757 1430 institutione
795 1379 881 1430 Nolim
905 1380 996 1444 itaque
1020 1381 1189 1445 interpretari
1214 1382 1249 1433 dc
1266 1383 1319 1432 cir-

233 1449 339 1514 puerili‚
357 1463 427 1512 quae
445 1451 524 1502 etism
542 1450 755 1514 submonebat,
795 1455 1029 1506 cumloruueorum
1066 1454 1186 1519 circulis,
1221 1455 1319 1520 quibus

233 1524 400 1588 esstatapud
412 1525 524 1574 Diouem
535 1526 757 1588 Chrysostomum
794 1526 1001 1592 vesperascente
1020 1529 1063 1580 dle
1081 1531 1179 1580 llorstli
1201 1533 1319 1582 carmina

233 1599 276 1648 Or.
289 1599 330 1659 20,
343 1599 368 1648 9.
385 1611 411 1662 p.
425 1598 482 1649 tus.
496 1601 543 1649 s:
562 1599 593 1650 ot
601 1598 659 1650 τῶν
670 1617 759 1671 γραμ-
794 1605 912 1654 recitant
928 1604 1067 1656 mendicus
1079 1603 1186 1668 uliquis,
1205 1607 1235 1654 ut
1247 1619 1319 1657 nunc

232 1667 331 1736 μάτων
347 1668 518 1723 διδάσκαλοι
532 1670 606 1738 μετὰ
623 1673 680 1724 τῶν
695 1677 758 1726 παι-
795 1677 905 1742 quidem
920 1691 971 1742 per
987 1677 1077 1730 ltalioe
1094 1679 1190 1743 oppido
1204 1681 1319 1744 optimos

232 1744 290 1796 δων
307 1746 338 1797 ἐν
354 1753 418 1810 ταῖς
435 1742 516 1810 ὁδοῖς
532 1745 689 1814 adductus,
708 1751 758 1800 sol
795 1752 898 1802 Areosti
915 1752 1042 1816 Tuscique
1059 1751 1133 1803 locos
1147 1751 1319 1804 circulatores

233 1815 318 1872 οὐδὲν
344 1815 444 1884 αὐτοῖς
470 1819 604 1888 ἐμποδών
628 1823 706 1875 ἐστιν
726 1823 758 1876 dv
795 1822 901 1888 popello
929 1823 1055 1876 altissima
1080 1827 1108 1874 et
1132 1838 1228 1876 sonora
1251 1839 1319 1878 vooe

232 1891 364 1962 τοσούτῳ
381 1891 485 1961 πλήθει
501 1893 554 1948 τοῦ
565 1894 711 1949 διδάσκειν
727 1913 758 1949 τε
795 1899 921 1958 recitant,
950 1900 1101 1951 cumidem
1119 1913 1178 1952 mos
1194 1902 1319 1952 liomanls

233 1971 283 2020 καὶ
298 1968 469 2036 μανθάνειν.
794 1974 904 2036 Augusti
927 1975 1014 2024 aetuta
1037 1973 1117 2024 trlbui
1134 1977 1177 2024 vix
1192 1977 1277 2039 possit
1293 1977 1319 2025 iu

266 2045 306 2094 49.
333 2045 394 2095 Cum
417 2045 460 2095 tibi
483 2045 520 2095 sol
543 2047 606 2112 cet]
633 2047 681 2098 llic
704 2061 757 2098 non
795 2048 881 2110 potitis
898 2047 1064 2111 aequalibus.
1095 2048 1255 2099 Perridloulo
1270 2063 1320 2099 au-

234 2119 299 2178 ium,
317 2121 347 2167 ut
357 2118 478 2183 plerique
491 2121 596 2184 putent,
609 2120 643 2170 de
656 2119 756 2182 subola,
795 2123 850 2170 tem
874 2125 915 2172 est
938 2120 1143 2172 Scholiastarum
1160 2124 1320 2188 interpreta-

234 2205 319 2254 oqua
336 2193 493 2256 cogitatione
512 2194 569 2244 eius
586 2195 690 2245 animus
707 2193 757 2244 ub-
795 2195 846 2243 tio:
875 2195 1049 2246 :seeundum
1071 2209 1175 2247 morem
1197 2195 1321 2248 librario-

234 2265 374 2328 borrebat‚
398 2267 517 2318 scribere
534 2269 632 2332 pergit,
656 2269 706 2320 scd
722 2269 756 2318 de
794 2279 855 2317 rum
872 2271 1114 2334 magistrorumque
1130 2270 1255 2336 loquitur,
1274 2273 1320 2335 qui

234 2339 316 2390 multo
329 2342 410 2392 etiam
422 2343 522 2392 maiore
534 2342 675 2406 lectorum,
688 2355 757 2407 quos
796 2344 865 2394 circo
883 2347 1007 2408 quartam
1024 2344 1067 2395 uel
1088 2346 1208 2409 quintam
1225 2347 1320 2396 borum

233 2427 264 2465 se
281 2415 452 2466 inventurum
469 2429 530 2468 esse
548 2418 690 2481 sperabat,
709 2431 759 2468 nn-
796 2418 894 2468 dictata
910 2419 1002 2482 pueris
1020 2418 1153 2483 praebere
1170 2431 1320 2470 consueve-

233 2501 316 2538 mero.
344 2489 376 2539 lll
393 2491 757 2556 cumporttmoprimolere
796 2494 872 2552 runt,
900 2505 953 2555 quo
971 2495 1092 2558 tempore
1110 2496 1173 2544 sunt
1191 2499 1320 2544 tructo-

234 2575 313 2613 mane
325 2565 498 2626 patronorum
510 2563 674 2626 salutationi,
690 2565 756 2627 toro,
796 2565 956 2615 bilibres.»

234 2635 351 2696 iudiciis,
370 2637 456 2688 omnis
467 2639 573 2701 generis
582 2641 694 2703 negotiis
705 2639 757 2698 vel,
828 2639 917 2688 stt-23.
943 2641 985 2688 lte
1000 2639 1114 2690 libortim
1131 2641 1194 2705 oet]
1221 2642 1321 2692 Imitari

234 2713 255 2762 si
274 2711 377 2761 nudlcsi
396 2715 473 2762 erunt
495 2712 567 2775 (Pliu.
590 2715 655 2778 Epp.
671 2714 701 2775 l,
716 2715 757 2774 43,
796 2711 902 2762 uidetur
924 2714 1125 2775 grammaticos,
1152 2717 1198 2777 qui
1215 2715 1322 2766 sobolo-

235 2787 261 2835 tt
269 2787 294 2847 .),
308 2784 451 2849 disciplinis
463 2787 643 2838 severioribus
655 2801 687 2838 uc
699 2789 760 2852 phi·
797 2797 856 2834 rum
869 2797 978 2835 suarum
993 2799 1008 2834 o
1023 2788 1163 2849 potiturum
1174 2787 1234 2837 vltis
1246 2799 1322 2837 enan

234 2860 371 2924 losopbiae
387 2863 530 2911 vacassent
550 2873 636 2925 usque
654 2862 689 2912 ad
706 2861 759 2912 diei
797 2857 887 2907 randis
918 2859 1020 2909 initium
1046 2859 1199 2910 sumebant.
1236 2863 1322 2911 «Tum

234 2933 316 2984 civilis
332 2935 427 2984 borum
444 2933 500 2984 iere
518 2935 675 3000 septimam,
700 2949 760 2986 me-
798 2929 869 2981 clare
887 2931 980 2993 dicito,
1008 2945 1052 2984 me
1068 2945 1098 2982 rc
1114 2947 1178 2983 vara
1195 2935 1272 2998 patre
1289 2933 1323 2984 li·

234 3007 386 3069 ridiotione,
407 3007 516 3068 balneo,
541 3010 663 3073 corporis
681 3021 760 3060 exer·
797 3005 902 3054 bertino
919 3008 1010 3056 uatum
1023 3019 1110 3056 essem
1138 3007 1177 3058 Cl.
1191 3009 1244 3058 Sat.
1259 3009 1282 3070 4,
1296 3009 1320 3070 6,

235 3080 402 3132 citationibus
420 3095 481 3133 sese
496 3081 660 3146 aliquantum
672 3095 761 3132 reore-
798 3081 821 3130 6.
840 3078 881 3129 lb.
917 3081 964 3129 llic
989 3093 1097 3144 quoque
1119 3081 1249 3145 signitloat
1268 3096 1320 3133 uon

235 3154 331 3214 abant,
358 3155 456 3206 deinde
482 3157 586 3208 coenuti
612 3157 677 3206 hors
703 3157 759 3207 lere
798 3154 899 3203 moueri
909 3165 939 3203 se
951 3154 1101 3204 invidorum
1112 3155 1164 3205 boo
1175 3156 1321 3207 identidem

235 3241 321 3289 nous,
356 3242 418 3279 cum
444 3230 552 3280 aestatis
577 3231 699 3294 tempore
723 3231 761 3281 sot
797 3228 846 3292 ipsi
865 3226 1046 3278 obiicientium
1064 3229 1258 3292 malediceutlo,
1274 3232 1323 3281 im-

236 3302 288 3352 iam
306 3299 487 3364 epicoeno
499 3303 539 3366 (cl.
554 3305 606 3353 sot.
622 3305 645 3364 4,
659 3303 684 3364 4,
697 3304 758 3366 eu),
798 3315 842 3352 mo
868 3303 977 3352 minime
994 3315 1024 3353 se
1047 3304 1164 3367 pudere,
1191 3305 1263 3368 quod
1280 3308 1322 3355 to-

236 3377 306 3426 circa
323 3377 419 3428 borum
436 3377 569 3428 decimam
586 3378 667 3428 animi
678 3391 759 3429 consa
798 3377 925 3428 nuissimo
942 3377 1002 3428 loco
1019 3379 1092 3430 ortus
1109 3379 1156 3439 slt;
1175 3391 1263 3442 eoque
1275 3379 1324 3430 ml-

235 3450 408 3516 perlegebant
429 3453 548 3504 curmiua
571 3466 658 3518 nuper
674 3453 701 3503 lu
718 3452 760 3503 lu·
798 3463 860 3512 uus,
883 3452 955 3514 quod
978 3451 1012 3502 sb
1037 3454 1094 3516 ipso
1111 3453 1163 3503 boc
1179 3455 1255 3518 putre
1272 3453 1323 3504 ob-

235 3539 295 3576 oem
313 3528 420 3577 emissa.
448 3529 486 3578 Cl.
506 3527 661 3588 uerunt,
679 3528 708 3588 8,
729 3529 759 3578 i:
798 3538 878 3576 souro
902 3525 985 3576 multo
1011 3525 1106 3578 melius
1131 3529 1165 3578 sit
1193 3528 1323 3579 educatus

235 3601 305 3650 lloru
321 3601 460 3654 libellomn
475 3603 572 3653 Mino
587 3609 636 3664 cst,
661 3603 761 3666 Embo-
798 3611 879 3663 quam
897 3600 1007 3651 ditiores
1028 3599 1153 3664 permulti
1171 3615 1185 3651 a
1203 3602 1324 3665 parenti·

234 3687 419 3735 occursorum.
446 3678 695 3740 ldemto,t9‚ttl.‚
715 3677 761 3727 ubi
798 3674 849 3724 bus
866 3676 922 3725 suis
939 3675 1068 3737 ingenuis.
1090 3701 1117 3712 ···
1135 3677 1246 3725 lictores
1258 3689 1324 3738 porr-

235 3747 353 3798 Tbaliam
374 3763 453 3800 suum
470 3753 662 3814 epigrammata
680 3751 761 3802 Plinio
797 3749 854 3812 nos]
873 3751 969 3800 «Dices
987 3763 1031 3799 mo
1043 3749 1144 3799 maiora
1156 3749 1264 3800 omnino
1278 3763 1324 3799 uu·

236 3821 332 3872 offerre
351 3823 439 3884 iubet,
457 3827 565 3888 tempus
581 3827 761 3888 opportunum
798 3835 859 3874 sum
876 3825 957 3886 utque
974 3823 1055 3873 etiam
1075 3821 1176 3874 felicius
1193 3823 1321 3888 adeptum

236 3899 270 3947 lta
288 3898 453 3962 dgniilcuns:
480 3899 557 3948 Soros
572 3900 651 3949 tutior
665 3900 712 3948 ibis
728 3901 763 3949 od
799 3909 873 3956 csse,
893 3909 974 3960 quam
991 3897 1143 3947 concedere
1157 3897 1214 3946 visu
1231 3897 1266 3947 sit
1281 3899 1324 3948 ta-

235 3973 366 4032 tuccmou
392 3975 459 4023 llaec
483 3973 548 4022 bora
565 3977 600 4022 cst
616 3978 668 4021 tuo.
708 3973 762 4024 llos
799 3972 859 4022 nuis
876 3985 936 4021 meu
954 3972 1054 4034 origo.»
1086 3971 1216 4022 construe
1233 3975 1323 4024 autom

236 4045 313 4108 igitur
324 4045 470 4097 benevolos
482 4045 596 4097 lecmres
607 4059 658 4111 per
666 4046 761 4097 domos
795 4057 894 4108 polanos
916 4046 1026 4095 umbros
1049 4045 1108 4094 nido
1132 4045 1222 4108 (quarn
1246 4047 1323 4098 nidus

236 4131 298 4170 suus
308 4119 622 4186 dispersosvolutunum
635 4119 761 4171 inlocum
800 4119 930 4183 capiebat)
948 4121 1098 4181 secondom,
1126 4119 1272 4185 explicasse
1289 4121 1324 4171 ud

236 4193 472 4258 congregatossibi
484 4207 558 4244 awos
569 4193 701 4260 praebere
714 4193 762 4244 fiu-
799 4193 925 4244 volatum.
962 4195 1098 4245 Contrurio
1124 4195 1237 4258 imagine
1255 4196 1321 4260 Epp.

236 4267 287 4330 git,
322 4267 420 4320 librum
453 4269 623 4321 recitatorem
651 4269 759 4320 taciem.
799 4269 828 4331 i,
846 4269 877 4329 2,
891 4269 931 4319 tto.
952 4270 1012 4332 post
1027 4269 1114 4321 solem
1126 4267 1323 4336 Philippensem
