3178 4972
301 449 364 514 502
664 446 792 499 4444444
809 445 1030 521 4444444444

347 606 534 692 Cogncmen
555 613 662 670 vertas
685 604 717 668 iu
741 603 842 670 risum
865 612 898 668 ei
918 599 1025 668 sabula
1046 599 1115 666 lias.

346 726 473 794 Viribus
495 725 595 795 uteris
617 723 811 813 perdives,
835 722 981 799 llumiua,
1005 721 1125 799 144444ς1

347 848 455 915 Victor
475 847 631 936 propositi
653 845 748 914 simul
771 865 810 913 ee
830 843 1018 934 perveneris
1041 842 1129 920 illuc,
1158 893 1163 902 .

348 971 402 1036 Sic
423 969 563 1057 positum
585 967 732 1034 servabis
754 988 853 1043 onus,
877 987 918 1034 ne
940 966 1020 1032 lorte
1044 963 1105 1032 sub
1128 964 1179 1031 ela

347 1089 549 1158 Fasciculum
571 1099 680 1177 portes
701 1087 873 1166 librorum,
897 1097 932 1154 ut
954 1087 1093 1154 rusticus
1115 1107 1249 1175 agnum,

346 1213 384 1280 Ut
404 1212 519 1278 vinosa
540 1209 666 1298 glomus
687 1209 822 1278 furtivae
845 1207 980 1298 Pyrrhia
1000 1207 1109 1286 lanae,

372 1372 412 1424 44.
430 1373 525 1436 glomos
540 1371 643 1436 bchp,
657 1373 717 1424 LCt.
738 1371 842 1438 4444444444
858 1372 884 1432 S,
897 1371 934 1434 κ.)

305 1493 385 1543 aive.
406 1493 468 1554 ovi.
484 1493 664 1544 vociiaiva.
677 1491 828 1542 esclave.
867 1491 950 1556 ipsius
980 1491 1091 1542 actionis
1125 1491 1267 1555 imaginem
1296 1489 1394 1542 clarius

305 1593 335 1605 -
353 1567 449 1631 [44444]
469 1567 665 1632 (141444444,
682 1566 714 1617 8:
733 1565 831 1616 Fabula
868 1565 945 1616 uobis
962 1567 1024 1615 ante
1036 1564 1220 1630 oculospouit.
1247 1567 1393 1627 «necere,-

306 1647 403 1705 queaio
426 1643 483 1706 [4444
515 1643 606 1692 luveu.
634 1642 680 1702 40,
708 1641 773 1691 tei:
802 1641 833 1690 414
868 1639 966 1703 lnquit,
1003 1639 1133 1690 «dextera
1168 1643 1258 1691 teneto
1291 1640 1394 1692 libellos

304 1717 391 1779 poeria
402 1716 506 1778 placeas
522 1721 546 1766 44
562 1716 711 1765 declamo
726 1717 782 1780 4444.
868 1717 940 1776 tum,
964 1726 1026 1764 curu
1043 1713 1078 1763 ad
1095 1716 1243 1777 Augustum
1260 1714 1395 1767 admissus

339 1792 427 1842 44-444.
450 1791 618 1855 4444444444]
631 1791 744 1850 iocatur,
755 1790 831 1853 quasi
869 1789 936 1849 4444,
958 1801 993 1838 44
1010 1787 1078 1838 44444
1095 1789 1194 1839 4444444
1211 1787 1300 1853 aliquo
1317 1791 1395 1851 gestu

306 1864 489 1916 difficillimum
507 1867 643 1930 inceptum
661 1865 730 1915 ieret
744 1867 834 1914 exsa—
869 1863 893 1913 ei
919 1863 1003 1913 risum
1027 1875 1164 1913 moveas.»
1202 1863 1296 1926 (liinus
1320 1867 1394 1914 recte

305 1940 369 1991 bluo
387 1943 497 1992 Romam
514 1941 665 2005 pervenire.
688 1964 715 1975 -
743 1939 832 2003 144444]
869 1938 935 1988 Dan.
949 1937 1070 1988 Heinsius
1085 1939 1216 1988 coniecit:
1236 1939 1394 2002 sepositum.)

307 2014 431 2065 44444444
441 2016 833 2078 maiorescontiuentesaquam
870 2013 942 2062 llaec
958 2013 992 2061 444
1010 2011 1127 2062 imitatus
1145 2014 1187 2062 444
1196 2011 1320 2064 Martialis
1332 2015 1357 2076 5,
1369 2015 1394 2074 44,

306 2087 423 2152 pluviam
449 2099 497 2138 seu
526 2088 680 2139 caelestem.
715 2090 831 2140 Ennius:
871 2087 918 2136 ie:
942 2087 994 2136 Nee
1006 2089 1156 2148 porrexeris
1171 2089 1233 2150 isto,
1259 2089 1302 2139 aed
1317 2093 1396 2140 444444

307 2162 437 2212 Silvarum
460 2163 552 2223 4414444,
579 2163 689 2212 luteum
704 2163 834 2224 4444444444
870 2161 912 2210 Sic
933 2165 1065 2221 4444444444
1086 2161 1149 2211 aiiii
1165 2165 1257 2225 offeres
1273 2176 1394 2226 eperum.

308 2237 426 2287 lutosae.»
469 2239 556 2286 Aeaea
584 2241 610 2287 44
638 2238 723 2287 Coae.
753 2239 831 2294 Caro.
872 2259 900 2270 -
918 2239 947 2284 444
961 2235 1070 2285 aalma
1092 2237 1195 2301 4444444]
1220 2238 1276 2288 iam
1302 2235 1396 2302 triplex

309 2312 406 2360 444444
417 2314 459 2360 444
469 2323 577 2373 vorago.
605 2307 698 2376 λαμὸς
709 2308 784 2361 44444Ι
793 2314 834 2361 444
872 2310 996 2374 proponit
1016 2309 1170 2374 exemplum
1193 2309 1227 2361 ab
1245 2309 1331 2362 4444114
1349 2311 1398 2361 444-

307 2383 461 2448 ingluviem.
473 2386 566 2435 Puera.
587 2387 706 2449 (4444444
716 2389 779 2435 4444
789 2397 834 2434 vc·
871 2386 942 2434 aime
961 2385 1136 2436 imitandum:
1155 2387 1178 2448 4)
1197 2387 1341 2449 imaginem
1352 2399 1398 2435 ru-

308 2459 412 2520 raginea
440 2461 468 2508 et
494 2459 582 2510 iossae
607 2460 749 2510 liuvicrum
775 2453 834 2508 ἀπὸ
872 2459 930 2510 44444
952 2471 1050 2523 agnum
1076 2459 1127 2512 sub
1145 2459 1221 2510 axilla
1239 2460 1272 2510 ad
1290 2473 1398 2511 merca·

307 2531 497 2584 audiencia
511 2533 545 2584 ab
559 2533 681 2598 ingluvie.
700 2535 835 2585 uamlemo
872 2535 929 2584 tum
958 2533 1080 2598 44444444,
1115 2534 1253 2586 ridiculam
1287 2539 1398 2600 propter

308 2608 404 2678 dicitur
420 2606 557 2670 ingluvies.
585 2608 836 2660 444144444444414-
872 2609 1012 2659 coutinuos
1037 2607 1166 2660 bestiolae
1192 2613 1281 2660 motus
1302 2613 1330 2660 44
1349 2621 1397 2659 cu-

308 2683 405 2732 444444
438 2683 619 2734 devoratrices
653 2695 833 2748 puerorum.»
871 2696 929 2733 ram
948 2683 1078 2741 hominis.
1097 2697 1131 2734 ne
1146 2682 1271 2735 insolum
1284 2683 1396 2744 desiliat,

310 2755 347 2806 Gl.
365 2758 430 2808 Ccd.
445 2759 484 2819 E.)
520 2759 588 2808 Cum
613 2760 717 2810 nonnisi
742 2761 769 2809 44
792 2757 834 2808 4114
873 2771 906 2809 44
932 2758 967 2808 ab
992 2760 1050 2823 ipso
1075 2759 1187 2810 44444444
1210 2758 1345 2818 444444444ς
1372 2759 1396 2822 i)

309 2833 384 2882 iinnii
408 2833 540 2884 versiculo
567 2836 595 2884 et
617 2835 660 2884 hic
676 2835 833 2898 reperiatur,
873 2834 1042 2896 «Pyrrhiam,
1077 2831 1199 2883 ancilium
1228 2833 1256 2882 in
1281 2831 1397 2897 quedam

309 2906 415 2956 videtur
441 2907 545 2971 linguae
574 2910 690 2960 rusticae
716 2907 836 2958 vocabu·
872 2908 958 2958 Titinii
981 2906 1083 2967 labala,
1111 2919 1181 2971 quae
1202 2907 1287 2957 4444444
1310 2905 1397 2958 lanam

309 2978 378 3040 lum,
397 2981 500 3032 4441144
519 2985 619 3034 4444444
641 2985 734 3048 utique
751 2985 836 3034 notis·
873 2982 998 3032 dominae
1023 2995 1103 3042 suae,
1130 2983 1241 3046 propter
1266 2979 1400 3032 44444144-

235 3087 242 3094 -
310 3053 423 3115 4444444;
443 3071 497 3120 quo
515 3071 579 3110 4444
593 3058 678 3110 semel
696 3063 738 3110 est
755 3059 835 3109 etiam
873 3059 936 3108 tiam
961 3057 997 3107 iia
1023 3057 1150 3119 gestavit,
1177 3058 1207 3106 ut
1227 3053 1294 3107 lucili
1316 3067 1397 3119 opera

311 3129 409 3180 Dentes
434 3131 491 3194 (las.
511 3133 556 3193 444,
578 3134 643 3195 iol,
673 3135 765 3198 utpote
791 3135 836 3197 qui
873 3132 1147 3197 deprehenderetur.»
1160 3133 1251 3181 Scaea.
1275 3131 1398 3181 Titinium

310 3203 370 3254 44144
388 3205 413 3255 44
432 3208 512 3258 vitam
530 3221 657 3259 revocare
677 3207 836 3271 linguaeque
873 3209 946 3259 hunc
962 3207 1111 3266 Fabricius,
1130 3207 1214 3256 Bothe
1227 3206 1307 3269 (Poet.
1321 3205 1396 3256 Com.

310 3291 375 3329 suae
394 3283 476 3346 copiis
494 3282 594 3334 addere
615 3287 726 3334 amaret.
758 3285 837 3334 Cete-
874 3297 899 3349 p.
917 3283 980 3344 4484,
1008 3281 1049 3332 elii
1073 3281 1182 3332 nomine
1203 3281 1302 3331 veteris
1325 3281 1398 3330 certe

312 3367 371 3406 rum
390 3369 502 3407 numer
522 3359 621 3408 44444444
633 3358 692 3408 4444
704 3356 837 3408 illudmu-
874 3359 913 3408 rei
933 3356 1057 3422 publicae
1080 3359 1202 3420 tempere
1219 3357 1329 3406 minime
1347 3355 1400 3405 lio·

311 3432 400 3480 4444444
418 3432 464 3492 444,
488 3431 566 3482 valde
590 3433 715 3496 equidem
733 3430 834 3482 dubito.
875 3445 954 3483 mano
970 3434 1069 3482 vocant
1088 3431 1197 3481 Vectium
1214 3429 1344 3489 4444444444,
1366 3441 1400 3479 ex

314 3531 341 3541 -
364 3506 446 3555 Victor
466 3507 598 3572 propositi]
624 3502 764 3578 ἐγκρατὴς
785 3503 837 3557 τοῦ
875 3507 938 3558 14144
971 3506 1084 3557 14441444
1115 3505 1186 3570 apud
1212 3507 1242 3565 Q.
1269 3505 1400 3554 Serenum

313 3577 436 3631 σκοποῦ.
468 3608 494 3617 -
521 3581 563 3632 Sic
584 3584 695 3645 positam
718 3581 836 3646 44444444]
875 3581 1046 3631 santonicum
1062 3578 1189 3630 4444141ι
1214 3577 1281 3628 ,44444
1295 3589 1401 3640 praeee-

312 3657 370 3708 4814
381 3667 466 3722 pones
478 3657 513 3717 et,
532 3671 594 3708 cum
607 3659 738 3722 posueris,
757 3658 838 3708 etiam
872 3657 911 3720 pit
936 3655 1008 3705 Titini
1031 3655 1152 3706 4444444444
1168 3653 1232 3704 necti
1249 3649 1292 3716 (al.
1313 3651 1400 3715 44444),

313 3731 352 3782 444
368 3729 503 3793 servabis,
522 3745 555 3782 ne
574 3735 642 3782 cet·
668 3733 778 3796 Expone
790 3731 838 3794 igi-
876 3731 924 3793 oui
945 3730 1023 3780 444444
1038 3729 1123 3779 eiures
1139 3730 1260 3790 expressit
1275 3739 1346 3776 more
1361 3731 1402 3776 44-

314 3810 369 3866 444,
388 3806 498 3870 uiVirg.
513 3809 577 3858 lieu.
591 3807 616 3867 3,
631 3806 698 3856 2³6:
717 3811 839 3868 4444444444
875 3810 957 3870 putus.
978 3833 1006 3840 —
1031 3802 1129 3868 4444444]
1148 3799 1258 3852 4414144414
1276 3813 1357 3852 causa
1374 3800 1400 3852 44

310 3895 358 3942 per
374 3881 476 3932 leriam
487 3883 629 3946 Diaponont
645 3895 713 3932 44444
728 3887 752 3931 44
768 3887 839 3932 mee
876 3879 1023 3932 comoediis
1046 3891 1079 3930 ac
1101 3879 1190 3929 mimia
1215 3875 1402 3927 huiuscemodi

313 3957 416 4007 44444444
433 3959 553 4016 candeat,
572 3958 598 4008 id
611 3960 665 4018 est,
686 3957 839 4023 4444414444-
877 3957 990 4006 laminas
1013 3951 1190 4014 inducebant,
1216 3953 1247 4000 ui
1267 3952 1309 4001 eei
1331 3951 1401 4000 Lena

313 4035 390 4094 nunt,
417 4035 447 4083 ut
471 4035 612 4096 tegantur»
639 4034 667 4082 et
684 4034 837 4094 «condunt,
877 4034 903 4082 in
916 4030 999 4082 Plauti
1011 4026 1205 4080 Cistellaria.-
1220 4026 1327 4092 giunta]
1338 4025 1403 4074 Fer-

313 4109 343 4155 ui
360 4105 485 4157 lateant.»
518 4108 551 4159 V.
573 4108 682 4170 4444444444
707 4107 838 4159 artissime
877 4118 921 4156 ma
947 4105 1057 4170 pbmm,
1076 4105 1099 4166 i,
1126 4101 1222 4152 idonea
1245 4099 1404 4151 auctoritate

314 4191 376 4230 eum
399 4195 423 4230 v.
443 4183 552 4232 4444444444
572 4183 743 4235 coniunctum
761 4183 835 4232 miul-
878 4183 959 4231 caret.
980 4179 1075 4243 (Reisig
1086 4179 1141 4229 Lot.
1153 4177 1283 4240 Spruelw.
1297 4188 1323 4240 p.
1334 4173 1403 4235 149.)

314 4267 358 4304 me
381 4255 510 4318 siguificat
532 4259 622 4307 nescio
645 4271 726 4322 quam
748 4257 840 4321 singu·
878 4255 1019 4306 Praeterea
1042 4255 1116 4305 recte
1138 4250 1288 4305 Bentleius:
1317 4249 1404 4299 :Setis

314 4329 398 4382 larem
421 4328 585 4382 voluminum
607 4333 763 4396 posituram,
791 4331 841 4384 sed
878 4329 998 4398 prolecto
1025 4329 1075 4382 4444
1100 4327 1241 4410 1444444444,
1272 4325 1294 4376 44
1321 4335 1404 4374 unum
