3174 4974
272 416 334 480 570
630 419 760 470 uoulru
778 419 998 472 rrrsronlauu

267 639 270 646 .
314 574 379 641 Sed
402 574 479 640 satis
501 584 550 640 est
572 594 666 640 orare
689 575 798 640 lovem
819 593 905 661 quae
928 573 1026 641 donat
1047 583 1080 640 et
1101 563 1222 642 aufert?

315 698 374 761 Det
396 696 516 805 vitam,¹
532 695 587 762 det
601 715 698 783 opes,
723 715 865 782 aequum
880 696 921 762 mi
939 695 1082 762 animum
1097 695 1167 782 ipse
1183 694 1315 782 parabo.

337 875 393 924 til.
413 874 470 937 Sed]
487 873 554 924 iloto
572 885 613 937 pr.
632 873 659 934 d,
680 877 733 924 tres
752 873 866 924 Pottierli
884 873 989 938 aliique.
1014 875 1073 937 (Sed
1090 875 1197 924 firmant
1214 873 1288 925 bSEc
1301 877 1328 924 et

304 962 357 1012 mg.
376 948 414 1011 d.)
429 975 456 984 -
476 949 520 1009 poi
536 948 613 998 donat
629 947 710 1007 bsod,
731 948 812 1008 netu,
825 949 869 1009 qui
883 949 956 1010 ponit
967 949 996 1010 Ε,
1015 961 1048 999 ex
1060 949 1168 1012 cruquii
1180 949 1264 1000 codd.
1278 963 1328 999 an·

304 1023 407 1085 liquiss.
426 1021 560 1158 beutlpim
584 1023 612 1071 et
633 1035 655 1072 s.
682 1023 758 1084 (quoe
781 1023 858 1072 donau
874 1035 982 1082 omnes,
1005 1023 1034 1071 ut
1051 1021 1168 1082 videtur,
1196 1022 1325 1080 Pottiarii,

304 1110 369 1159 quoe
380 1102 454 1159 pomi
470 1111 496 1161 p.

270 1246 324 1310 roa]
343 1247 413 1296 Horo
429 1243 496 1305 b.l.,
517 1247 545 1295 ut
562 1247 632 1308 virg.
652 1243 734 1295 catal.
755 1245 795 1306 lt,
835 1247 913 1308 po'ota
956 1243 1062 1294 intimos
1095 1243 1359 1310 simplicissimosque

272 1322 312 1372 40.
330 1321 414 1383 [ottae
430 1322 506 1381 loro,
526 1321 568 1370 est
584 1320 688 1370 fortuna
705 1320 731 1369 in
747 1319 797 1370 bo·
835 1319 916 1370 animi
932 1318 974 1368 sui
991 1331 1087 1368 sensus
1104 1320 1204 1383 aperit,
1233 1333 1361 1372 necessa-

271 1407 315 1446 ras
332 1395 454 1455 varians,
473 1407 542 1457 quae
560 1393 631 1444 bona
642 1397 751 1444 externa
764 1407 797 1444 ax
835 1394 874 1442 rio
892 1394 972 1442 etiam
990 1391 1187 1456 simplicissimo
1199 1393 1283 1444 verbo
1294 1408 1360 1446 usus

272 1471 371 1520 incerta
398 1481 430 1518 ac
453 1467 544 1518 mobili
563 1469 635 1518 sorta
654 1466 795 1532 pendentia
835 1468 889 1517 ast:
916 1468 1002 1516 donat.
1038 1468 1106 1517 Cum
1124 1470 1229 1530 autam,
1255 1471 1286 1518 ul
1302 1471 1360 1534 ipsa

271 1543 352 1594 modo
370 1543 467 1603 donat,
486 1543 568 1592 modo
586 1542 681 1592 aufert.
835 1540 901 1600 vidi,
920 1553 1052 1604 persaepe
1065 1541 1090 1591 in
1103 1540 1188 1592 Codd.
1202 1556 1216 1592 a
1229 1542 1362 1608 negligen-

834 1613 946 1664 tioribus
967 1615 1143 1679 scriptoribus
1162 1615 1275 1668 librariis
1293 1631 1361 1669 con-

305 1695 361 1743 ιιι,
379 1695 436 1743 liu,
467 1693 515 1744 sia
540 1695 602 1743 satia
627 1692 689 1756 cel]
717 1695 798 1743 al'ost
835 1687 978 1739 fundantur
994 1688 1097 1739 litterae
1114 1691 1131 1740 d
1147 1695 1174 1740 et
1186 1705 1219 1753 p,
1237 1691 1359 1744 facillime

271 1771 332 1818 vota
355 1768 389 1817 de
413 1769 465 1817 vita
484 1769 556 1830 (vere
573 1766 652 1830 vitali)
671 1769 699 1816 et
715 1765 798 1817 libro—
834 1763 892 1812 fleri
914 1763 1013 1826 potuit,
1036 1766 1067 1814 ιιι
1088 1776 1157 1815 unus
1175 1764 1276 1817 alterve
1293 1769 1361 1818 scri-

271 1855 332 1893 rum
357 1841 492 1906 lrugisque
523 1841 594 1892 bona
619 1843 709 1906 copia,
744 1842 797 1890 iam
834 1835 912 1886 beret
925 1843 1018 1898 portui,
1043 1839 1115 1901 quod
1137 1852 1186 1890 cur
1208 1839 1250 1890 alli
1268 1855 1358 1892 corre-

271 1917 350 1967 aliam
367 1929 480 1981 precem
492 1917 644 1978 addiderat,
663 1917 744 1978 Neue,
760 1917 799 1965 in·
834 1914 1013 1975 xarintpooit,
1032 1911 1092 1964 luce
1105 1913 1200 1966 clarius
1212 1919 1260 1967 est.
1286 1919 1360 1977 Quae

272 1993 344 2055 quit¹
373 1993 470 2055 fluitem
495 1991 584 2041 cittbioa
611 2005 653 2053 ape
674 1991 799 2053 pandatur
834 1999 916 2050 prava
935 1989 1066 2038 correctio
1077 1987 1216 2053 philologis
1228 1991 1296 2041 adeo
1308 1993 1361 2042 im-

270 2069 362 2126 borao,
381 2065 432 2114 hoo
450 2067 504 2125 eet,
531 2067 560 2115 ut
575 2079 601 2114 v.
618 2065 658 2115 99.
678 2065 796 2115 dixerat:
835 2063 937 2124 posuit,
951 2065 982 2112 ιιι
993 2065 1113 2114 certatim
1125 2077 1186 2115 eam
1198 2067 1359 2130 reciperent,

271 2143 327 2192 Neo
341 2153 424 2203 pauor
441 2146 464 2191 et
479 2153 566 2189 rorum
581 2141 740 2190 mediocriter
749 2141 798 2189 ati·
835 2138 876 2196 et,
890 2139 920 2185 ut
931 2137 960 2186 lit
972 2138 998 2186 in
1011 2137 1082 2188 falsis
1094 2135 1262 2202 lectionibus,
1278 2140 1360 2191 modo

271 2218 334 2267 limo
349 2222 547 2277 macomeria
563 2216 703 2278 opttatpue:
725 2214 797 2278 quod
835 2221 946 2273 prorsus
971 2214 1102 2262 contrario
1129 2217 1294 2278 exponerent
1319 2215 1360 2265 vel

272 2303 333 2340 cum
360 2303 387 2338 n
407 2287 465 2337 τῶν
486 2288 532 2350 ἐφ’
555 2282 626 2353 ἡμῖν
649 2293 677 2339 et
699 2289 724 2338 in
749 2301 797 2338 sua
836 2284 869 2333 de
896 2287 1095 2350 comparatione
1121 2300 1184 2338 cum
1206 2287 1312 2340 lerculis
1334 2291 1361 2339 ln

271 2365 403 2428 potestate
416 2367 496 2422 esset,
510 2365 601 2427 utpote
615 2377 668 2415 non
680 2362 714 2412 ad
726 2363 797 2412 bona
836 2359 956 2408 convivio
970 2361 1060 2421 positia
1076 2362 1136 2424 (Sat.
1150 2363 1175 2422 ι,
1188 2363 1213 2423 8,
1226 2363 1270 2413 ar:
1293 2364 1361 2412 Vidi-

273 2443 395 2500 axterna,
415 2439 463 2488 sed
480 2437 514 2487 ad
532 2439 650 2488 animum
662 2441 796 2502 spectans,
835 2445 891 2482 mua
906 2436 1051 2484 alienatas
1064 2435 1162 2500 poni.)
1179 2435 1223 2487 vel
1234 2436 1269 2487 de
1281 2451 1361 2488 uum-

272 2515 380 2565 revocat
408 2511 472 2562 illud
500 2515 592 2563 votum
618 2515 647 2563 ιιι
671 2527 704 2562 er
729 2513 798 2576 volgi
836 2508 887 2557 mis
910 2505 1359 2575 lurenorepoiiiiall.1³.lnt.),

272 2588 396 2653 opinione
422 2588 506 2650 magis
525 2599 606 2650 quam
625 2601 658 2637 ax
673 2600 737 2637 vera
754 2599 799 2637 ra-
836 2581 910 2632 haud
932 2585 1177 2638 animadvertentes
1194 2601 1248 2638 unu
1265 2587 1361 2640 saltem

272 2663 343 2712 tione
361 2664 537 2726 conceptum,
559 2666 586 2711 et
603 2675 632 2712 se
651 2663 797 2726 corrigens,
836 2655 920 2706 verbo
937 2657 1050 2709 alteram
1066 2663 1154 2711 utrum
1172 2663 1360 2712 senteutiama

273 2737 337 2788 asad
350 2737 414 2786 satis
427 2738 500 2797 est,·
519 2736 618 2799 inquit,
639 2737 680 2786 «iu
693 2736 798 2786 duobus
836 2735 929 2796 poeta,
955 2733 977 2784 sl
1003 2733 1045 2784 vel
1071 2737 1187 2786 maxime
1210 2751 1224 2786 a
1248 2737 1360 2801 simplici

272 2809 321 2862 illis
338 2812 406 2862 votis
424 2811 589 2870 subsistere,
617 2823 732 2874 quorum
749 2824 799 2875 pe·
835 2809 946 2857 varitate
975 2807 1144 2872 aberrasset,
1183 2811 1360 2863 adiuvandam

273 2899 321 2936 nes
347 2887 413 2937 deos
439 2887 557 2950 potestas
582 2889 636 2947 est,
664 2900 752 2950 nequa
772 2885 799 2934 id
836 2881 925 2932 luisse.
958 2884 1113 2934 Rectissime
1136 2889 1227 2937 autem
1244 2886 1278 2936 de
1295 2888 1322 2937 b.
1340 2887 1358 2937 l.

272 2973 320 3010 eos
346 2973 457 3024 rogare,
485 2961 556 3023 quod
583 2962 608 3010 in
634 2973 694 3011 mea
718 2961 799 3011 solius
837 2954 980 3019 disputavit
1008 2958 1185 3010 Mltschei'llch
1214 2961 1358 3012 Rucumalt.

273 3047 353 3084 mauu
366 3037 419 3095 est,
439 3037 467 3084 ut
479 3047 636 3098 consequar.
657 3036 707 3085 liet
718 3033 799 3084 modo
836 3030 901 3080 Ven.
914 3033 938 3080 9.
952 3045 978 3096 p.
992 3033 1016 3082 6.
1037 3059 1063 3068 -
1082 3047 1191 3095 ασᾳιιιιιη
1200 3037 1236 3084 mi
1247 3037 1362 3086 caiam

272 3123 363 3159 sonum
386 3111 486 3170 uivere,
512 3109 557 3159 det
580 3110 671 3159 bonam
687 3110 797 3172 copiam
835 3105 894 3169 ipse]
908 3107 1060 3157 lectionem
1074 3110 1177 3160 loannis
1189 3111 1295 3161 Suresb.
1310 3113 1361 3162 Po-

273 3198 322 3248 ego
349 3197 392 3234 me
416 3185 451 3234 ita
476 3185 590 3248 parabo,
617 3191 644 3234 ut
664 3199 695 3235 re
712 3185 801 3234 dubius
836 3178 1361 3242 lier.3,9.etCod.Coll.Triu.ouimum

270 3259 374 3322 moen.
411 3259 492 3309 Vides
524 3261 590 3320 iam,
617 3261 724 3323 opinor,
751 3273 799 3310 our
834 3255 896 3303 miii
912 3267 957 3318 opo
974 3257 1026 3319 ipso
1043 3257 1143 3318 parabo
1161 3260 1203 3309 vix
1226 3259 1301 3310 allier
1319 3261 1360 3312 ln-

271 3347 320 3382 nou
345 3335 372 3384 et
397 3333 445 3382 Sed
471 3336 531 3398 (pro
554 3347 580 3382 v.
600 3334 676 3397 llaec)
703 3336 797 3384 merito
835 3333 975 3394 terpretari
1001 3330 1063 3382 licet
1079 3346 1173 3396 quam:
1202 3335 1360 3386 «conliden-

273 3406 480 3472 amplectamur,
500 3410 526 3457 et
543 3408 654 3471 proinde
672 3421 738 3469 quoa
755 3409 798 3458 bic
836 3407 912 3468 tiam,
931 3408 1015 3469 ιιιιιιι,
1028 3423 1152 3474 couroye,
1170 3411 1233 3461 mibi
1245 3412 1302 3477 ipse
1315 3427 1361 3478 pa·

271 3481 361 3533 locum
373 3481 424 3532 sibi
435 3481 585 3542 vindicare,
600 3496 652 3533 nou
664 3484 714 3545 qui.
735 3485 799 3533 Oro-
834 3482 935 3540 rabo;n
955 3497 1024 3546 quae
1040 3487 1171 3535 sententia
1187 3486 1221 3535 ab
1238 3487 1360 3539 hocloco

271 3570 299 3607 ra
317 3571 391 3619 quoe,
410 3556 632 3617 ut0d.t,3i‚a:
651 3559 798 3619 quidorut?
835 3557 920 3608 alienu
946 3563 996 3609 est.
1028 3561 1125 3610 Contra
1151 3565 1362 3623 aequinoctialia

272 3635 300 3682 at
312 3633 400 3683 Carm.
415 3645 470 3682 sec.
484 3630 530 3682 ta:
558 3634 676 3694 Quaeque
691 3647 735 3682 vos
751 3633 797 3682 bo-
835 3634 877 3683 hio
896 3634 1049 3697 aptissimus
1067 3640 1125 3696 est;
1146 3639 1258 3698 etenim,
1278 3641 1306 3688 ut
1324 3639 1360 3688 ait

271 3707 316 3757 bus
330 3713 467 3757 vescatur
487 3707 561 3768 cibo,
586 3707 631 3756 ubi
649 3708 748 3772 pariter
766 3721 797 3757 ao
836 3706 943 3757 Plautus
960 3707 1017 3758 dul.
1031 3709 1055 3769 ι,
1069 3709 1093 3769 ι,
1108 3709 1151 3759 lu:
1171 3712 1361 3762 Polsioatcai·

271 3781 315 3832 bic
340 3781 488 3833 deteriores
512 3783 625 3833 Codices
650 3783 698 3844 (lui
723 3783 798 3833 exbi-
834 3795 890 3832 moa
914 3795 1009 3844 αιᾳιιιιι
1034 3783 1093 3842 tibi,
1119 3787 1180 3835 satia
1203 3787 1290 3846 tobes,
1317 3789 1360 3850 pai

272 3857 363 3908 beni.»
382 3857 472 3907 ltnrrn.
497 3885 524 3896 —-
552 3857 641 3920 timot]
667 3859 727 3916 llic,
751 3857 796 3908 ubi
834 3859 1080 3909 bemuitouicotas.
