3082 4968
564 452 623 502 Lis.
644 454 662 502 l.
697 453 765 504 SAT.
784 455 825 506 lX.

533 766 851 834 MEMB-

190 905 280 972 lbam
301 904 383 974 forte
405 907 457 974 via
479 909 593 986 Sacra,
618 910 701 977 sieut
721 933 814 980 meus
837 923 887 981 est
909 937 994 1010 mos,

190 1027 306 1096 Nescio
330 1028 410 1116 quid
432 1028 592 1098 meditans
614 1053 789 1120 nugarum,
814 1046 898 1103 totus
922 1037 1050 1106 inillis:

211 1199 281 1249 SAT.
293 1199 336 1250 lx.
355 1200 380 1249 4.
394 1200 502 1250 Ιοοιιιιιι
508 1202 574 1264 forts
582 1201 715 1254 Bentleius
730 1205 800 1256 coni.
815 1203 886 1258 nullo
903 1206 992 1260 adbuc
1009 1207 1078 1261 libro
1089 1211 1202 1263 iinnata.

185 1301 213 1312 -
230 1275 257 1325 2.
275 1288 406 1339 escotum
421 1280 445 1326 ct
461 1280 528 1326 totus
543 1277 594 1328 LC.

177 1415 220 1466 lli.
246 1411 367 1478 volgaris
393 1415 497 1479 opinio,
525 1429 579 1481 qua
603 1416 672 1468 baec
710 1431 778 1482 quos
790 1433 871 1485 saepe
881 1421 987 1474 deridet
997 1425 1078 1487 atque
1090 1426 1235 1490 impugnat.

147 1489 240 1551 satira,
258 1489 316 1538 siae
334 1489 433 1540 mimus
445 1491 487 1540 est
504 1503 537 1540 ex
553 1491 674 1556 Sophro-
709 1493 835 1545 Notabilis
844 1497 1236 1566 essetcommenutonseruq.

146 1566 185 1616 nis
202 1577 320 1627 genere,
347 1562 445 1626 garruli
464 1564 672 1630 descriptionem
709 1566 859 1634 inscriptio:
876 1565 997 1638 Ἐκλογὴ
1016 1573 1080 1643 aspi
1091 1571 1237 1642 ἐπαγομέ-

146 1640 283 1691 oontinere
299 1640 422 1702 putatur,
444 1639 537 1704 procul
555 1640 637 1692 dubio
655 1655 671 1694 e
709 1655 762 1693 νου
785 1645 835 1694 καὶ
858 1643 1070 1717 ἐπιφερομένου
1087 1644 1139 1699 τὸν
1152 1643 1237 1722 ‘Opoi-

145 1712 214 1765 male
225 1712 361 1764 intellecto
370 1726 397 1764 v.
411 1713 452 1764 33.
466 1718 523 1765 orta
534 1718 585 1766 est.
603 1717 671 1766 liam
707 1731 783 1780 τιον,
803 1720 825 1770 si
843 1733 873 1770 re
890 1733 955 1771 vere
972 1723 1081 1786 antiquo
1099 1725 1237 1776 Gramma-

144 1787 237 1840 leclori
249 1789 352 1851 integro
364 1788 489 1840 continuo
501 1789 615 1854 patebit,
627 1791 671 1840 bic
708 1793 760 1842 tico
777 1791 936 1856 deberetur,
961 1808 1013 1846 nec
1028 1799 1118 1861 potius
1135 1811 1149 1847 a
1166 1799 1235 1850 Cru-

144 1876 199 1914 non
228 1861 329 1926 garruli
354 1859 525 1934 χαρακτῆρα
553 1863 669 1929 depingi,
706 1868 770 1931 quio
795 1881 829 1918 ex
853 1870 926 1919 tenid
954 1869 998 1920 illo
1023 1873 1135 1935 vestigio
1160 1873 1235 1938 apud

144 1936 241 2002 qualis,
269 1939 299 1987 ut
323 1937 376 1988 boc
392 1941 464 2000 utar,
493 1939 564 2004 apud
583 1941 671 1991 Theo·
705 1943 837 1993 Annonem
867 1942 921 1994 «de
950 1945 1122 2009 Epagomeno
1151 1947 1233 1998 dicit·

143 2015 266 2078 prasium
283 2013 373 2076 (Char.
385 2013 420 2076 3.)
432 2013 601 2076 describitur,
620 2015 671 2067 sed
706 2013 786 2068 ducta
804 2019 885 2068 esset,
920 2019 981 2069 Sine
1000 2031 1080 2072 cause
1096 2033 1162 2071 vero
1173 2021 1235 2074 Vol-

142 2087 231 2152 potius
249 2087 276 2136 id
293 2085 345 2137 sibi
361 2089 470 2152 poetam
487 2089 668 2153 proposuisse,
706 2092 766 2156 pius
783 2093 924 2144 Patavinae
937 2093 1060 2158 opinatus
1072 2097 1115 2145 est
1130 2096 1181 2146 bae
1193 2109 1236 2147 sa·

143 2163 198 2214 siae
215 2175 312 2212 veram
328 2176 387 2215 rem
398 2166 489 2214 namet
499 2165 555 2215 sive
568 2163 668 2228 fletam,
705 2167 756 2216 lira
773 2165 890 2217 derideri
907 2169 1087 2234 Propertium
1107 2170 1157 2220 etsi
1174 2183 1236 2235 pro-

142 2239 172 2287 nt
198 2239 290 2288 certos
311 2237 444 2302 quosdam
473 2239 597 2291 homines
621 2239 671 2290 de·
706 2241 775 2292 lecto
792 2241 892 2292 mirum
908 2255 996 2305 neque
1014 2241 1090 2293 iacile
1102 2244 1234 2309 explicatu

142 2309 245 2363 rideret
275 2313 356 2376 atquc
383 2313 409 2362 in
434 2315 572 2378 posterum
597 2327 613 2364 a
639 2327 669 2365 se
706 2316 760 2377 est,
787 2329 837 2366 cur
859 2329 997 2381 nunquam
1020 2318 1144 2368 lloratius
1167 2320 1234 2369 Pro-

142 2387 276 2452 abigeret,
295 2389 341 2451 qui
357 2387 446 2439 indicii
464 2387 622 2452 elegantiam
642 2392 670 2440 et
705 2389 799 2455 pertli,
827 2391 980 2454 Propertius
998 2391 1099 2442 Horatii
1116 2393 1234 2444 mentio-

141 2463 277 2526 poeticam
294 2460 445 2514 facultatem
462 2463 617 2516 affectantes
632 2467 671 2515 at·
706 2477 770 2514 nem
791 2464 896 2526 iecerit,
924 2477 987 2515 cum
1012 2464 1055 2515 ille
1080 2465 1232 2530 Virgilium,

143 2549 194 2600 qna
212 2535 368 2601 exemplum
390 2537 489 2602 Virgilii
514 2539 669 2604 lloratiique
704 2539 827 2600 Varium,
862 2538 1006 2600 Tibullum,
1042 2538 1107 2590 alios
1138 2543 1233 2604 poetas

141 2611 267 2662 aemulati
284 2614 310 2662 in
327 2613 487 2665 Maecenatis
506 2613 670 2664 familiarita—
706 2613 867 2672 amicissime
878 2616 1024 2676 memoret,
1040 2614 1084 2664 bio
1095 2613 1233 2678 turpilium

142 2688 196 2736 tem
222 2699 254 2738 se
279 2687 416 2738 intrudere
440 2691 601 2739 conarentur
623 2689 667 2752 et,
706 2687 852 2738 admiratus
869 2690 912 2739 sit.
949 2688 1012 2739 Vide
1027 2689 1231 2755 etiamadEpp.

142 2775 195 2825 quo
229 2762 330 2812 certius
360 2761 413 2812 boc
445 2764 666 2827 assequerentur,
704 2763 735 2824 2,
753 2763 780 2823 ἱ,
800 2762 857 2812 too.
892 2763 995 2827 scripta
1006 2763 1112 2813 videtur
1127 2775 1151 2812 a.
1165 2776 1191 2813 u.
1206 2775 1230 2814 e.

142 2836 198 2886 sine
215 2833 270 2885 ullo
287 2835 391 2900 pudore
403 2835 667 2902 nibilqueverentes,
705 2835 828 2887 rte-7⁴9.
849 2837 957 2900 (Franks
970 2839 997 2887 et
1012 2835 1133 2900 Weber.)
1163 2838 1233 2888 oble·

142 2923 175 2960 na
198 2907 282 2959 edem
305 2922 386 2961 sunm
406 2913 433 2962 et
458 2912 593 2962 abiectum
611 2915 669 2963 ani·
705 2909 842 2962 morabilis
854 2913 896 2962 est
907 2911 1016 2960 imitatio
1028 2909 1131 2971 Lucilii,
1150 2922 1232 2974 qnam

142 2996 215 3034 mum
241 2983 401 3048 proderent,
430 2985 556 3037 omnibus
581 2987 668 3038 modis
706 2983 732 3036 in
750 2985 838 3049 primo
855 2997 936 3035 versu
954 2997 1016 3035 curn
1033 2983 1168 3034 Luciliano
1180 2985 1230 3048 (46,

142 3059 240 3108 iloratii
257 3059 402 3110 amicitiam
425 3072 578 3125 expugnare
602 3073 669 3112 con·
705 3059 729 3108 4,
748 3057 818 3108 (leri.
837 3071 864 3122 p.
883 3057 935 3120 ts.)
954 3059 1110 3121 comparato
1128 3060 1230 3109 tantam

141 3130 292 3184 tenderent.
330 3135 417 3184 llosce
442 3135 521 3198 igitur
545 3135 668 3187 homines
703 3133 855 3182 invenimus
872 3134 902 3181 nt
918 3132 1034 3182 verbum
1051 3130 1151 3192 verbo,
1170 3145 1232 3182 cae·

141 3206 210 3258 male
227 3205 338 3258 sedulos
355 3211 459 3272 monet,
478 3222 512 3260 ne
524 3208 607 3260 solitis
618 3224 668 3275 pa·
704 3219 784 3256 surae
793 3217 905 3256 caesura
914 3203 1090 3268 respondeat:
1103 3203 1158 3254 lbet
1167 3207 1232 3268 forts

141 3282 284 3332 rasitorum
301 3281 402 3334 artibus
413 3295 443 3333 se
461 3283 487 3334 in
504 3284 668 3336 Maecenatis
704 3281 781 3341 astu,
799 3279 889 3342 ioqui,
902 3279 956 3328 tom
966 3277 1136 3342 ouodpmu'?
1151 3291 1232 3340 quoa·

140 3357 285 3407 amicitiam
306 3357 427 3423 irrepere
443 3369 525 3422 posse
542 3362 665 3423 sperent;
703 3355 735 3404 tis
754 3353 889 3404 tutudi·
912 3354 1030 3404 Dianam.

140 3443 170 3481 «a
186 3443 232 3480 me
251 3431 351 3492 certe»
372 3433 472 3495 lnquit,
497 3432 579 3484 «tales
597 3446 668 3484 nun·
736 3429 792 3478 t-5.
810 3427 1060 3494 ibam-Accurrit]
1077 3429 1230 3480 Gratissima

140 3517 221 3568 quam
253 3505 545 3558 commendabuntur.»
584 3506 667 3559 simul
703 3501 862 3566 negligentia
879 3503 905 3553 in
923 3502 1056 3554 narrando
1068 3505 1158 3554 omisit
1169 3505 1230 3554 iun·

140 3577 234 3630 callide
251 3579 302 3630 bae
320 3593 428 3646 qnoque
450 3583 591 3633 occasione
614 3583 668 3632 uti·
704 3578 806 3628 eturam
835 3577 973 3640 Horatius,
1011 3579 1122 3629 inseruit
1149 3579 1231 3628 Beot—

140 3655 194 3716 tur,
222 3656 254 3704 ut
279 3654 381 3705 civibus
404 3657 459 3707 anis
482 3655 664 3716 demonstret,
703 3653 784 3714 leius,
802 3653 832 3702 ut
847 3651 987 3717 aliquoties
1004 3653 1030 3704 in
1048 3651 1179 3703 Phaedro.
1194 3653 1228 3715 44,

140 3727 224 3791 qualis
242 3726 293 3779 sibi
310 3727 472 3780 lamiliaritas
490 3742 553 3780 eum
564 3731 667 3781 blaecc-
703 3728 747 3788 t'i,
766 3727 790 3777 8.
810 3727 918 3789 a,t,t.
932 3729 994 3791 cet.)
1023 3727 1127 3790 Insigne
1137 3737 1231 3777 erem-

140 3805 201 3853 nate
217 3803 393 3854 intercedata
409 3803 530 3869 plurimis
547 3806 666 3868 ignorata
702 3799 777 3866 plum
796 3801 949 3852 huiusmodi
966 3796 1125 3852 ἀσυνδέτου
1148 3811 1230 3864 prae-

139 3878 184 3927 aut
194 3876 266 3928 male
279 3877 407 3941 iudicata,
420 3881 502 3942 atque
515 3877 666 3929 cuiusmodi
702 3875 751 3925 bet
766 3874 861 3939 edyss.
880 3893 912 3938 κ,
939 3877 1006 3928 att:
1027 3869 1161 3939 Ἥιομεν,
1188 3867 1229 3936 ὥς

139 3963 229 4002 mores
247 3949 426 4016 flliplaceant.
448 3953 538 4003 linum
552 3953 665 4004 etZenu.
703 3947 848 4012 ἐκέλευες,
883 3944 940 4000 ἀνὰ
967 3947 1062 4021 δρυμά
1074 3985 1081 4011 ,
1115 3945 1228 4015 φαίδιμ’

140 4025 208 4076 Sene
219 4038 273 4076 non
285 4027 373 4078 minus
385 4027 471 4078 odiosi
485 4027 594 4078 Horatio
606 4039 666 4078 esse
700 4021 867 4081 ’oooooeur
883 4019 1017 4097 Eiipopev
1042 4023 1073 4076 ἐν
1097 4020 1231 4095 βήσῃσυι

140 4097 277 4151 debebant
304 4100 491 4160 huiuscemodi
517 4103 668 4152 assentato-
703 4103 862 4167 τετυγμένα
877 4097 999 4166 δώματα
1016 4096 1101 4150 καλά.
1117 4127 1144 4136 -
1157 4099 1230 4163 forta]

140 4185 196 4236 res,
216 4174 441 4238 quietusaurilio
454 4177 614 4228 llaeoenatls
627 4175 668 4226 ia·
705 4174 876 4239 «aliquando,
906 4177 963 4228 sine
993 4179 1068 4226 certo
1093 4173 1230 4226 consilio.-

140 4258 234 4299 vorem
245 4249 373 4313 aucupari
384 4249 565 4312 conabantur,
584 4261 667 4314 quarn
705 4249 780 4301 Geni.
798 4251 864 4314 Epp.
884 4250 912 4312 i,
932 4249 962 4312 Ἰ,
980 4251 1021 4302 29.
1038 4277 1066 4286 -
1077 4249 1122 4299 uio
1138 4247 1230 4310 Sucro]

142 4319 222 4373 invidi
247 4333 280 4374 sc
299 4321 423 4375 malevoli
447 4322 483 4374 illl
508 4325 665 4388 antiquarii,
704 4335 852 4389 perquam
874 4325 951 4376 otiosi
968 4322 1143 4376 deambulare
1161 4320 1233 4374 sole·
