3174 4974
540 469 682 534 ‘man
719 484 816 534 arisr.
835 487 854 534 1.

492 643 521 699 H
540 639 575 696 X
594 643 620 702 c
641 643 671 701 {i
690 644 722 702 H
740 643 764 700 S
784 641 857 700 HS
897 644 941 700 ll.

524 777 562 824 so
581 775 650 825 EPP.
664 777 694 824 11.
709 777 727 824 l.
740 788 766 824 v.
781 775 829 825 llll
840 788 899 838 sqq.

238 895 373 946 lavenisse
395 896 459 946 mibi
483 895 575 946 videor
595 898 622 946 in
643 896 684 946 bis
701 895 839 947 versiculis
856 895 1018 959 singularem
1036 897 1218 962 testivitatem,
1242 913 1257 948 a

173 976 257 1040 nullo,
284 978 357 1042 quod
382 981 480 1042 eciam,
505 979 594 1030 adbuc
618 980 841 1030 animadversam.
877 981 931 1031 Cur
955 982 1012 1046 ipse
1037 981 1159 1034 Horatius
1180 983 1259 1034 Plau-

173 1064 229 1114 tum
254 1062 326 1113 haud
350 1063 429 1114 nimis
455 1063 602 1115 admiratus
626 1065 673 1126 sit,
699 1063 739 1115 sic
761 1065 825 1115 satis
847 1068 920 1115 recte
938 1065 1059 1129 exposuit
1075 1067 1129 1116 iam
1145 1065 1258 1117 Klotzius

169 1147 256 1198 bectt.
275 1146 341 1197 Ven.
359 1160 386 1212 p.
405 1145 482 1198 lia:
510 1147 607 1208 «Quod
624 1147 757 1200 Plautinos
773 1147 879 1212 lepores
897 1161 950 1200 non
966 1149 1063 1214 probat
1079 1149 1201 1200 Horatius
1219 1151 1256 1213 (Α.

173 1233 201 1280 Ρ.
214 1243 240 1280 v.
253 1230 335 1291 ild),
354 1244 407 1281 non
425 1233 516 1281 miror.
552 1232 639 1282 Credo
657 1245 709 1282 non
721 1231 831 1296 probari
843 1245 890 1282 eos
902 1233 1020 1298 potuisse
1038 1247 1070 1284 eo
1082 1232 1188 1295 seculo,
1205 1246 1259 1298 qno

174 1315 213 1364 tot
230 1313 365 1376 elegantes
380 1317 485 1366 venusti
501 1314 630 1380 politique
647 1317 769 1367 homines
785 1315 924 1376 vivebant,
944 1330 996 1367 nac
1012 1317 1047 1368 ab
1060 1330 1107 1378 eo,
1126 1319 1183 1381 qui,
1202 1319 1259 1368 sive

175 1397 246 1462 quod
264 1399 373 1462 Augusti
390 1399 521 1450 dictorum
538 1400 653 1450 maxime
671 1399 761 1464 cupidi
777 1400 880 1451 amicus
898 1402 969 1460 erat,
989 1401 1045 1452 sive
1062 1401 1135 1465 quod
1151 1399 1260 1464 elegan-

173 1481 240 1532 tiore
258 1496 324 1533 aevo
342 1486 433 1544 natus,
461 1482 665 1546 elegantioribus
692 1485 772 1534 etiam
797 1484 861 1534 iocis
885 1483 1011 1535 delectari
1026 1483 1142 1535 volebat.
1177 1484 1260 1536 Plauti

173 1579 237 1616 vero
254 1565 374 1631 lepores,
393 1581 446 1618 non
464 1567 552 1618 dicam
569 1581 678 1630 omnes,
697 1567 746 1618 sed
763 1567 869 1632 plurimi
886 1571 991 1632 umen,
1010 1567 1259 1634 laciliuspopulum,

174 1648 382 1712 multitudinem,
400 1649 570 1702 mulierculas
582 1649 765 1712 oblectabant,
784 1665 864 1715 quam
876 1653 949 1702 viros
961 1652 1055 1703 doctos
1065 1665 1130 1702 vere
1141 1651 1260 1702 urbanos

173 1732 279 1798 lepores
304 1738 499 1800 exspectantes.
534 1735 587 1786 lllis
610 1737 689 1800 igitur
709 1735 774 1786 dum
795 1737 923 1786 inservire
941 1737 1015 1801 cupit
1031 1736 1168 1794 Comicus,
1195 1735 1261 1786 dum

174 1817 379 1871 inverecundius
395 1820 479 1872 risum
497 1821 598 1883 captat,
625 1822 690 1871 dum
713 1820 898 1870 immodestior
914 1820 1022 1883 proluso
1039 1820 1143 1871 iocandi
1161 1832 1260 1883 genere

173 1902 270 1964 utitur,
289 1915 340 1954 nec
355 1903 436 1954 vitata
453 1915 516 1954 cum
527 1915 618 1954 rerum
630 1907 687 1954 tum
699 1902 844 1954 verborum
857 1903 1018 1968 turpitudine
1030 1907 1057 1954 et
1068 1903 1259 1966 obscoenitate,

173 1988 205 2036 ut
228 1985 336 2036 tandem
362 1985 463 2048 dicam,
491 1986 563 2050 qaod
583 1988 696 2037 reticere
719 1987 818 2038 diutius
834 1999 888 2037 non
904 1999 1031 2051 possum,
1058 1987 1123 2038 dum
1140 1999 1261 2039 scurram

174 2071 227 2133 agit
243 2083 327 2135 saepe
344 2069 513 2131 illiberalem,
533 2072 658 2134 expertus
676 2069 804 2129 estsere,
823 2069 897 2134 qaod
914 2073 956 2122 est
971 2071 997 2120 in
1014 2071 1170 2136 proverbio:
1188 2068 1262 2120 liol-

175 2151 236 2217 λοῖς
252 2149 386 2226 ἀρέσκειν
402 2154 464 2206 ἐστὶ
481 2158 589 2218 σοφοῖς
606 2147 806 2226 ἀπαρέσκειν.»

240 2240 340 2291 Verum
358 2253 421 2290 ecca
439 2240 580 2290 Suetonius
597 2239 653 2290 Oct.
672 2241 717 2290 89:
744 2239 883 2304 Aegrotas,
907 2241 1006 2304 inquit,
1025 2241 1103 2304 ploos
1115 2243 1262 2303 podiatatann

175 2337 272 2386 quoque
287 2338 337 2375 aon
354 2323 496 2387 inrpcritm,
516 2323 685 2374 auocabatur
701 2325 777 2374 etiam
793 2325 920 2375 cooaoedia
935 2325 1013 2376 aeteri
1028 2331 1051 2375 et
1067 2338 1140 2388 saepe
1150 2337 1208 2375 eam
1219 2337 1263 2373 aa·

173 2407 251 2459 tibuit
264 2408 371 2471 publicis
385 2409 539 2471 maturastis.
574 2408 732 2460 Tacentibus
750 2411 862 2470 ceteris,
890 2421 957 2473 quos
974 2409 1041 2470 vidi,
1060 2406 1259 2473 interpretibus,

176 2491 350 2544 Casaubonus
367 2494 396 2542 et
410 2493 581 2544 Ruhuksnias
598 2505 693 2544 secure
711 2496 847 2557 exponunt
858 2493 892 2544 de
909 2495 996 2558 prisca
1009 2492 1149 2544 comoedia
1159 2493 1260 2552 Atticm

176 2576 224 2629 sed
249 2589 336 2626 nonne
353 2576 405 2626 boc
421 2589 533 2640 prorsus
549 2577 705 2628 incredibile
723 2580 778 2639 est,
804 2579 904 2629 Romae
921 2579 1031 2641 Augusti
1048 2579 1135 2628 aetate
1152 2577 1260 2637 Cratini,

175 2658 322 2724 Eupolidis,
348 2661 532 2724 Aristophanis
557 2660 660 2712 tabulas
685 2659 798 2724 publicis
823 2659 982 2725 spectaculis
1007 2673 1110 2724 saepe
1131 2659 1262 2710 exhibitas

175 2746 257 2794 assei
285 2743 396 2805 Qualem
413 2745 498 2804 enini,
525 2757 638 2808 quaeso,
661 2742 865 2794 delectationem
884 2757 915 2793 ex
934 2755 966 2793 eo
984 2755 1082 2806 genera
1101 2745 1222 2806 quamvis
1238 2747 1263 2792 at

174 2827 267 2892 mandi
283 2832 307 2877 et
322 2827 429 2891 eleganti
446 2833 468 2877 et
484 2832 585 2877 venusto
604 2826 718 2890 (Quintil.
732 2827 775 2888 lo,
790 2827 817 2886 4,
831 2826 881 2889 65.)
899 2826 1006 2876 haurire
1023 2827 1154 2890 potuisset
1170 2824 1263 2890 plebe-

176 2911 248 2972 cula,
267 2912 310 2961 cui
326 2909 395 2962 vela
412 2911 531 2976 principe
549 2910 749 2962 inserviendum
761 2912 836 2960 erati
864 2909 946 2971 Quid,
966 2909 1037 2973 quod
1050 2909 1188 2960 dumtaxat
1198 2911 1260 2960 viris

177 2994 299 3059 eruditis,
326 2995 372 3060 qui
396 2995 492 3046 crebro
514 2997 595 3058 atque
615 2996 740 3045 accurate
764 2996 791 3044 et
812 2992 869 3044 illos
887 2995 914 3044 et
931 2996 1048 3044 Graecos
1065 3006 1160 3044 eorum
1177 2994 1261 3044 inter·

174 3083 265 3146 pretes
282 3078 471 3144 perlegissent,
490 3080 517 3130 ia
534 3092 645 3130 scenam
664 3078 752 3130 denuo
769 3077 891 3142 producti
908 3077 1015 3142 placere
1026 3079 1171 3142 poterant‘l
1191 3079 1263 3138 ouo-

176 3165 246 3216 circa
272 3177 322 3228 ego
347 3163 475 3228 equidem
499 3163 662 3227 interpretor
684 3163 718 3213 de
735 3165 827 3214 vetere
844 3163 984 3214 comoedia
1001 3163 1106 3223 Latina,
1133 3163 1262 3226 imprimis

177 3248 271 3301 labulis
287 3247 370 3300 Plauti
388 3251 415 3298 et
426 3244 534 3298 Caecilii
545 3248 630 3308 Statii,
650 3247 761 3299 lortasse
773 3247 854 3296 etiam
864 3248 941 3297 sitae
954 3248 982 3296 et
991 3247 1138 3308 Dossenni,
1156 3259 1224 3310 quos
1235 3248 1263 3298 in

176 3333 226 3383 bac
249 3331 361 3397 epistola
379 3331 501 3382 Horatius
519 3333 617 3396 carpit,
636 3331 704 3381 adeo
721 3332 751 3381 ut
766 3333 844 3394 poeta
861 3329 905 3380 bic
921 3329 1014 3380 lestive
1031 3331 1133 3382 locatus
1149 3333 1183 3381 sit
1200 3343 1263 3382 cum

175 3419 292 3481 Augusto
310 3419 406 3467 horam
425 3417 590 3467 comicorum
611 3417 743 3473 amatore,
762 3416 853 3465 certus
873 3413 981 3466 omnino
1000 3413 1070 3476 lore,
1088 3417 1118 3466 ut
1136 3415 1262 3479 princeps

176 3501 242 3565 ipsa,
260 3501 310 3550 bos
327 3499 474 3551 versiculos
491 3511 553 3550 cum
570 3497 684 3563 legeret,
703 3498 867 3560 subrideret,
887 3497 1040 3550 amicissimi
1059 3501 1154 3563 poetae
1172 3499 1262 3550 diver-

177 3597 235 3634 sam
252 3585 422 3646 sententiam,
442 3597 523 3649 quam
541 3597 573 3634 ex
591 3583 730 3648 colloquiis
742 3596 805 3634 cum
822 3596 855 3632 eo
872 3583 970 3633 habitis
986 3582 1097 3649 pulchre
1114 3585 1167 3633 iam
1180 3595 1263 3633 nove-

177 3671 226 3728 rat,
248 3667 292 3720 bic
312 3682 406 3722 rursus
426 3670 591 3734 propositam
607 3667 711 3720 videns.
746 3669 789 3718 Sic
806 3668 863 3718 sine
881 3665 933 3718 ulla
951 3667 1096 3718 offensione
1114 3669 1210 3728 Sati,
1231 3665 1259 3726 3,

176 3751 201 3804 4.
219 3752 323 3804 urbane
340 3751 445 3804 vellicat
460 3753 604 3804 Caesarem
622 3765 715 3813 suum,
734 3754 826 3816 utpote
843 3753 888 3817 qui
903 3751 1013 3816 Tigellii,
1033 3752 1148 3804 cantoris
1162 3750 1262 3804 morosi

177 3840 257 3901 atque
274 3838 435 3902 arrogantis,
454 3836 646 3901 impudentiam
664 3835 726 3887 olim
743 3837 823 3888 nimis
838 3837 970 3902 patienter
986 3834 1098 3888 tulisset.

606 4111 831 4136 ξπ
