3192 4974
625 377 684 426 nra.
704 377 722 425 r.
760 375 857 424 srrsr.
877 375 919 425 vr.
1256 369 1313 436 tlt

274 532 307 600 Si
331 542 443 620 posset
464 541 594 598 centum
615 551 734 598 scenae
756 529 916 618 praebere
938 540 1082 618 rogatus,

273 656 336 734 Oul
348 673 482 741 possum
498 652 564 718 tot‘l
587 653 646 732 ait;
671 662 776 718 tamea
792 661 824 719 et
839 671 995 740 quaeram
1007 663 1040 718 et
1054 661 1134 739 quot
1148 650 1275 720 habebo

272 775 407 840 Mittam:
432 783 506 862 post
527 772 625 862 paulo
647 773 759 840 scribit
780 774 841 842 sibi
864 774 950 840 milia
973 772 1117 861 quinque

272 897 353 962 Esse
376 894 465 962 domi
486 893 710 983 chlamydum
733 905 857 983 partem
880 894 931 962 vel
953 893 1079 962 tolleret
1101 916 1224 962 omnes.

272 1017 370 1084 Exilis
392 1016 508 1084 domus
532 1026 595 1092 est,
619 1015 675 1082 ubi
698 1037 762 1083 non
785 1027 817 1084 et
840 1015 940 1083 multe
962 1026 1136 1104 supersunt
1278 1019 1318 1083 lb

273 1141 310 1205 Et
332 1133 499 1205 dominum
521 1137 632 1204 fallunt
653 1148 686 1204 et
707 1147 844 1226 prosunt
865 1138 1001 1204 furibus.
1046 1137 1146 1225 Ergo,

265 1347 292 1356 -
318 1318 359 1370 lo.
387 1319 437 1368 Nec
457 1317 484 1367 b.
506 1346 533 1355 -
553 1318 593 1369 te.
612 1321 663 1368 alt:
688 1330 812 1380 qucum
827 1324 911 1369 tornea
928 1323 951 1368 et
968 1317 1033 1369 Cod.
1052 1318 1234 1370 Lemniensis.
1255 1346 1284 1357 -

264 1395 331 1460 quot]
349 1395 415 1456 quod
431 1395 533 1444 Veneta
553 1394 636 1454 ⁴84⁴„
656 1393 724 1455 lid..
744 1393 894 1445 Hocheder.
916 1421 944 1430 -
964 1391 1004 1446 ld.
1024 1391 1122 1454 sertpsr't
1139 1393 1165 1442 d.

231 1551 349 1612 habitas,
368 1552 612 1616 bucvix'pertinel.
641 1554 755 1604 Easdem
792 1555 920 1604 Nimirum
931 1557 970 1606 lito
981 1571 1026 1621 epo
1037 1571 1102 1607 sum.
1134 1553 1319 1606 «Tunolitam

230 1627 321 1690 ntique
335 1626 659 1690 coniungitlbyeuslrl.
673 1629 753 1678 Scbn.
793 1642 895 1694 pauper
923 1643 984 1682 esse
1015 1643 1097 1695 quam
1127 1629 1318 1694 Cappadocum

230 1715 256 1764 p.
272 1702 332 1751 ⁴08:
356 1695 558 1772 Εὐρύαλε-σὲ
574 1700 629 1768 μὲν
645 1699 756 1789 Κύπρις
792 1702 913 1766 regulum
944 1718 1007 1768 ergo
1032 1705 1127 1768 quovis
1154 1703 1235 1754 modo
1259 1717 1319 1754 rem

225 1768 254 1825 “A
278 1777 301 1825 τ’
324 1769 565 1847 ἀγανοβλέφαρος
589 1772 687 1826 Πειθώ
705 1792 756 1847 ρο-
793 1791 907 1842 quaere:
938 1781 965 1830 et
993 1778 1095 1830 bellum
1125 1777 1210 1828 babes
1235 1791 1318 1844 opum

229 1847 340 1902 δέοιοιν
362 1850 393 1901 ἐν
409 1843 514 1901 ἄνθεσι
530 1851 655 1922 θρέψαν.
674 1851 753 1902 both.
793 1852 960 1918 exemplum,
983 1855 1012 1904 L.
1026 1851 1164 1904 Lucullum
1181 1853 1267 1903 dico.»
1289 1880 1316 1890 -

230 1925 282 1977 Pal.
302 1928 321 1976 1.
341 1939 368 1990 p.
387 1927 444 1976 203.
458 1939 573 1990 sponsus
591 1927 660 1977 dona
678 1926 757 1976 otlert
793 1928 938 1989 Gllamudes
961 1928 1078 1978 Lucullus
1103 1927 1165 1992 cet]
1189 1927 1318 1992 Lepidam

229 1999 336 2052 Πειθοῖ
357 2003 408 2052 καὶ
432 1999 544 2070 Παφία.
575 2003 618 2051 Sic
643 2002 755 2052 Veneris
792 2003 930 2052 historiam
953 2016 985 2052 er
1005 2001 1113 2052 Horatio
1137 2004 1235 2066 repetit
1256 2001 1318 2052 Plu-

230 2089 291 2126 eum
309 2075 422 2126 Suadela
440 2075 584 2126 delubrum
603 2075 650 2126 tuit
673 2075 756 2126 Athe·
792 2075 901 2126 ta'rcbus
914 2077 939 2126 in
952 2078 1015 2126 Luc.
1029 2075 1081 2138 39..
1100 2076 1260 2137 chlamydum
1276 2079 1319 2128 la-

230 2152 269 2202 nis
281 2163 333 2200 non
345 2150 422 2215 longe
432 2150 467 2202 ab
476 2153 545 2202 arcis
554 2151 635 2200 aditu.
648 2150 755 2200 Boeclrb
793 2166 857 2202 men
874 2165 1018 2202 nnmerum
1035 2151 1069 2202 ad
1086 2151 1261 2203 ducenarium
1273 2166 1318 2204 re-

229 2227 312 2276 luscr.
320 2224 377 2276 l8l.
391 2225 575 2290 lnanaglypbo
586 2224 702 2276 Helenae
714 2237 756 2274 ra-
792 2227 894 2290 digens.
922 2227 1055 2290 Cllanrpdc
1066 2239 1116 2291 pro
1127 2225 1318 2290 paludamento

229 2302 304 2364 ptum
316 2301 482 2364 exprimente
500 2299 665 2364 (wincheim.
683 2301 753 2350 llou.
791 2301 918 2352 utebatur
939 2301 992 2351 iam
1018 2303 1045 2351 L.
1068 2303 1163 2365 Scipio.
1192 2302 1245 2352 Cic.
1268 2315 1318 2366 pro

228 2375 293 2424 ἰατά.
313 2375 341 2423 Τ.
356 2375 430 2426 CXV.
458 2375 600 2438 inghirami
618 2374 684 2424 Gall.
698 2374 752 2423 Om.
792 2375 856 2427 lteb.
876 2377 946 2426 Post.
965 2376 1009 2436 to,
1031 2376 1072 2424 27.
1094 2402 1122 2411 -
1140 2375 1236 2440 seeum]
1255 2388 1317 2427 cum

230 2447 249 2496 1.
264 2447 364 2498 introd.
383 2449 412 2499 Τ.
425 2448 466 2511 X.)
485 2451 527 2500 est
543 2447 640 2499 ΠΙΘΩ
652 2445 755 2497 ΑΦΡΟ-
791 2449 960 2516 splendidam
983 2449 1099 2514 aliquam
1124 2463 1251 2514 pompam
1275 2449 1317 2501 vel

231 2520 325 2572 ΔΙΤΗ.
792 2526 956 2590 triumphum
976 2527 1003 2576 in
1020 2525 1155 2588 tragoedia
1176 2526 1318 2577 histriones

792 2600 967 2650 imitarentur.
995 2599 1033 2650 Cl.
1047 2601 1154 2663 lippa,
1171 2601 1200 2661 t,
1216 2601 1273 2650 rao.
1289 2627 1316 2636 -

262 2671 346 2723 39-48.
361 2673 538 2735 Cappadocum
549 2673 604 2737 ras]
618 2674 675 2733 Quo
688 2675 755 2724 tem
788 2675 918 2739 praebere]
933 2673 1148 2734 «commodare»,
1157 2675 1187 2723 ut
1196 2671 1319 2725 solebant

230 2759 296 2810 pore
314 2745 382 2796 haec
400 2745 515 2810 Epistola
530 2749 628 2812 scripta
640 2751 690 2809 est,
709 2762 754 2798 rc·
792 2751 873 2799 etiam
895 2749 939 2809 iis,
966 2749 1011 2811 qui
1034 2760 1145 2797 munera
1162 2746 1317 2809 gladiatoria

230 2821 327 2885 gnabat
338 2820 460 2883 ultimus,
478 2821 637 2881 archelaus.
651 2835 675 2871 a.
689 2836 743 2873 u.c
793 2822 924 2884 edebant.
944 2821 1022 2872 amici
1034 2821 1206 2886 suppeditare
1217 2824 1318 2876 statuas

229 2895 350 2947 rra-rm.
384 2899 440 2948 lam
466 2897 499 2948 de
526 2899 583 2949 eius
609 2895 754 2950 decessore
792 2901 896 2964 aliaque
924 2899 987 2950 circi
1013 2900 1178 2949 ornamenta.
1210 2927 1237 2936 -
1261 2906 1320 2964 post

229 2971 407 3024 Ariobarzane
425 2972 518 3024 scribit
535 2973 629 3024 Cicero
642 2975 674 3036 [a.
688 2987 714 3023 u.
728 2987 752 3023 c.
789 2977 868 3040 paulo
896 2974 994 3035 scribit]
1028 2975 1172 3038 postquam
1201 2976 1318 3027 vestiarii

229 3047 296 3109 tot.)
315 3047 350 3096 ad
367 3049 420 3098 Att.
433 3048 460 3109 6,
481 3049 508 3108 l,
527 3048 557 3098 l:
578 3048 647 3098 Nini}
663 3047 705 3097 illo
716 3060 756 3096 re-
794 3063 887 3101 earum
904 3060 1048 3098 numerum
1066 3047 1187 3097 inierant.
1205 3077 1233 3084 -
1247 3050 1318 3101 tolle-

228 3135 278 3186 puo
304 3122 449 3184 spollutlus,
476 3122 539 3172 nibil
554 3136 613 3186 repe
635 3123 752 3186 aprunus.
792 3125 838 3190 ret]
852 3119 1013 3194 στρατηγὸς
1024 3120 1186 3172 Plutarebil.
1199 3121 1227 3184 l.,
1241 3136 1319 3187 prae-

229 3195 267 3246 lb.
288 3197 354 3261 Epp.
374 3196 404 3258 3,
424 3198 455 3246 5:
482 3197 681 3260 Ariobarzanes,
706 3211 755 3248 reu
792 3202 843 3260 tor,
852 3199 897 3263 qui
907 3195 1089 3262 spectaculum
1100 3195 1317 3263 edebat-ipis

225 3284 378 3334 perpauper.
410 3272 458 3321 Cui
484 3273 588 3336 inopiae
615 3272 649 3322 ita
676 3285 754 3335 reges
792 3271 1317 3334 autemverbispulpmunutotlcet.viri

230 3345 264 3396 illi
282 3345 474 3407 medebantur,
496 3348 526 3396 ut
546 3346 753 3409 mauspleus,
792 3348 946 3415 praedivitis
958 3347 1141 3411 nescioquem
1152 3346 1259 3409 tastum,
1272 3347 1318 3411 qui

229 3422 256 3473 id
273 3423 328 3482 est,
346 3422 470 3472 homines
487 3419 581 3485 glebae
594 3422 753 3487 adscriptos,
793 3437 874 3488 opum
885 3422 1088 3488 despicientium
1097 3422 1218 3484 allectat,
1232 3422 1317 3474 tacete

229 3510 329 3547 venum
347 3495 450 3546 darent.
478 3495 531 3546 Sed
547 3497 628 3547 rudes
639 3498 667 3547 hi
680 3500 755 3548 erent
792 3500 932 3564 expressit.
962 3526 989 3534 -
1015 3498 1111 3560 Eeilis]
1139 3500 1264 3561 «angusta
1291 3498 1318 3547 et
1359 3492 1363 3496 ’

229 3575 310 3637 atque
335 3573 419 3636 pravi.
457 3572 627 3624 Demodocus
650 3573 677 3623 in
699 3574 755 3624 Aa·
791 3575 895 3639 inops.»
927 3573 1064 3624 Manifesto
1089 3573 1157 3624 baec
1181 3573 1257 3636 quasi
1284 3585 1317 3624 err

229 3646 294 3698 tbol.
308 3645 361 3697 Pal.
380 3647 411 3696 ll.
429 3660 455 3711 p.
474 3646 536 3696 387:
563 3643 755 3698 Καππαδόκαι
793 3649 904 3700 divitum
934 3648 1058 3712 opinione
1084 3649 1145 3697 κατ’
1172 3647 1318 3717 εἰρωνείαν

229 3718 339 3784 φαῦλοι
362 3719 417 3786 μὲν
442 3714 504 3772 u'al·
530 3718 621 3788 ζώνης
645 3722 755 3786 (cinguli
792 3722 925 3773 dicuntur.
954 3750 981 3758 -
1008 3723 1041 3772 Et
1066 3723 1194 3773 dantum
1216 3721 1317 3788 salunt]

230 3795 357 3860 militaris)
381 3793 413 3846 δὲ
436 3792 587 3858 τυχόντες,
611 3793 755 3859 onoldes—
794 3798 850 3860 «εἰς
876 3792 893 3846 ὃ
918 3797 967 3847 καὶ
994 3793 1125 3859 Φλάκκος
1149 3791 1167 3846 ὁ
1194 3793 1318 3862 ποιητὴς

228 3887 290 3944 ροι·
309 3869 429 3943 κέρδους
445 3869 470 3921 δ’
488 3869 585 3922 εἵνεκα
605 3868 755 3934 φαολότα-
793 3868 1029 3938 ἐπιπεφώνηκεν,
1063 3867 1103 3934 ὦς
1138 3863 1173 3922 οὐ
1207 3872 1318 3936 νομίζοι

228 3962 283 3998 τοι.
314 3949 367 3998 Cir.
382 3946 472 4011 Hissly
489 3947 697 4012 disputationem
720 3947 753 3998 de
793 3943 933 4008 πλοῦτον,
956 3935 991 3997 οὗ
1008 3941 1051 4012 μὴ
1068 3941 1105 3996 τὰ
1126 3942 1318 4017 παρορώμενα

229 4023 338 4074 historia
348 4021 547 4088 Cappadociae,
566 4023 753 4073 incomment.
793 4022 842 4074 sal
859 4017 1042 4072 λανθάνοντα
1053 4020 1172 4073 πλείονα
1183 4020 1240 4072 τῶν
1251 4038 1318 4085 cpul-

229 4098 285 4148 Lat.
299 4099 362 4148 inst.
377 4099 440 4160 lleg.
453 4096 525 4162 Belg.
535 4095 592 4148 Vol.
605 4097 646 4146 Vl.
658 4111 684 4162 p.
696 4097 752 4148 tta.
793 4099 922 4164 νομένων
939 4097 1026 4148 ἐστίν.
1061 4095 1192 4148 Plutarch.
1213 4095 1230 4146 Ι.
1249 4095 1266 4147 l.
1288 4125 1315 4134 —-

230 4175 258 4223 el
274 4173 331 4223 229.
354 4202 380 4210 -
404 4174 443 4222 lle
460 4174 498 4234 tu]
518 4171 610 4233 «talis,
629 4173 755 4224 huiusce·
791 4173 897 4238 metuo]
916 4171 1045 4236 imprimis
1056 4172 1154 4232 seruis,
1174 4173 1219 4235 qui
1235 4170 1317 4222 intuli

231 4250 304 4300 modi
322 4250 428 4312 bomon,
457 4251 484 4300 ut
506 4250 571 4314 Epp.
592 4249 619 4309 l,
640 4250 683 4309 lb,
706 4248 754 4301 le:
793 4261 885 4299 rerum
902 4249 979 4312 copia
996 4246 1071 4298 facile
1090 4246 1226 4313 complura
1243 4245 1317 4299 elan·
1400 4312 1402 4317 .
