3178 4972
291 413 353 476 tiit
650 412 779 464 nomm
796 413 1015 464 arrsromnuu

335 569 499 646 Caesaris3
523 577 632 634 oratus
654 566 753 634 multa
776 587 889 654 prece,
913 567 1014 634 nitere
1037 587 1144 654 porro.

335 689 437 767 Vade,
462 689 547 765 vale,
571 709 650 756 oave
673 709 713 755 ne
737 688 854 756 titubes
877 688 1092 776 mandataque
1115 689 1253 778 frangas.

358 869 398 920 iit.
424 871 511 919 nilne.
528 883 607 932 porro
627 869 692 917 Vade
708 866 842 918 Bentleius
859 869 951 928 tacite,
975 867 1087 919 tortasse
1112 881 1144 918 ex
1162 855 1239 920 mero
1257 883 1351 934 opera-

326 958 387 996 rum
404 958 503 996 errore.

293 1103 378 1153 verbii
396 1102 506 1153 modum
524 1102 626 1154 dictum
644 1104 694 1152 est.
715 1129 742 1138 -
767 1114 820 1152 oto·
857 1101 883 1150 in
900 1099 1004 1150 Ascliae
1022 1102 1195 1162 cognomine:
1217 1103 1319 1164 ocare,
1338 1117 1382 1163 ue,

292 1178 357 1242 ruri]
375 1180 511 1228 Morantur
521 1190 579 1238 nos.
594 1189 663 1242 quac
676 1173 817 1226 delectent.
857 1176 886 1226 ut
902 1175 999 1226 accidit
1015 1175 1103 1228 asellis
1121 1177 1199 1228 nimis
1216 1178 1336 1235 onustis.
1354 1180 1384 1227 tu

294 1253 324 1302 Α.
343 1255 371 1302 Ρ.
391 1253 448 1302 ιιι.
857 1262 964 1313 quoque
989 1249 1087 1300 titubes
1110 1251 1238 1314 humique
1255 1263 1385 1316 procum-

857 1323 921 1384 bas,
939 1322 986 1373 ubi
1003 1321 1100 1374 lamam
1121 1324 1324 1388 transgredieris
1341 1322 1384 1374 vel

327 1400 367 1451 ⁴8.
386 1400 426 1450 to.
453 1399 576 1464 Caesarie]
606 1399 680 1449 Hono
705 1397 820 1448 nominis
857 1411 906 1462 per
918 1396 1015 1448 clivum
1027 1397 1192 1459 descendes,
1211 1401 1300 1462 itaque
1313 1413 1384 1463 quoe

293 1475 468 1540 positionem,
505 1487 556 1538 qua
586 1467 820 1541 ἐμφατικώτερον
858 1470 904 1521 tibi
922 1471 1075 1522 concredidi
1094 1472 1272 1538 qualicunque
1285 1473 1384 1523 damno

293 1547 337 1609 tit,
357 1552 496 1613 comparet
512 1549 580 1598 Voss
597 1547 632 1598 ad
643 1548 714 1610 Vlrg.
734 1549 780 1597 Ge.
794 1545 818 1606 3,
857 1547 970 1609 efficias,
989 1546 1070 1598 veluti
1088 1561 1168 1611 copsa
1184 1547 1289 1609 collisa,
1307 1547 1385 1598 volu-

294 1622 343 1673 ιιι
370 1625 435 1674 Mox
459 1627 542 1672 tameo
568 1623 683 1672 ardentes
699 1621 822 1684 cociopar
858 1621 974 1673 minibus
998 1623 1064 1688 ipsis
1090 1621 1272 1674 madefactis.»
1317 1621 1383 1673 Alii:

294 1697 376 1748 dicon
400 1711 503 1762 popone
528 1697 651 1748 Caesam.
679 1723 708 1734 -
735 1699 822 1746 oratio
859 1699 965 1758 ocare,
985 1711 1018 1748 ne
1036 1699 1147 1761 propter
1164 1698 1385 1748 nimiamiutem-

293 1774 374 1822 mutto
387 1773 471 1837 prece]
501 1772 616 1833 «Quodsi
634 1769 723 1822 multis
740 1770 819 1820 etiem
858 1772 1042 1836 pestivemque
1055 1771 1223 1823 timiditatem
1233 1785 1324 1823 ocrem
1333 1775 1386 1822 Au-

293 1847 419 1912 precibus
433 1847 575 1899 illiusmodi
588 1847 710 1897 homines
721 1849 747 1896 te
760 1857 822 1895 ore·
858 1849 935 1909 gusto
953 1845 999 1896 tibi
1017 1847 1098 1897 dicem
1115 1847 1200 1897 titubet
1216 1847 1383 1910 tinpuosono.

293 1924 394 1982 verint,
422 1924 450 1972 ut
471 1922 535 1985 quid
559 1923 677 1984 Augusto
695 1922 820 1984 apportes
860 1921 941 1984 (Ouid.
962 1924 992 1971 Α.
1014 1926 1045 1972 Α.
1065 1922 1174 1985 ι,598,)
1209 1923 1277 1972 Cum
1293 1925 1385 1971 sutem

294 1996 345 2048 sibi
371 1997 460 2057 dicas,
491 1999 519 2046 tu
544 1995 597 2047 noli
622 1995 719 2060 loquax
745 2007 819 2055 esse,
858 1998 922 2048 setis
945 1997 1011 2047 mire
1035 1997 1136 2048 dictum
1157 2000 1231 2048 esset
1252 1994 1385 2046 «volumi-

295 2071 345 2121 sed
370 2084 424 2134 quo
450 2074 477 2120 te
504 2072 568 2121 iussi
586 2071 712 2121 continuo
729 2081 820 2134 perge,
858 2085 892 2121 na
910 2071 1005 2122 tradito
1027 2073 1176 2135 pauperem
1200 2069 1291 2121 malim
1314 2074 1386 2121 nuuc

295 2147 382 2198 donec
399 2146 434 2196 ad
451 2147 540 2212 ipsum
557 2149 583 2195 te
602 2144 723 2196 admittet
739 2145 822 2194 ostie·
859 2159 922 2196 cum
933 2147 1067 2196 Diintzerc
1084 2149 1229 2208 utrumque
1243 2141 1385 2216 τροπικῶς

296 2221 379 2271 rius.»
394 2248 422 2257 -
434 2220 610 2283 niteroporro]
628 2218 822 2270 sciieoedict
859 2221 1043 2284 interpretari:
1073 2220 1175 2280 uCave,
1195 2231 1228 2271 ne
1248 2233 1296 2284 per
1313 2232 1387 2269 erro·

294 2301 459 2346 uorwdrts.
499 2297 541 2344 Sic
568 2296 598 2344 ut
626 2296 766 2356 iungamus
796 2293 823 2342 et
859 2308 918 2345 rem
935 2295 1015 2344 animi
1033 2295 1108 2358 pravi
1126 2292 1272 2357 quidquam
1290 2295 1316 2344 in
1334 2293 1386 2344 boo

295 2372 374 2419 tenor
397 2369 521 2420 versiculi
545 2370 657 2432 requirit
684 2371 710 2418 et
738 2369 822 2430 magis
859 2369 964 2432 negotio
997 2369 1150 2419 committes
1183 2382 1215 2418 ac
1243 2371 1386 2434 propterea

297 2445 392 2504 etiem,
420 2443 493 2507 quod
518 2459 544 2494 v.
561 2445 641 2493 nitere
662 2457 715 2493 uon
732 2441 822 2492 sddito
860 2442 929 2494 male
956 2444 1111 2507 exsequaris
1137 2443 1263 2494 mandata
1289 2455 1385 2503 mea3»

297 2517 426 2569 adverbio
448 2531 531 2570 sensu
548 2521 630 2568 earet.
665 2519 732 2567 Nam
749 2515 821 2579 quod
859 2518 1088 2583 quemadmodum
1107 2517 1220 2568 dicimus
1236 2517 1336 2582 foedus,
1352 2519 1387 2581 fl-

297 2593 324 2644 in
350 2593 416 2644 Edd.
439 2592 599 2644 Bentleianis
622 2590 692 2643 nulls
710 2593 823 2641 annota-
859 2597 929 2655 dom,
956 2594 1028 2653 iuro,
1054 2593 1119 2656 bueo
1141 2593 1269 2656 fronpere.
1304 2591 1383 2642 Etr.

298 2669 370 2719 tione
381 2668 522 2720 subiuncta
533 2668 742 2732 interpungitur:
761 2679 823 2715 ora-
858 2670 966 2720 tituddru
991 2667 1063 2718 haud
1087 2681 1149 2717 raro
1175 2669 1320 2731 usurpatur
1336 2677 1386 2730 pro

300 2749 340 2794 tos
354 2745 435 2794 multo
450 2758 537 2807 prece,
555 2746 642 2793 oiim.
662 2755 743 2805 porro
757 2743 823 2791 Vade
859 2759 885 2795 v.
899 2755 1036 2794 «errorem
1048 2743 1246 2802 committere‚»
1260 2743 1289 2790 ut
1301 2739 1383 2791 Pluut.

300 2821 351 2868 cet.
379 2831 461 2868 caeco
490 2831 555 2869 casu
580 2817 678 2868 lactum
703 2815 821 2876 videtum
859 2817 1102 2878 Pseud.t,t‚32:
1124 2815 1384 2875 Αιυιιισηοιιιυισι,

300 2896 350 2943 etsi
376 2907 462 2959 nuper
484 2893 631 2958 philologus
653 2893 824 2942 doctissimus
861 2895 938 2944 edors
962 2894 997 2943 du
1012 2891 1092 2942 nicbts
1107 2891 1249 2941 versielrrt.»
1278 2889 1384 2939 Terent.

298 2969 350 3018 hac
371 2969 399 3018 in
420 2982 449 3018 re
467 2969 582 3018 Britanni
599 2968 756 3032 sapientium
774 2967 824 3017 ed·
861 2969 994 3028 Heautt,
1012 2966 1119 3026 3,420;
1136 2967 1207 3016 Cum.
1237 2963 1387 3015 rmore

298 3039 481 3101 miratus'est,
501 3043 577 3107 quasi
594 3041 636 3092 ille
653 3055 723 3092 unus
741 3045 823 3094 totam
860 3055 891 3094 ue
905 3043 966 3103 quid
977 3039 1070 3091 mutet.
1089 3041 1130 3090 Sr.
1149 3039 1385 3102 Perdoctastproto.

298 3115 442 3180 Epistulam
468 3121 542 3167 recte
564 3115 731 3167 intellexerit.
765 3119 823 3166 Non
861 3119 915 3168 cic.
935 3115 969 3166 de
986 3117 1058 3166 Orat.
1072 3115 1100 3176 3,
1119 3115 1166 3175 eo,
1186 3115 1247 3164 tet:
1273 3115 1303 3164 lo
1319 3127 1387 3177 quc-

300 3189 415 3254 explieat
430 3189 472 3241 ille
489 3191 598 3256 quidem
610 3205 635 3241 v.
648 3192 727 3241 nitore
743 3189 825 3242 abso-
860 3204 958 3254 cuoqoe
981 3191 1014 3240 rit
1033 3195 1110 3252 purte
1133 3189 1275 3238 teudotion.
1310 3186 1386 3238 lloud

299 3265 353 3316 luto
369 3268 498 3330 positum.
524 3266 573 3316 sed
595 3278 639 3316 vv.
656 3279 735 3328 porro
749 3267 823 3328 eudo,
861 3267 954 3317 inseite
973 3264 1045 3316 idem
1063 3265 1180 3314 Diintzer
1197 3265 1284 3324 notat,
1305 3263 1388 3312 llore-

300 3339 394 3392 «lectie
411 3341 451 3392 bis
469 3341 614 3400 mendatis,
640 3354 723 3405 perge
740 3342 823 3400 iter;»
861 3343 926 3391 tium
943 3339 1065 3405 proprias
1082 3351 1145 3389 suas
1157 3339 1329 3401 cogitationes
1346 3336 1388 3387 le-

299 3415 327 3466 id
352 3416 425 3479 qnod
446 3417 566 3467 Latinum
589 3428 642 3467 nou
659 3416 773 3466 videtur.
794 3443 822 3452 -
861 3416 934 3466 stivis
952 3415 993 3464 bis
1015 3412 1148 3464 mandatis
1166 3412 1246 3463 veluti
1264 3411 1384 3467 velasse:

298 3491 375 3555 ecoe]
398 3489 490 3540 ultima
506 3490 591 3540 brevi.
626 3492 680 3554 (ain
701 3488 824 3554 vocalem
860 3491 959 3554 quippe
971 3489 1016 3552 qui
1027 3487 1176 3551 significare
1187 3485 1309 3548 voluerit,
1324 3498 1386 3536 sese

300 3567 429 3616 exeuntes
446 3564 592 3616 verborum
612 3565 711 3616 lor-mas
727 3563 824 3614 lombi—
861 3565 992 3629 poematis
1014 3563 1070 3614 suis
1086 3563 1204 3626 Angusto
1221 3561 1310 3612 missis
1327 3559 1384 3610 nul·

300 3654 346 3692 oos
358 3637 491 3703 quaslibet
502 3641 571 3690 vitoe
583 3639 749 3690 consuetudo
760 3651 824 3703 pos·
860 3638 914 3688 lam
931 3638 1040 3688 omnino
1052 3637 1202 3690 molestiam
1218 3637 1312 3687 fautori
1327 3649 1387 3697 opo-

300 3727 330 3766 ss
360 3718 401 3766 est
428 3719 553 3780 correpte
579 3714 670 3766 ultima
704 3727 825 3778 pronun·
860 3727 894 3762 ra
909 3713 1049 3763 colomnis
1065 3711 1294 3776 (ludrtnptioikeitl
1311 3709 1386 3760 exbi-

301 3791 385 3840 tien.»
411 3791 538 3854 lirrscst.)
573 3790 630 3840 Vid.
658 3789 692 3840 ad
718 3791 771 3840 Set.
793 3789 821 3848 ι,
861 3788 926 3838 bere
954 3785 1036 3850 velle,
1063 3787 1140 3851 quusi
1161 3800 1224 3837 eum
1245 3786 1279 3836 ed
1297 3799 1329 3836 eo
1347 3783 1388 3834 le-

300 3863 329 3922 3,
342 3865 382 3916 38.
399 3893 425 3902 -
439 3879 470 3915 oe
480 3865 568 3914 titubm
579 3865 641 3928 oet]
654 3863 776 3928 Plerique
788 3863 823 3912 ito
861 3863 948 3927 gendo
965 3865 1074 3926 cogeret
1090 3867 1212 3926 tempore
1233 3861 1281 3926 ipsi
1299 3861 1387 3911 minus

300 3937 446 4002 explicent,
476 3941 504 3989 nt
525 3951 618 3990 rursus
641 3936 735 3988 leviter
750 3935 825 3988 ludet
862 3939 1020 4003 opportuno.

730 4205 945 4227 π
