3156 4972
581 421 642 504 nin.
662 453 692 504 u.
728 453 796 504 sar.
815 453 880 504 tun.
1218 449 1280 516 355

240 614 278 680 iit
301 613 350 680 vai
374 613 525 679 continno
547 611 663 699 patuit,
687 631 760 676 cum
783 611 927 698 passeris
949 620 1046 698 atquc

241 738 401 824 ingustata
423 733 500 800 mihi
522 741 713 821 porrexerat
736 731 787 798 iiia
809 730 945 798 rhombi.
1240 735 1281 798 30

239 859 314 924 Post
334 856 397 924 hoc
419 877 471 923 mo
493 856 605 923 docuit
626 853 786 922 melimela
809 853 926 922 rubere
954 855 1111 922 minorem

239 979 286 1045 Ad
309 978 417 1044 innam
439 977 575 1045 deiecta.
620 976 706 1056 Ouid
728 975 790 1043 hoc
814 976 951 1052 intersit,
976 976 1017 1042 ab
1040 978 1110 1065 ipso

238 1099 387 1166 Audieris
409 1097 534 1165 meiius.
578 1100 657 1164 Tum
680 1096 825 1164 Vibidius
851 1095 1025 1164 Balatroni:

238 1223 303 1286 Nos
325 1221 385 1286 nisi
410 1219 566 1288 damnoso
587 1219 743 1296 bibimus
767 1221 943 1286 moriemur
965 1221 1068 1286 inuiti:

263 1402 304 1452 29.
319 1403 431 1463 poscaris
449 1404 499 1465 crat
515 1405 538 1450 ct
559 1414 574 1450 e
592 1399 677 1450 Codri.
697 1399 816 1450 Lambini
834 1403 975 1463 anonymis
991 1401 1135 1452 Bentiaius.
1157 1425 1183 1438 -
1208 1403 1248 1452 30.

225 1479 371 1542 porrcoecrii
387 1477 470 1541 bcp,i.
491 1477 530 1538 (iit
546 1489 608 1536 noa,
627 1477 653 1536 S,
667 1491 691 1524 ν.
711 1475 893 1526 Omittiihunc
905 1489 930 1526 r.
944 1477 982 1539 E.)
999 1504 1025 1512 -
1039 1476 1080 1528 33.
1097 1477 1161 1528 runc
1179 1491 1204 1542 p.
1222 1504 1248 1514 —

230 1553 274 1605 ii.
288 1553 431 1604 moriamur
447 1563 464 1616 p
483 1553 510 1600 ct
527 1561 596 1600 corr.
616 1553 657 1601 Sc.
677 1551 825 1614 (mmmm
840 1549 880 1602 bE
898 1553 925 1600 et
942 1564 981 1615 pr.
1001 1552 1053 1612 Sc.)

196 1726 226 1774 ut
241 1722 396 1788 pcrdiiiiciic
413 1722 464 1774 sibi
482 1724 633 1787 ceterisque
649 1723 723 1772 essct
759 1718 867 1781 raiiquis
886 1719 1010 1770 omnibus
1027 1721 1131 1770 mamre
1150 1719 1184 1770 ab
1206 1721 1286 1772 intar-

195 1797 406 1863 persentiscere,
425 1797 489 1860 qnid
507 1797 616 1848 tandem
628 1807 722 1846 come·
759 1792 923 1858 potatoribus
939 1792 1089 1844 oblitterata
1106 1797 1186 1845 essct.
1206 1821 1230 1832 -
1245 1797 1286 1846 in-

195 1872 305 1930 dcrcnt;
324 1871 396 1936 apud
407 1871 579 1922 Nasidianum
591 1871 662 1920 enirn
675 1868 723 1918 dii·
759 1868 869 1932 niumm]
897 1869 985 1928 «Quae
1010 1869 1072 1931 quia
1098 1867 1159 1919 aiibi
1185 1874 1285 1934 apponi

195 1947 301 1999 icrchat
329 1948 425 2012 partim
454 1961 469 1997 a
497 1945 574 1998 solito
604 1945 721 1996 edulium
759 1956 812 1992 non
829 1941 927 2003 soient,
947 1955 997 2006 ago
1014 1946 1285 2008 nunquamantcgu·

195 2024 301 2086 mutus,
320 2022 416 2086 partim
433 2035 544 2086 prorsus
560 2035 629 2072 nova
641 2033 723 2085 appo·
759 2021 886 2069 staram.»
906 2043 933 2055 -
953 2018 1007 2082 itia]
1030 2019 1183 2080 «intestina,
1211 2021 1285 2071 iocur

195 2097 343 2157 nubantur,
360 2098 391 2146 ut
407 2099 542 2148 cartorum
553 2097 667 2161 piscium
680 2097 722 2145 in·
759 2095 958 2158 potissimum»
984 2094 1052 2144 Voss
1070 2093 1172 2144 ridiculi
1190 2107 1283 2146 causa:

196 2174 292 2224 testina
304 2171 366 2221 aiibi
378 2172 476 2235 apponi
488 2185 541 2222 non
552 2170 637 2230 soiita,
651 2183 720 2235 quac
759 2170 808 2220 dia
830 2170 967 2219 Kuttcio.
997 2193 1024 2205 -
1052 2169 1157 2234 rhombi]
1183 2171 1283 2221 Buttc.

194 2249 293 2298 cuncta
318 2247 464 2296 Maecenati
482 2246 593 2308 eiusque
616 2245 722 2295 comiti·
792 2243 894 2295 34-3t.
923 2245 1059 2308 mciimctu]
1085 2245 1282 2310 iioniyitpsci.

196 2322 260 2382 bus,
280 2323 310 2370 ut
326 2321 538 2370 consentancum
555 2322 624 2380 crat,
646 2317 721 2384 pain-
758 2321 843 2372 Varro
859 2322 888 2372 ii.
902 2322 931 2372 ii.
946 2323 972 2381 i,
990 2320 1035 2372 59:
1056 2323 1125 2383 onoc
1136 2327 1212 2371 unico
1227 2335 1286 2372 mu·

195 2399 252 2448 tum
270 2395 386 2446 cxcitarc
404 2408 456 2445 non
474 2396 605 2459 poterant.
758 2402 823 2446 sica
838 2395 975 2456 uocabant,
993 2410 1060 2445 onoc
1076 2397 1229 2447 mciimctc
1240 2411 1286 2460 αρ-
1343 2437 1349 2449 ,

227 2469 269 2520 29.
280 2469 322 2520 30.
338 2469 415 2519 iiicci
425 2471 542 2519 cmtinuo
551 2469 643 2533 nautii]
654 2469 722 2518 «wic
755 2471 860 2535 peilam.
886 2470 995 2521 iiurtiai.
1010 2473 1036 2531 i,
1056 2470 1099 2532 i3,
1118 2471 1147 2522 i:
1166 2473 1286 2524 omnum

196 2558 230 2595 ca
250 2547 340 2594 (icoo
363 2545 482 2608 nicici
502 2557 545 2593 cu
567 2543 630 2593 deo
654 2543 722 2606 Tuo
759 2547 1285 2609 cutccrtuatquoamctiomtasauiscom-

194 2620 291 2670 kam.»
337 2620 479 2683 capparuii
507 2620 675 2668 Nomentano
705 2629 720 2666 a
759 2623 893 2673 mantator
918 2622 1029 2684 cruquii
1058 2621 1195 2672 contundit
1222 2635 1285 2674 cunr

195 2692 654 2763 patronoycorpovcntagdoctoris
664 2705 722 2742 rnu-
758 2692 864 2762 μήλοις
889 2693 1061 2756 Karonion,
1088 2709 1157 2759 quae
1181 2699 1208 2747 et
1227 2698 1285 2746 aci-

196 2781 245 2820 nus
262 2767 452 2820 scitcaciiiccti
473 2769 500 2817 ct
517 2781 566 2832 pro
578 2765 721 2817 commodo
759 2768 821 2820 duiu
842 2772 905 2820 sunt
927 2783 1015 2834 neque
1039 2768 1144 2819 rubent.
1180 2771 1285 2834 Optimo

195 2846 288 2896 nostro
302 2845 456 2907 impositum
467 2855 542 2902 asam
562 2855 625 2893 nam
636 2843 659 2892 is
671 2843 720 2894 nisi
759 2841 885 2908 cxpiicari
908 2844 1014 2893 videtur
1031 2843 1148 2894 Senecae
1170 2843 1229 2894 ioco
1251 2844 1285 2896 de

195 2919 326 2978 affuisset,
350 2917 392 2968 iiia
416 2918 534 2982 passeris
551 2917 649 2967 marini
667 2930 720 2967 non
760 2918 865 2970 Provid.
879 2919 909 2979 3,
928 2919 957 2968 6:
985 2918 1091 2968 Fcticior
1106 2923 1167 2969 cami
1185 2918 1286 2981 (Fabri-

195 2992 536 3059 agnossern,iortaascnec
547 2992 719 3054 tetigissem.»
759 2995 835 3056 cius),
853 3019 868 3031 -
879 2993 926 3042 -ai
949 2992 1043 3056 mqmti
1062 3007 1196 3054 pomonam
1217 2999 1285 3045 strue

194 3070 289 3120 Omnia
306 3069 374 3119 hacc
384 3066 445 3117 κατ’
456 3068 610 3138 εἰρωνείαν.
627 3079 722 3128 -pm-
757 3068 980 3132 concurrimus
994 3068 1093 3129 immac
1110 3067 1199 3131 sorar?
1226 3070 1283 3119 Non

194 3144 265 3209 seris]
283 3145 329 3194 Est
344 3142 544 3208 maurannetus,
563 3141 643 3192 hodia
661 3139 720 3206 pia·
758 3143 837 3206 igitur
853 3143 920 3192 mira
937 3142 1004 3191 iraac
1022 3141 1141 3192 doctrina
1160 3142 1194 3192 ad
1206 3155 1285 3194 men-

195 3225 268 3272 tcsca
279 3219 375 3280 iicsus,
394 3218 536 3276 munder,
556 3215 653 3268 Gaiiica
668 3217 720 3279 fici
758 3231 802 3269 sas
819 3215 953 3267 secundas
970 3215 1094 3266 retertur.
1110 3243 1137 3253 -
1153 3217 1283 3283 minorem]

195 3309 217 3346 a.
233 3296 353 3358 picuud.
375 3321 402 3330 -
421 3292 505 3356 atquc]
524 3293 613 3343 Lectio
631 3293 681 3341 arri
697 3297 720 3341 ct
759 3293 1007 3350 succrescentem»
1026 3304 1079 3342 non
1097 3304 1158 3342 cum
1170 3291 1285 3342 Scholia·

194 3370 315 3436 proiecto
333 3381 385 3418 non
404 3370 445 3418 ast
462 3369 511 3417 nisi
531 3365 653 3430 pctuians
671 3379 720 3416 na·
758 3371 811 3419 sta:
840 3365 963 3432 «quando
984 3365 1186 3417 inaccrescit.»
1207 3393 1233 3404 -
1253 3368 1285 3417 ao

194 3447 251 3496 acio
262 3445 338 3495 cuius
350 3440 516 3507 interpolatio
528 3441 608 3492 ducta
620 3454 653 3491 ex
665 3443 718 3491 Sat.
756 3443 810 3506 ipsu
835 3441 904 3504 cat]
932 3441 1017 3492 «Tam
1047 3439 1153 3492 subtilia
1183 3441 1285 3493 sciiicct

193 3523 222 3582 2,
242 3519 270 3582 i,
289 3519 341 3579 38.‚
360 3531 413 3583 qua
429 3517 527 3568 inicrre
543 3518 569 3567 in
583 3517 720 3568 Horatium
758 3518 834 3568 crant
850 3517 908 3567 cius
930 3519 1086 3579 argumenta
1106 3516 1230 3580 physica,
1256 3521 1284 3566 ut

193 3592 314 3656 volebat,
333 3593 505 3644 Nasidienum
522 3603 649 3657 pervarsc
670 3605 721 3655 pa·
758 3606 789 3643 aa
807 3594 924 3643 retinarc
942 3604 995 3642 non
1013 3593 1173 3656 potuerim.»
1193 3619 1220 3628 -
1234 3593 1283 3641 ‹ta-

194 3671 319 3721 tinarium
346 3670 449 3734 piscem
477 3679 569 3718 assum
602 3667 720 3718 convivia
756 3668 853 3732 sonoro]
882 3666 994 3717 Videtur
1024 3665 1122 3716 incutio
1149 3667 1282 3717 sermonis

193 3743 360 3810 apposuisse.
379 3744 479 3794 Varum
491 3754 544 3792 non
555 3741 644 3805 pisces
658 3741 718 3806 ipsi,
758 3741 912 3794 convivalis:
941 3741 1116 3801 «immodice,
1135 3741 1170 3791 ita
1187 3744 1218 3790 ut
1234 3741 1283 3791 da-

193 3819 244 3871 acd
261 3817 447 3869 tantummodo
463 3818 588 3867 intestina
599 3817 719 3881 apposita
757 3831 850 3868 mnunr
862 3817 972 3876 sentiat,
986 3817 1031 3878 qui
1043 3816 1194 3865 convivium
1207 3828 1283 3879 praa-

194 3897 285 3955 erant,
311 3892 383 3943 unda
409 3893 452 3942 iric
477 3905 565 3956 neque
591 3891 625 3942 dc
651 3892 719 3941 assis
757 3891 829 3942 bct.»
858 3893 924 3942 Nos:
948 3890 1280 3940 murdariacirccicu.

193 3967 297 4021 accde
315 3966 388 4018 aiixis
405 3967 433 4017 ct
457 3966 514 4016 iure
540 3965 653 4016 conditis
677 3966 719 4028 agi
756 3965 997 4017 sanctonicensi:
1016 3965 1074 4014 Non
1090 3964 1117 4012 io
1133 3963 1226 4013 citare
1237 3965 1283 4014 rio·

192 4044 307 4110 potarat.
348 4043 478 4102 Quocirca
503 4055 556 4092 non
581 4041 717 4100 adducor,
755 4043 866 4092 macrior
877 4039 1169 4103 quomiouaciiflccmim
1188 4039 1282 4091 utiam

192 4122 223 4168 ut
240 4117 349 4168 credam
364 4117 408 4167 hic
421 4129 529 4180 quoque
541 4129 606 4168 casu
617 4116 651 4165 ab
664 4128 718 4165 uno
755 4117 861 4168 ierunt.
872 4117 966 4168 iicaut.
979 4116 1009 4176 5,
1028 4113 1056 4175 t,
1077 4113 1116 4163 io.
1134 4113 1281 4177 icttuoncru,

192 4191 312 4244 aitcrovc
336 4192 435 4244 Codice
458 4205 551 4242 veram
575 4190 718 4243 lectionem
755 4203 903 4255 comunem,
922 4191 1070 4240 omanorum
1087 4189 1228 4253 coniungit.
1252 4215 1280 4226 -·

192 4271 328 4318 servatam
337 4280 397 4318 oasa
406 4266 644 4333 (quemadmodum
654 4279 719 4317 sanc
755 4267 893 4316 omricrnur
903 4265 984 4330 inuiti]
996 4265 1075 4329 Epica
1083 4259 1192 4333 φράσις
1200 4265 1278 4328 (virg.

192 4343 293 4394 iactum
311 4343 416 4392 estSat.
431 4343 499 4406 i,6‚
519 4343 599 4403 troi,
619 4355 680 4393 curn
693 4343 719 4392 in
756 4345 821 4394 Aac.
834 4339 863 4400 i,
883 4340 943 4390 67⁰:
965 4341 1101 4402 Nunquam
1118 4339 1283 4390 monestrum
