3174 4974
596 477 654 528 cru.
673 480 704 528 u,
741 479 839 531 emer.
858 481 876 529 ι.
1217 480 1279 545 625

237 635 274 700 Et
296 632 415 720 placuit
435 633 508 709 sibi,
536 643 649 699 natura
673 633 818 702 sublimis
842 645 874 702 et
896 657 987 714 acer;
1218 637 1279 703 iiiii

235 758 312 821 Nam
335 755 435 842 spirat
459 756 612 842 tragicum
636 756 713 822 satis
735 768 768 822 et
789 756 924 824 feliciter
945 757 1057 834 audet,

234 877 298 943 Sed
322 886 448 964 turpem
470 886 560 964 putat
581 878 694 944 inscite
722 879 900 966 metuitque
922 879 1057 945 lituram.
1160 917 1167 931 ·

235 997 397 1074 Creditur,
421 1019 462 1064 ex
484 998 591 1066 medio
614 999 691 1087 quia
713 1019 766 1066 res
788 1001 937 1076 arcessit,
961 1000 1083 1068 habere

235 1119 370 1186 Sudoris
393 1120 575 1196 minimum,
602 1120 661 1188 sed
683 1120 780 1188 hahet
803 1121 972 1189 comoedia
994 1133 1080 1190 tauto

260 1329 316 1379 i67.
335 1329 432 1393 inscite]
450 1329 599 1378 iusciliueii
619 1330 679 1391 [sed
697 1331 860 1392 correctus).
879 1331 905 1378 iu
921 1333 1020 1392 scriptis
1036 1346 1104 1382 corr.
1123 1333 1151 1396 b,
1170 1349 1247 1387 com-

226 1403 316 1468 plures
335 1405 462 1462 Pottiarii,
482 1405 535 1453 duo
552 1404 692 1463 Schmidii,
712 1406 778 1464 LCt,
797 1405 823 1452 in
843 1405 913 1453 libris
933 1420 1002 1458 unus
1026 1421 1057 1456 er
1078 1407 1142 1458 Coll.
1161 1411 1245 1470 Trin,

226 1481 328 1528 imcitus
344 1477 478 1529 Bentleius
496 1478 656 1528 coniectura.
677 1481 716 1540 litt
733 1491 791 1538 nos,
810 1481 854 1542 Sp,
867 1481 935 1546 γζκ.)

194 1659 315 1708 imitari.»
331 1685 358 1694 -
378 1657 580 1722 Etptucuitsibi]
599 1657 721 1708 Refertur
757 1671 821 1708 saue
844 1660 965 1721 pleraque
990 1662 1053 1712 dure
1073 1664 1140 1713 dictu
1162 1666 1194 1726 lv.
1213 1666 1280 1728 ool,

195 1733 245 1782 hoe
272 1732 401 1795 imprimis
428 1732 460 1782 ad
487 1733 622 1793 ingentem
647 1730 718 1782 illum
757 1732 837 1781 etiam
864 1733 1022 1796 imaginibus
1046 1737 1174 1788 audacius
1200 1742 1282 1790 iuter-

196 1819 338 1858 uamerum
361 1807 557 1870 tragoediarum
582 1809 655 1868 [sunt
671 1819 721 1856 nu·
757 1806 822 1856 dum
833 1811 1055 1870 repraesentetis.
1075 1810 1154 1861 veluti
1170 1825 1231 1863 cum
1244 1813 1283 1862 di-

194 1884 249 1930 tem
268 1881 329 1931 Livii
343 1881 406 1940 XV,
425 1881 500 1932 Ennii
513 1882 611 1942 XXVL,
630 1881 720 1932 Naevii
758 1881 811 1930 xit:
837 1883 891 1931 Hoc
912 1883 955 1932 uti
972 1897 1049 1933 curato
1066 1885 1138 1935 litore
1154 1888 1282 1938 latratu

194 1956 247 2014 tit,
259 1957 362 2005 Pacuvii
372 1955 460 2014 xvii,
470 1956 542 2005 Accii
552 1957 614 2014 cit,
625 1967 720 2006 omnes
759 1956 830 2004 Unda
846 1955 890 2004 sub
903 1957 977 2006 uadis
988 1957 1100 2008 laburdo
1111 1963 1189 2021 sonu,
1208 1966 1234 2010 et
1247 1963 1281 2012 de

194 2030 292 2090 cxlii,
320 2043 434 2092 quarum
453 2031 559 2080 nomine
578 2031 719 2092 novimus),
758 2030 897 2094 Harpyiis:
925 2032 1006 2080 Sirnut
1029 2038 1053 2082 et
1077 2035 1173 2084 circum
1188 2049 1284 2100 mupuu

194 2117 263 2168 quae
293 2105 319 2154 iu
348 2117 458 2155 scenam
484 2103 587 2154 delatae
615 2105 678 2155 sunt
705 2117 720 2154 a
757 2105 901 2156 rorantibus
918 2107 1093 2158 Endromis
1103 2123 1283 2162 saevassaeu-

193 2179 266 2229 Livio
288 2191 374 2241 usque
395 2179 429 2228 ad
449 2181 567 2230 Accium.
591 2206 618 2214 -
637 2178 720 2240 spirat
757 2180 789 2228 do
814 2179 915 2242 crepitu
935 2181 1064 2244 etaapmte
1086 2185 1284 2236 auctionarii

194 2255 319 2318 tropicum
327 2254 397 2316 sutis]
417 2255 452 2304 ili
463 2254 534 2304 enim
547 2256 609 2304 sunt
619 2255 717 2303 Roma·
758 2255 904 2318 (monstra).
916 2255 954 2305 Ci.
966 2257 1049 2306 Bothe
1059 2259 1130 2308 Post.
1139 2261 1180 2308 Sc.
1189 2273 1215 2323 p.
1224 2261 1281 2311 235.

194 2327 718 2392 uorumspiritus,enauimorumelatio,
760 2357 786 2364 „
806 2329 935 2393 Sciret]
962 2331 1082 2380 «Vemm
1105 2333 1130 2382 iu
1148 2347 1181 2383 eo
1199 2333 1283 2395 negli-

195 2405 224 2452 ut
240 2403 328 2452 idonei
346 2405 399 2454 sint
415 2404 505 2466 generi
526 2404 625 2467 tragico
643 2414 721 2453 exco-
758 2405 892 2466 gentiores
910 2405 986 2454 erant
997 2407 1087 2468 tragici
1098 2409 1191 2467 nostri,
1211 2409 1284 2472 quod

194 2477 286 2538 tendo,
306 2480 381 2528 cuius
400 2479 558 2542 praecipuus
571 2474 721 2549 χαρακτὴρ
757 2477 860 2528 tabulas
886 2491 948 2528 sues
975 2491 1027 2529 non
1054 2481 1117 2530 satis
1145 2481 1285 2534 elimarent

194 2557 236 2604 est
253 2553 401 2604 sablimitas
414 2555 441 2603 et
455 2555 569 2616 gravitas
580 2555 720 2604 coniuncta
757 2555 837 2613 atque
850 2550 1022 2615 expolirem.»
1037 2553 1111 2604 idem
1124 2554 1216 2606 liturae
1228 2570 1285 2608 me·

195 2641 256 2678 cam
270 2630 326 2677 arte
339 2627 619 2688 atiectusdolentium,
640 2628 721 2677 irato-
758 2627 799 2674 tos
826 2628 934 2688 praeter
958 2627 1073 2688 tragicos
1099 2627 1155 2678 aliis
1175 2643 1284 2693 quoque

195 2702 473 2765 rum,indignnutium,
484 2703 623 2753 infeliciter
631 2715 721 2751 amen·
757 2699 843 2761 poetis
861 2701 957 2750 Latinis
970 2701 1056 2759 iniuit,
1075 2705 1105 2750 ut
1117 2703 1223 2752 Lucilio.
1243 2707 1282 2756 Ci.

195 2779 259 2829 tium
278 2791 342 2828 vere
359 2780 440 2841 alque
453 2781 513 2842 apte
527 2777 719 2840 exprimendi.»
758 2773 811 2822 Sel.
826 2774 849 2832 i,
864 2773 904 2832 40,
918 2774 950 2822 56
960 2787 1019 2836 sqq.
1036 2801 1061 2810 -
1075 2776 1169 2839 imcite]
1188 2781 1284 2840 quate-

198 2881 223 2889 -
243 2854 323 2915 spirat
340 2851 474 2916 papicum]
492 2854 522 2900 ut
538 2853 602 2901 siat,
619 2849 680 2900 silv.
694 2852 718 2913 5,
758 2859 808 2895 nus
826 2849 922 2909 partim
940 2849 987 2910 ipsi
1008 2862 1037 2898 se
1055 2850 1120 2898 satis
1138 2848 1226 2900 limato
1242 2853 1284 2902 di-

194 2928 224 2988 3,
246 2928 291 2977 ia:
318 2927 398 2976 altem
422 2927 530 2987 spirans.
569 2927 610 2975 Sic
640 2927 719 2976 etiam
758 2920 834 2970 cendi
853 2923 1200 2986 genereutiopiuabautur,
1220 2939 1284 2990 par-

195 3002 295 3052 Graeci.
307 2998 431 3064 Aeschyi.
443 3001 555 3051 Eumen,
566 2999 623 3059 eto,
637 2999 719 3050 Πνέω
757 2997 803 3045 lim
830 2996 903 3059 quud
929 3001 1094 3060 spectatores
1113 2998 1281 3064 lectoresque

194 3090 240 3127 τοι
255 3076 343 3139 μένος
359 3067 475 3124 ἅπαντα
489 3088 522 3124 rs
532 3071 629 3124 κότον.
645 3099 672 3110 -
685 3075 721 3136 se·
757 3070 820 3133 qaid
838 3072 927 3135 operis
941 3072 1096 3136 perfectioni
1109 3076 1189 3142 atque
1201 3077 1282 3127 abso-

194 3152 274 3200 tieiter
298 3151 386 3211 uude]
412 3151 521 3213 Spectat
542 3162 594 3199 uon
613 3151 667 3200 tam
686 3149 719 3199 ad
756 3144 847 3195 lationi
873 3145 982 3198 deesset
998 3147 1117 3198 noudum
1135 3153 1283 3214 perspicie-

195 3227 373 3278 inventiouem
399 3236 531 3273 novorum
547 3225 720 3286 argumento-
756 3221 835 3283 haut;
862 3224 889 3272 iu
913 3224 1024 3285 scriptis,
1052 3227 1157 3276 tametsi
1175 3227 1283 3278 exhibet

195 3315 254 3352 rum
266 3313 298 3350 ao
311 3311 485 3363 personarum
499 3299 533 3360 (iu
545 3297 643 3361 quibus
654 3311 719 3349 saue
756 3296 822 3346 cod.
840 3295 930 3346 Bland.
946 3298 1165 3361 uunquissimus,
1192 3303 1282 3352 tamen

194 3374 356 3439 exemplaria
382 3387 430 3424 sua
456 3374 519 3424 satis
545 3385 637 3437 presse
662 3372 719 3437 ple·
755 3384 865 3436 prorsus
891 3385 1121 3435 supervacaneum
1145 3379 1225 3426 esset.
1253 3403 1278 3414 ·-

194 3463 309 3514 rumque
321 3448 525 3512 sequebantur),
542 3461 622 3511 quam
636 3447 669 3496 ed
681 3447 720 3498 lu·
755 3446 867 3510 lituram]
895 3448 1008 3497 Caecina
1035 3448 1060 3497 in
1084 3449 1137 3499 Cic.
1161 3451 1225 3514 Epp.
1247 3451 1282 3500 ad

194 3527 265 3576 mina
278 3525 468 3574 sententiarum
482 3525 508 3572 et
519 3521 553 3572 ad
565 3523 652 3587 ipsum
664 3535 720 3572 ser·
756 3522 827 3570 Fam.
841 3521 866 3579 6,
879 3522 903 3578 7,
917 3523 944 3570 i:
963 3523 1080 3572 meadum
1096 3525 1237 3585 scripturae
1253 3525 1283 3573 li-

195 3612 303 3650 mouem
317 3599 355 3660 (Α.
366 3600 393 3648 P.
401 3598 519 3660 illisae),
533 3598 558 3648 ia
570 3609 624 3660 quo
636 3596 717 3648 multe
755 3599 815 3644 toro
831 3595 934 3644 tollitur.
961 3595 1000 3645 ci.
1018 3601 1048 3646 Α.
1066 3599 1092 3646 Ρ.
1107 3597 1164 3646 293,
1183 3599 1214 3646 V.
1229 3599 1281 3648 tie-

194 3676 364 3732 iunovnrunt,
381 3671 454 3736 quod
466 3672 498 3722 ad
512 3672 719 3736 compositiones
755 3668 812 3732 gel:
831 3671 939 3718 auersa
959 3671 1006 3719 VV.
1019 3672 1076 3720 DD.
1091 3672 1121 3719 de
1136 3684 1165 3719 re
1181 3674 1281 3735 tropico
1333 3689 1339 3696 ·

194 3748 309 3800 maxime
327 3746 483 3796 audaciores
500 3747 527 3796 et
544 3746 643 3797 tarmes
659 3759 718 3795 ver·
755 3745 924 3794 doarensium
941 3745 1035 3794 ludina
1050 3744 1094 3794 aid
1110 3757 1218 3794 marren
1233 3760 1279 3796 vo-

194 3823 291 3874 borum
313 3822 420 3880 attinet,
447 3823 476 3869 ut
497 3823 560 3870 sunt
576 3819 648 3883 apud
665 3823 717 3870 do·
753 3823 820 3868 catu.
844 3819 1080 3882 caramuelem.
1105 3819 1128 3870 l.

194 3899 265 3948 cium
287 3895 458 3955 coloncellis,
482 3893 650 3958 mbifieabilie,
668 3895 718 3942 mi-

193 3971 338 4032 semiliter,
351 3967 717 4029 indecorobiiiter,aduurtere‚
790 3971 906 4020 raeiri.
930 3971 1045 4020 Creditur
1062 3971 1128 4033 eet]
1153 3972 1277 4031 «Verum,

192 4047 386 4111 prondaevitor,
399 4045 550 4106 spumeum,
562 4044 717 4104 maenada,
754 4058 823 4109 quae
834 4043 903 4103 dico,
923 4056 975 4092 nou
989 4043 1076 4094 solum
1089 4045 1122 4093 de
1133 4045 1278 4106 tragoedia,

192 4121 335 4184 mamitos,
364 4118 544 4178 inmodatttis,
573 4118 716 4180 impolitus,
754 4119 803 4170 sed
816 4119 896 4168 etiem
912 4117 946 4166 de
958 4118 1095 4168 comoedia
1106 4119 1221 4168 Roman
1234 4133 1279 4170 va-

192 4195 299 4255 cerame,
317 4199 441 4250 mertare,
466 4192 608 4256 oriifiaari,
625 4192 718 4255 globosi
754 4193 834 4244 lent.»
848 4191 886 4241 Ci.
895 4191 1011 4250 aaran,
1021 4191 1052 4241 is
1061 4204 1120 4255 sqq.
1136 4219 1162 4228 -
1178 4207 1210 4243 ece
1223 4209 1278 4244 nte-

193 4269 316 4331 turblnes,
340 4273 505 4328 eructassem,
529 4267 658 4327 υἰιίεαιον,
677 4281 718 4316 co-
755 4269 804 4332 dio]
823 4266 904 4326 «Quia
917 4269 1072 4328 argumenta
1085 4280 1117 4316 ex
1129 4270 1180 4317 vita
1193 4272 1279 4331 quoti-

191 4345 325 4409 pripeme,
352 4343 475 4405 numere,
493 4341 717 4404 fodocitoquontia,
755 4341 831 4392 diana
844 4341 923 4404 petita
941 4343 1053 4398 tractat,
1078 4341 1183 4392 videtur
1199 4344 1279 4393 mini-

280 4434 484 4482 ttomruoali.
514 4433 673 4480 en.us1.itt.
1083 4431 1111 4478 io
