3116 4968
305 421 367 490 482
657 487 661 494 Δ
683 421 813 474 nontin
829 419 1009 474 snriahnult

348 580 529 648 Ambitione
551 577 694 668 relegata
716 587 748 645 te
769 577 879 646 dicere
900 597 1050 666 possum,

349 703 464 780 Pollio,
487 711 535 778 te,
560 699 722 777 Messalla,
747 711 802 766 tuo
824 719 899 767 cum
921 699 1017 765 iratre
1039 695 1200 786 simulque
1349 700 1392 765 85

349 827 427 901 VoS,
450 821 564 890 Bibule
586 831 619 888 et
640 819 748 898 Servi,
772 819 866 887 simul
887 819 938 886 bis
960 829 1007 897 te,
1030 819 1168 888 candide
1191 819 1304 896 Furni,

349 942 540 1032 Complures
562 941 655 1020 alios,
679 941 793 1009 doctos
816 963 878 1029 ego
900 961 984 1030 quos
1006 950 1038 1008 et
1060 941 1182 1008 amicos

370 1171 412 1222 86.
438 1169 525 1220 Biiada
548 1175 572 1220 et
595 1169 667 1218 Serui
691 1169 824 1228 Muretus,
851 1168 882 1218 Ν.
901 1167 1036 1229 Heinsius,
1062 1167 1210 1219 Bentleius:
1237 1167 1320 1219 Bibuli
1336 1175 1360 1220 et

337 1244 414 1370 {m
425 1242 630 1382 bplriiphctlilll,
647 1241 730 1292 eitun
745 1241 817 1292 Semi
834 1254 968 1308 superscr.
981 1248 1005 1294 et
1016 1243 1042 1293 S.
1063 1271 1090 1280 -
1109 1243 1149 1294 87.
1169 1242 1362 1308 coeptarum

336 1513 426 1566 84-90.
452 1512 590 1564 Ambitione
608 1512 730 1576 relocata]
748 1513 828 1563 «Pro—
865 1512 974 1562 teritum
985 1513 1121 1576 queratur.
1144 1510 1246 1562 Eadem
1257 1513 1314 1564 arte
1325 1525 1394 1566 nsua

304 1587 346 1640 cul
366 1588 487 1652 prolecto
510 1587 606 1638 absum
623 1601 639 1637 a
656 1585 764 1650 gloriola
782 1599 829 1636 ca-
865 1587 970 1638 divinus
992 1588 1120 1638 Areostus
1142 1586 1172 1636 C.
1191 1585 1238 1648 46,
1262 1587 1302 1637 tt.
1322 1587 1394 1638 inter

302 1662 414 1729 pianda,
433 1676 570 1723 cumvos,
589 1663 615 1712 in
628 1663 669 1712 his
682 1663 762 1712 etiam
776 1661 829 1726 pri·
865 1663 990 1714 fautrices
1020 1674 1084 1714 suas
1113 1665 1268 1712 enumerat:
1298 1668 1394 1725 wate

303 1749 394 1788 mores
411 1738 536 1800 civitatis,
555 1737 750 1796 Maecenatem,
769 1735 829 1786 Asi·
865 1738 945 1787 donne
961 1737 1021 1786 belle
1041 1736 1082 1786 Ha
1102 1735 1272 1798 bonwardiu,
1298 1741 1394 1799 quasue

302 1812 377 1862 nium
393 1811 552 1873 Pollionem,
577 1809 741 1872 Messallam,
759 1810 829 1858 inter
863 1811 883 1860 il
896 1824 972 1872 paese
989 1811 1071 1860 roseo.
1092 1834 1121 1848 -
1139 1810 1204 1874 aunt]
1226 1811 1266 1862 De
1287 1810 1394 1861 iudice-

302 1886 404 1936 amicos
426 1898 503 1937 meos
520 1898 676 1936 enumero·
697 1911 725 1921 -
742 1883 827 1948 Pollio]
864 1886 919 1936 tivo
942 1885 1011 1936 conl.
1035 1885 1159 1936 Huschke
1183 1886 1211 1935 et
1234 1885 1331 1936 Dissen
1356 1884 1393 1936 ad

301 1959 362 2010 vid.
380 1973 460 2024 supra
477 1974 503 2010 v.
523 1959 563 2010 la.
584 1987 613 1998 —
631 1959 762 2020 Messalla,
785 1963 827 2010 tuo
864 1958 921 2010 Tib.
941 1959 971 2021 4,
994 1959 1023 2020 ti,
1048 1959 1092 2010 66:
1123 1959 1249 2022 Quidquid
1271 1959 1325 2022 cpit
1347 1957 1391 2022 (al.

301 2048 360 2084 cum
373 2033 464 2098 [rutra]
483 2035 513 2094 Q.
525 2035 607 2084 Pedio
619 2033 760 2098 Poplicola.
787 2035 827 2084 De
865 2033 952 2098 unct),
970 2034 1073 2097 sospena
1092 2037 1128 2084 ast
1148 2037 1233 2084 tomen
1254 2031 1301 2082 itta
1322 2037 1391 2083 mus.

303 2111 419 2171 utroque
444 2107 505 2159 vide
530 2121 612 2172 supra
635 2122 661 2157 v.
680 2107 714 2158 28
735 2119 776 2171 sq.
797 2131 824 2145 -
867 2137 895 2146 —
907 2108 1181 2170 apeDetan'csnostra]
1193 2107 1297 2158 «minus
1308 2119 1394 2171 quam

301 2182 397 2246 Bibule]
421 2183 463 2231 Sic
480 2183 589 2246 scripsi,
617 2183 743 2246 quoniam
764 2194 828 2245 per·
865 2183 930 2232 mihi
947 2194 1065 2246 aequum
1080 2180 1211 2232 videtur.»
1248 2183 1345 2232 lacon.
1364 2181 1393 2232 in

303 2269 386 2320 wem
410 2257 597 2306 inconcinnum
624 2255 730 2305 videtur
756 2257 825 2306 hoc:
865 2256 952 2308 hillen.
965 2257 1009 2308 ed.
1028 2257 1094 2308 Bait.
1112 2269 1139 2321 p.
1152 2255 1199 2316 34,
1218 2255 1263 2306 ⁴8:
1279 2255 1394 2318 petebat-

303 2344 376 2394 avos,
396 2329 466 2394 (duo)
490 2330 572 2380 einai
594 2331 725 2394 (nomen),
752 2335 775 2380 et
792 2331 827 2393 (te
864 2332 1000 2394 quendsiio
1017 2331 1125 2382 cedar
1140 2329 1307 2380 consolation.

301 2404 408 2468 unum),
432 2405 505 2454 Sami
525 2405 716 2469 (praenomen).
745 2404 828 2455 Btbu-
897 2406 1002 2458 90-92.
1031 2406 1154 2465 Denwtri,
1183 2409 1267 2467 uque,
1295 2403 1394 2468 Tigelli]

302 2478 358 2530 lurn
382 2477 425 2530 vel
453 2477 560 2530 Bibulos
585 2476 677 2528 volunt
704 2491 765 2530 esse
791 2480 825 2530 ll.
864 2483 932 2534 Ante
955 2493 981 2532 v.
998 2481 1110 2531 Duceni
1132 2479 1210 2530 deest
1231 2485 1266 2541 te,
1293 2477 1394 2542 «idque

302 2551 437 2616 Calpurnii
453 2551 538 2603 Bibuli
556 2551 671 2604 consulis
683 2566 745 2604 cum
757 2553 827 2603 Cae·
865 2569 941 2608 more
958 2555 1036 2620 plane
1053 2556 1212 2615 Horatiano,
1238 2555 1267 2604 ut
1289 2553 1343 2603 Sat.
1360 2555 1392 2614 2,

302 2633 449 2679 sareon.
469 2641 492 2677 c,
511 2627 569 2678 est.
588 2625 671 2678 lilium
689 2626 730 2677 vel
748 2626 824 2677 lilios.
865 2632 893 2682 8.
922 2631 972 2681 lli:
1000 2629 1136 2691 Albanum,
1165 2631 1313 2689 namma,
1340 2627 1395 2678 nes

302 2703 333 2753 ld
350 2705 440 2752 tamen
457 2701 618 2762 notandum,
637 2715 662 2752 a.
680 2715 707 2752 u.
727 2715 750 2752 c.
769 2702 826 2752 723.
864 2705 1001 2756 Fatorum
1012 2705 1135 2768 Tamania
1145 2703 1266 2766 oppositis
1277 2703 1392 2764 delectet,

301 2783 357 2830 tres
382 2781 455 2830 certe
490 2780 547 2830 eius
582 2778 651 2829 filios
683 2780 828 2830 exstinctos
865 2794 915 2845 pro
940 2781 992 2831 sive
1015 2779 1140 2830 Abacum
1164 2777 1215 2828 siue
1243 2777 1391 2828 ratem.

302 2855 393 2906 luisse.
440 2854 493 2906 Clr.
520 2854 708 2904 Onomasticon
735 2866 828 2904 meum
865 2855 1151 2906 Severusinhetnav.
1164 2853 1209 2904 et:
1227 2853 1322 2913 iliaca,
1335 2856 1394 2902 tuu-

301 2928 449 2980 Tullianum
470 2930 539 2980 inv.
558 2931 587 2978 L.
607 2928 763 2978 Cncrunrnus
783 2930 829 2978 in-
865 2943 925 2992 que,
942 2930 1034 2991 Aecae,
1052 2929 1080 2978 in
1095 2927 1191 2978 scabris
1206 2927 1270 2976 lura
1284 2930 1392 2988 ecem,

302 3017 379 3054 sutus
396 3016 422 3067 p.
441 3003 498 3054 tat.
514 3029 541 3039 —
560 3002 641 3067 Semi]
659 3002 767 3054 Servius
785 3003 828 3054 bic
864 3017 913 3068 pro
934 3004 1001 3066 Tuo,
1027 3003 1124 3063 limos,
1150 3007 1258 3063 tueque,
1284 2999 1392 3051 Acone·

302 3077 415 3129 tortasse
433 3078 481 3128 luit
496 3078 553 3128 Ser.
564 3076 671 3142 Sulpicii
688 3077 746 3128 liuii
758 3078 826 3142 icti,
864 3080 957 3129 Busan.
978 3103 1006 3116 -
1023 3075 1222 3140 Discipadamm]
1243 3073 1393 3126 Ridiculum

303 3152 420 3204 consulis
440 3166 464 3202 a.
487 3165 513 3202 u.
537 3166 562 3202 c.
580 3152 649 3213 70³,
675 3151 757 3210 lilius,
783 3153 828 3216 qui
865 3165 975 3205 scenam
1001 3150 1095 3202 lectori
1120 3151 1213 3212 oliert,
1242 3146 1394 3214 pulchellos

302 3227 485 3293 philosophice
503 3231 531 3278 et
551 3226 654 3278 artibus
674 3225 828 3277 liberalibus
864 3227 922 3280 illos
946 3228 1020 3278 vocis
1042 3229 1069 3278 et
1094 3227 1189 3277 cantus
1208 3223 1394 3276 modulatores

303 3313 415 3365 operam
440 3300 529 3351 dabat.
555 3327 585 3338 -
609 3302 714 3351 condite
739 3303 827 3363 liuns]
865 3304 934 3354 inter
958 3299 1061 3366 puellas
1084 3299 1127 3352 vel
1155 3300 1283 3363 ingenuas
1310 3299 1393 3362 (nce.)

303 3377 333 3427 C.
347 3377 458 3426 Furnius
476 3377 659 3428 antemnarum
671 3375 724 3427 tide
737 3375 829 3428 etele-
864 3377 908 3429 vel
933 3377 1029 3428 mimas
1052 3375 1146 3438 (Coun.
1165 3375 1220 3438 Cn.)
1244 3372 1394 3425 cantilenas

303 3450 391 3513 gantia
403 3447 521 3499 claruit.»
534 3450 618 3500 Coun.
632 3451 711 3508 Caco.
725 3452 755 3501 C.
766 3452 829 3502 Fur·
865 3453 1007 3514 docentes,
1034 3463 1087 3514 que
1112 3451 1139 3500 in
1161 3447 1253 3500 schola
1275 3449 1393 3500 invicem

303 3523 363 3574 nius
375 3536 399 3573 a.
410 3536 437 3572 u.
447 3523 504 3573 725.
515 3521 609 3573 consul
620 3524 748 3574 sulieclus
760 3528 827 3588 erat,
866 3526 973 3578 delicias
990 3523 1125 3577 iaciebant
1141 3526 1169 3574 et
1180 3524 1299 3587 maghtri
1310 3525 1338 3573 el
1350 3523 1393 3574 di-

304 3599 432 3649 enitente
450 3599 550 3648 Seneca
572 3597 606 3648 de
625 3599 717 3649 Benel.
734 3600 764 3661 2,
784 3601 826 3652 25.
865 3599 992 3666 scipulae.
1021 3601 1061 3650 De
1083 3597 1133 3650 alia
1155 3595 1267 3666 dsioytqa
1286 3596 1392 3648 subob-

303 3673 459 3724 Antouiones
470 3677 559 3735 portes
571 3677 654 3723 secedo
665 3673 737 3738 apud
749 3675 829 3725 Octa·
865 3687 978 3736 scoena,
1005 3687 1057 3737 qua
1080 3671 1225 3738 discipulos
1247 3671 1394 3736 discipules

303 3749 414 3799 vianum
444 3749 545 3798 vetum
574 3748 718 3811 inpetravit
749 3748 827 3801 lilius.
866 3750 974 3811 dixerit,
1003 3747 1131 3813 equidem
1155 3746 1237 3799 nolim
1262 3748 1391 3809 cogitare.

304 3825 376 3875 luter
392 3824 443 3873 hos
460 3823 560 3874 lioratii
577 3823 678 3874 amicos
694 3823 830 3875 desidera·
866 3823 1072 3887 «Diaeipulemen
1101 3823 1118 3873 i.
1146 3835 1171 3873 e.
1197 3823 1392 3886 ingenuarum,

305 3909 366 3948 mus
382 3896 515 3950 Tibullum
532 3900 560 3949 et
576 3899 759 3963 Propertium:
785 3899 828 3950 hic
866 3899 927 3964 quia
939 3900 992 3950 hoc
1002 3900 1125 3962 tempore
1137 3897 1284 3948 maximum
1297 3907 1393 3946 earum

305 3974 396 4022 tamen
430 3985 567 4037 nunquam
601 3973 659 4024 eius
695 3972 829 4026 lumiliaris
866 3974 985 4025 studium
1019 3972 1068 4023 luit
1101 3971 1243 4022 affectandi
1278 3969 1394 4034 lyricam

305 4045 522 4108 succendetur,
547 4045 621 4099 iilum
639 4061 663 4098 a.
682 4060 709 4098 u.
728 4061 752 4098 c.
770 4047 827 4100 iat.
867 4048 1015 4113 (musicam)
1040 4045 1233 4111 disciplinam.»
1265 4047 1328 4096 Aca.
1354 4045 1394 4096 hc

305 4118 426 4170 nondum
443 4124 563 4173 noverat.
584 4149 610 4161 -
630 4124 830 4186 nampros-
867 4135 932 4173 sane
950 4121 1063 4172 laminae
1080 4122 1230 4181 Romanae,
1248 4119 1394 4170 ebemnc-

306 4193 381 4258 teres]
400 4193 550 4259 «consulto,
574 4210 627 4248 nen
647 4211 697 4264 per
717 4196 831 4248 oblivio-
868 4195 949 4258 biles,
967 4197 1078 4248 musicis
1095 4205 1207 4259 operam
1223 4193 1336 4255 dabant,
1362 4195 1394 4246 nt

307 4279 396 4320 neni.»
425 4269 579 4334 hddithoc,
595 4285 629 4325 ne
642 4274 743 4338 quisse
754 4285 832 4339 prae·
868 4271 1026 4337 sempronia
1051 4269 1094 4324 illa
1119 4266 1322 4340 salustiicatil.
1340 4267 1391 4320 25:
