3130 4966
272 417 313 482 44)
467 453 470 458 ,
652 419 782 474 uouarn
798 419 979 470 sarratauu

314 582 492 646 Demoveat
514 579 619 658 lucro,
644 597 751 666 neque
772 579 891 658 hiems,
917 579 1012 668 ignia,
1037 601 1140 656 mare,
1166 579 1314 658 serrum,

314 701 363 767 Nil
386 702 492 768 obstet
512 701 584 778 tibi,
608 702 686 768 dum
707 721 748 768 ne
771 701 812 767 sit
833 711 865 768 te
887 702 983 768 ditior
1004 701 1093 769 alter.
1330 708 1375 774 tc

316 822 401 903 Quid
425 823 511 889 iuvat
532 824 724 890 immensum
748 833 778 890 te
801 825 924 911 argenti
946 824 1076 912 pondus
1098 836 1131 892 et
1152 827 1222 892 auri

316 945 435 1010 Furtim
458 943 591 1011 delossa
612 945 757 1011 timidum
780 945 946 1033 deponere
968 947 1078 1014 terra?

316 1068 411 1147 Quod
434 1067 468 1132 si
484 1067 698 1144 comminuas,
721 1067 818 1134 vilem
841 1068 1006 1156 redigatur
1027 1069 1069 1137 ad
1091 1091 1207 1138 assem.

316 1189 368 1266 At,
392 1189 424 1253 ni
447 1188 481 1254 id
501 1189 550 1265 lit,
574 1189 652 1276 quid
679 1189 778 1258 habet
798 1189 923 1278 pulchri
946 1201 1149 1260 constructus
1170 1195 1345 1264 acervus?

317 1310 402 1377 llilia
423 1311 571 1378 frumenti
595 1321 649 1378 tua
670 1312 794 1379 triverit
815 1334 892 1380 arca
915 1323 1062 1390 centum,
1331 1323 1375 1386 45

316 1435 386 1499 Non
409 1442 482 1500 tuus
497 1431 560 1499 hoo
582 1435 688 1520 capiet
708 1444 821 1501 venter
841 1433 915 1522 plus
938 1456 975 1502 ac
997 1457 1105 1516 meus;
1129 1448 1164 1504 ut
1185 1441 1212 1506 si

340 1595 380 1644 39.
408 1594 541 1645 Dimoueat
561 1595 596 1644 Sd
614 1596 677 1658 (non
696 1597 789 1661 Bbcp).
809 1625 837 1635 -
856 1615 901 1650 nec
922 1597 999 1654 tiens
1021 1599 1105 1652 Bentl.
1126 1628 1154 1637 -
1173 1601 1213 1652 40.
1232 1605 1267 1652 ait
1291 1605 1340 1654 tttt

307 1683 347 1734 pr.
367 1670 393 1719 S.
414 1697 441 1707 -
460 1670 502 1721 43.
522 1672 614 1733 Quodsi
630 1672 703 1721 lehn.
725 1699 752 1708 -
772 1673 812 1724 46.
825 1675 864 1740 ac]
883 1691 959 1739 qaam
976 1679 1084 1740 notet.
1105 1681 1144 1742 (Ut
1160 1693 1222 1742 uos,
1241 1680 1335 1746 osup,

308 1745 362 1796 duo
383 1746 551 1808 Bersmanni,
577 1745 616 1807 βκ
634 1749 677 1798 aet
697 1751 758 1799 octo
775 1754 914 1813 praeterea
933 1751 1011 1817 aliia)

278 1913 304 1921 —
323 1886 401 1949 ipsis,
427 1899 512 1949 mare.
537 1888 643 1954 ferrem]
662 1891 708 1940 Est
730 1893 800 1941 tam·
837 1894 867 1954 8,
887 1892 931 1944 li:
957 1895 1034 1956 thue
1048 1895 1103 1957 tupi
1119 1894 1375 1948 barbem--Abdi·

276 1972 358 2022 quam
375 1961 563 2024 proverbium,
590 1967 620 2013 ut
642 1965 694 2014 sat.
716 1967 743 2027 4,
770 1965 798 2027 4,
837 1970 1018 2032 derintsartim
1029 1971 1227 2030 mecedem
1238 1974 1373 2024 cautione

275 2035 546 2098 ee.Epp.t,t,tt.
583 2037 798 2100 oa.3‚at‚36.
837 2047 952 2095 utentes
989 2047 1019 2096 V.
1036 2047 1129 2096 autem
1154 2049 1373 2109 deponeremus

276 2111 350 2162 ovid.
364 2113 424 2162 Met.
438 2112 468 2172 8,
488 2113 534 2163 76:
553 2115 590 2164 ire
604 2117 742 2180 peripetes,
754 2120 801 2167 Per
838 2119 964 2170 delinitur
981 2121 1112 2171 adiectivo
1130 2123 1252 2172 timidten.

275 2185 373 2248 alodios
389 2187 479 2236 44444444.
515 2187 621 2252 Eupolis
633 2201 675 2252 ap.
686 2192 798 2241 Meinelt.
870 2194 959 2246 ta-ta.
979 2197 1051 2256 Quod
1066 2197 1161 2260 sicet]
1174 2199 1223 2247 «at
1233 2198 1256 2247 si
1269 2199 1298 2248 id
1310 2201 1373 2250 auri

277 2261 317 2309 Fr.
338 2260 413 2308 Com.
432 2261 464 2310 11.
483 2263 509 2325 p.
528 2261 585 2312 tet.
619 2264 674 2326 (Ed.
688 2267 753 2315 min.
771 2279 799 2330 p.
838 2269 952 2334 pondus,
970 2271 1172 2332 inquitavarus‚
1186 2275 1372 2336 expendendo

277 2339 344 2402 485.)
362 2339 396 2390 de
416 2340 567 2394 adulatore:
592 2339 632 2396 ot
650 2341 715 2417 erip,
734 2341 801 2398 οὐδὲ
839 2346 965 2404 minuam,
985 2343 1112 2408 paulatim
1128 2359 1215 2409 usque
1227 2347 1262 2397 ad
1273 2363 1372 2401 assem

277 2412 405 2486 σίδηρος,
421 2411 488 2468 οὐδὲ
499 2415 608 2483 χαλκὸς
619 2415 747 2494 ἀπείργει
758 2419 800 2489 μὴ
839 2423 1012 2470 consumetur
1029 2419 1152 2484 adeoque
1170 2434 1271 2484 egenus
1283 2427 1371 2488 atque

277 2487 577 2557 φοιτᾴνέπὶδεῑπνον.
597 2497 686 2561 Eurip.
701 2499 800 2550 Phaon.
839 2496 915 2558 inops
944 2493 1038 2543 tiam.»
1084 2496 1238 2559 Respondet
1264 2501 1369 2560 poeta:

277 2567 340 2615 att:
358 2563 438 2637 Πρὸς
454 2563 592 2620 ταῦτ’ῗτω
606 2570 661 2636 μὲν
673 2571 738 2644 πῦρ,
752 2572 801 2623 ἴτω
840 2569 956 2619 «Verum
981 2569 1030 2618 nisi
1055 2570 1082 2619 in
1108 2571 1276 2621 necessarios
1301 2586 1371 2624 usus

277 2639 308 2691 44
332 2633 479 2710 φάσγαιὶα.
506 2669 533 2680 -
557 2647 629 2713 atter]
655 2652 685 2700 ut
709 2651 802 2700 Graeci
840 2644 912 2710 quod
929 2657 997 2707 opus
1015 2645 1057 2694 est
1076 2657 1182 2707 erogas,
1207 2645 1272 2708 quid
1295 2650 1370 2698 cet.»

278 2712 295 2767 ὁ
308 2715 444 2783 πλησίον,
465 2722 633 2787 aquicunque
651 2726 697 2776 tibi
715 2728 803 2790 proxi·
839 2720 906 2774 itale
918 2720 961 2770 alii
973 2720 1073 2782 (leodii,
1087 2720 1151 2770 Cod.
1165 2721 1320 2772 llauuover.
1335 2737 1371 2773 ax

278 2806 338 2843 mus
356 2795 398 2844 est
414 2799 442 2844 et
458 2809 575 2859 quocum
593 2802 619 2850 te
634 2815 801 2866 comparas.»
839 2795 1042 2860 interpolatione
1056 2797 1123 2846 Nem
1139 2797 1169 2846 si.
1185 2821 1212 2832 -
1225 2797 1301 2848 Milia
1313 2811 1373 2848 cen-
1393 2845 1396 2848 .

279 2868 354 2919 Cani.
373 2870 408 2920 ad
425 2872 490 2935 Epp.
504 2875 533 2935 4,
552 2876 580 2934 6,
599 2877 640 2926 32.
839 2872 899 2936 tem]
918 2871 1046 2922 modium.
1063 2895 1091 2907 -
1107 2871 1213 2936 triverit]
1233 2873 1304 2936 virg.
1320 2877 1368 2924 Ge.

311 2943 352 2994 tt.
371 2945 412 2996 44.
441 2949 506 3010 Quid
525 2950 674 3014 idumaei]
693 2953 741 3001 att
759 2950 802 3004 illa
841 2949 867 3009 4,
886 2947 948 2996 4984
975 2947 1007 2996 lit
1022 2947 1104 2996 utedio
1125 2951 1202 2996 tostas
1221 2952 1293 2998 aestu
1311 2950 1372 2999 terit

278 3020 395 3083 sapiens,
413 3026 442 3072 ut
460 3026 509 3085 est,
528 3037 577 3075 suo
590 3028 711 3090 tempore
722 3027 804 3077 utitur
840 3025 1007 3088 ereafmtpes.
1036 3021 1130 3073 Tibull.
1144 3024 1172 3084 t,
1186 3025 1214 3084 t,
1233 3025 1280 3074 22:
1299 3027 1371 3076 Area

279 3097 340 3145 ante
366 3099 506 3160 quaesitis,
537 3113 599 3152 cum
625 3105 653 3151 tu
680 3115 745 3161 non,
775 3105 805 3153 ut
840 3102 901 3151 dem
916 3112 1005 3150 messes
1020 3099 1070 3150 sole
1085 3099 1181 3149 calente
1199 3104 1269 3150 teret.
1300 3103 1369 3151 Pro-

279 3185 365 3236 aeque
373 3175 508 3237 sapienter
516 3177 599 3240 partis
607 3176 712 3237 fruaris,
723 3190 805 3240 quae-
841 3175 897 3239 prie
915 3175 1005 3238 fruges
1023 3176 1145 3224 teruntur
1161 3173 1188 3223 iu
1199 3187 1262 3224 area
1276 3172 1369 3227 bobus

279 3248 331 3300 stui
343 3263 454 3313 operam
466 3251 528 3312 des,
547 3253 596 3302 sed
608 3252 803 3314 tantummodo,
840 3247 883 3298 vel
896 3250 972 3312 equis
981 3248 1015 3297 ad
1024 3247 1149 3298 tribulam
1161 3248 1300 3298 trahamve
1309 3251 1370 3300 iun-

279 3329 310 3375 ut
324 3323 385 3388 plus
397 3325 499 3376 habeas
511 3339 593 3388 quam
605 3328 688 3376 ceteri
699 3339 802 3376 omnes.
841 3324 899 3373 ctis.
911 3323 963 3372 Cir.
975 3323 1058 3371 Varro
1070 3323 1120 3372 4444.
1132 3322 1157 3382 4,
1168 3321 1207 3381 43,
1218 3324 1243 3372 t.
1262 3323 1369 3374 Seneca

281 3401 392 3458 Verum,
412 3413 523 3462 quaeso,
537 3401 600 3462 quid
613 3403 638 3450 te
651 3401 722 3450 iuvat
733 3400 802 3448 cet.»
840 3397 898 3446 Nat.
908 3396 1286 3456 praestitas-ceterum
1296 3398 1367 3450 male

281 3500 309 3510 -
327 3474 426 3524 Furtim
448 3475 552 3540 defossa]
576 3476 616 3525 ein
637 3473 803 3524 altitudinem
840 3469 903 3520 olim
919 3469 986 3520 tales
1003 3471 1205 3530 enuntiationes,
1223 3472 1249 3522 in
1267 3474 1367 3536 quibas

279 3549 348 3600 clam
363 3551 469 3612 effossa,
483 3555 635 3602 44444444.»
669 3551 740 3613 virg.
755 3552 801 3600 Ge.
841 3546 932 3596 Graeci
944 3547 1056 3596 utuntur
1065 3545 1206 3596 indicativo
1218 3547 1364 3610 (Demosth.

279 3625 307 3687 3,
327 3625 390 3675 376:
409 3628 459 3690 Ipsi
475 3629 502 3677 4η
518 3627 619 3690 defossis
634 3625 754 3689 specubus
764 3637 804 3675 se·
840 3619 945 3683 01444441·
965 3619 994 3682 3,
1015 3620 1060 3671 ⁴8:
1086 3621 1136 3672 καὶ
1159 3619 1212 3673 νῦν
1233 3617 1269 3675 οὔ
1290 3621 1365 3691 λέγει

278 3701 399 3751 curuato
411 3702 465 3752 alta
476 3703 534 3752 Otia
544 3707 712 3765 apientiam.
736 3698 801 3750 Plin.
839 3709 883 3759 τις
899 3691 936 3746 τὰ
951 3693 1101 3756 βέλτιστα·
1126 3691 1257 3761 ἀναστὰς
1276 3692 1366 3764 ἄλλος

278 3777 345 3841 Epp.
365 3777 409 3838 40,
428 3776 473 3828 ld:
497 3775 707 3838 Claudiopolitani
718 3801 730 3811 -
740 3774 804 3824 -t'a-
841 3767 946 3822 εἰπάτω
958 3769 1039 3836 nt),
1053 3786 1102 3837 pro
1116 3775 1366 3838 interrogationibus

279 3863 339 3916 pena
350 3851 474 3902 balineum
486 3852 612 3916 defodiunt
622 3852 713 3914 mepte,
726 3862 804 3911 quam
841 3847 986 3899 habebant.
1019 3849 1073 3899 Cir.
1093 3849 1228 3900 Heindorf.
1247 3846 1281 3900 ad
1300 3851 1326 3902 h.
1347 3850 1364 3901 l.

280 3927 422 3990 aedificarat.
445 3925 503 3977 Noli
520 3927 643 3990 iungere:
661 3926 751 3990 furtim
765 3925 806 3974 de·
842 3927 869 3974 et
892 3923 1024 3973 l'ritzsche
1048 3923 1082 3973 ad
1104 3924 1238 3988 Aristoplr.
1257 3925 1364 3978 Thesm.

278 4015 382 4066 ponere,
410 4001 436 4052 id
459 4001 532 4065 quod
550 4003 621 4052 vetat
643 4003 724 4052 etiam
745 4012 805 4050 ver·
842 4011 868 4063 p.
882 3996 922 4048 te.
942 3998 1014 4048 trane
1031 3999 1118 4062 ipsum
1135 3997 1224 4050 locum
1236 3999 1364 4050 atterens:

281 4091 327 4129 sus
344 4089 469 4138 caesura;
491 4077 580 4140 fartim
597 4079 687 4128 autern
705 4075 805 4138 signiti-
843 4071 961 4123 «Clarius
978 4072 1137 4133 honorem,
1157 4085 1238 4135 quam
1257 4074 1364 4132 Graeci.

282 4155 337 4205 eat:
362 4155 527 4216 «renuentem,
546 4167 580 4203 ne
597 4155 656 4217 quis
674 4153 740 4204 lorte
758 4163 805 4202 su·
843 4147 925 4198 satim
937 4147 1073 4196 docebunt
1084 4148 1242 4211 scriptorem
1256 4148 1282 4198 nt
1294 4149 1365 4200 euim

282 4231 486 4294 perventanste,
500 4228 564 4279 darn
577 4227 689 4290 defodis,
702 4225 806 4289 conspi·
842 4221 991 4286 simplicem
1018 4226 1122 4286 ponunt
1151 4223 1363 4280 coniuncturum,

281 4307 358 4366 4444»,
382 4305 460 4370 plane
478 4309 507 4358 ot
528 4317 607 4370 sagae
624 4304 683 4356 illae
701 4306 753 4355 Sat.
773 4305 803 4360 4,
842 4295 972 4364 0444ὓῖ04448
995 4300 1124 4362 4414140044,
1148 4313 1201 4352 1¹⁰ss
1221 4298 1365 4351 *timisti-⁹
