3090 4974
291 425 353 494 652
650 426 777 477 aonaru
796 423 1016 486 anrsrontnun

334 584 459 653 Decisis
482 580 634 650 humilem
655 582 769 670 pennis
792 582 987 668 inopemque
1010 578 1134 666 paterni
1335 578 1373 640 tto

333 707 372 774 Et
392 705 469 772 laris
490 714 523 772 et
543 702 632 771 fundi
654 713 828 792 paupertas
852 701 976 789 impulit
997 699 1118 778 audax,

333 829 373 898 Ut
393 848 508 895 versus
529 826 686 906 tacerem
709 825 784 904 sed,
808 823 898 912 quod
919 843 984 889 non
1006 821 1104 900 desit,
1130 819 1301 888 habentem

333 953 425 1032 Quae
447 957 598 1038 poterunt
618 967 762 1035 unquam
784 946 861 1013 satis
883 964 1064 1032 expurgare
1086 943 1226 1020 cicutae,

244 1123 247 1130 ·
332 1073 370 1140 Ni
393 1071 507 1139 melius
529 1071 671 1138 dormire
693 1079 803 1157 putem
825 1087 924 1154 quam
945 1064 1090 1133 seribere
1111 1065 1249 1134 versus‘l

355 1243 396 1294 53.
423 1254 572 1306 aopopatora
597 1253 628 1290 ex
653 1252 707 1290 uno
732 1238 891 1290 Bersmanni
913 1235 1133 1300 Cuninghamius,
1162 1238 1190 1288 at
1216 1235 1289 1287 sind
1312 1251 1343 1288 ac

324 1317 451 1368 Schmidii
467 1317 588 1380 quartus.

293 1483 320 1495 -
338 1457 434 1509 Danista
448 1483 464 1494 -
476 1455 574 1520 pannis]
592 1455 646 1506 Cio.
660 1453 694 1505 ad
711 1455 763 1506 itt.
780 1453 811 1514 i,
850 1463 939 1503 sousa.
957 1449 1147 1514 prinianas,
1159 1451 1256 1514 tata:
1275 1452 1375 1504 Cimona

290 1533 319 1595 2,
337 1535 366 1583 o:
395 1532 470 1582 iidem
493 1531 544 1592 itii,
571 1531 614 1593 oui
637 1529 699 1580 miti
722 1529 814 1592 pinnas
849 1527 1250 1591 miotetsotiisrasrtgsrotorto
1264 1530 1311 1579 oia.
1330 1555 1375 1568 ·-

290 1608 441 1666 iiddmont,
468 1605 556 1656 notorii
581 1605 679 1654 eusdem
703 1605 811 1654 renosci.
849 1601 890 1652 Fit
905 1615 939 1652 aa
955 1614 984 1652 oo
1004 1603 1039 1652 od
1058 1603 1262 1666 repigmondwe
1280 1610 1374 1656 mmin-

289 1682 375 1732 Etiam
391 1682 418 1731 ln.
431 1679 448 1731 l.
463 1679 547 1730 Codd.
561 1678 660 1744 aliquot
677 1680 744 1729 i'eae
752 1679 814 1741 pto-
850 1676 923 1726 ctum
938 1677 1077 1740 motoputo.
1090 1703 1105 1714 -
1115 1703 1131 1715 ·
1141 1677 1213 1727 Folio
1229 1692 1327 1748 meque
1338 1685 1375 1730 to·

288 1757 336 1808 nis.
355 1781 385 1793 -
403 1756 437 1805 Et
452 1755 515 1806 toria
531 1759 555 1804 ot
570 1754 651 1818 pandi]
670 1754 737 1804 Cum
753 1755 814 1817 post
849 1764 945 1802 morea
962 1763 1058 1802 namen
1075 1751 1266 1814 determinasset
1277 1755 1376 1816 epipho-

290 1830 424 1881 Octaviani
441 1832 469 1880 et
487 1831 591 1880 Antonii
608 1829 746 1880 victoriam
763 1829 813 1878 ho-
849 1827 1005 1876 rossanam.
1033 1826 1140 1877 Persius
1157 1828 1185 1887 5,
1206 1826 1266 1878 tlt:
1293 1829 1375 1880 calido

290 1917 350 1955 rum
367 1907 501 1956 veteranis
518 1905 574 1968 agri
599 1905 811 1968 assignarentur,
850 1900 894 1950 ml>
912 1906 1012 1963 pectore
1028 1901 1143 1952 tomento
1164 1901 1220 1952 otte
1240 1904 1372 1966 tuomet,

289 1980 346 2043 ipse
364 1992 472 2043 quoque
493 1983 635 2044 paternum
657 1978 769 2029 fundum
786 1980 814 2028 et
850 1989 927 2038 otiam
942 1989 993 2025 oon
1009 1976 1159 2026 sustinuerit
1174 1989 1242 2026 omo
1261 1979 1372 2042 mutae,

289 2052 400 2104 domum
418 2054 520 2114 amisit,
539 2057 569 2103 ut
585 2067 618 2104 er
630 2055 705 2117 parte
717 2051 813 2104 saltem
850 2051 885 2100 ad
902 2062 984 2114 quem
1001 2048 1090 2100 locum
1108 2049 1264 2103 Scholiasta:
1288 2053 1375 2104 ctam

289 2127 369 2178 etiem
386 2127 507 2192 Virgilius
524 2130 552 2178 et
568 2126 694 2178 Tibullus.
710 2153 737 2164 -
747 2142 814 2190 ραν·
849 2126 960 2176 colorem
973 2125 1003 2174 to
1018 2125 1088 2176 onds
1102 2126 1207 2189 frigoris
1222 2128 1262 2176 sui
1277 2129 1303 2177 ut
1326 2143 1374 2180 ao·

286 2207 373 2265 portos
399 2201 505 2265 impulit]
535 2202 636 2252 ironica
664 2201 813 2265 hyperbole
849 2201 966 2264 atingott,
992 2200 1097 2261 tdeogoo
1119 2203 1258 2252 sacerdotes
1278 2204 1376 2254 Cereris

288 2289 354 2328 usus
371 2276 434 2326 dicit
454 2289 483 2327 se
506 2277 599 2340 primis
617 2277 672 2326 suia
689 2275 812 2326 versibus
850 2275 991 2326 Eleusinios
1006 2275 1052 2325 too
1068 2275 1272 2340 tipooitsgmers
1280 2292 1376 2342 angam

290 2351 385 2414 (satiris
402 2353 430 2400 et
452 2349 554 2413 epodis)
573 2349 676 2400 civibus
693 2352 748 2402 suis
769 2351 812 2400 in·
850 2351 957 2411 bomar,
983 2355 1012 2399 ut
1028 2363 1046 2398 a
1062 2349 1193 2402 ementito
1216 2365 1241 2402 aa
1265 2353 1375 2404 waliae

288 2427 429 2474 notescere
447 2422 625 2486 omnibusque
643 2423 813 2475 demonstra·
849 2429 912 2474 rent.
943 2427 1055 2475 Prorsus
1077 2427 1167 2476 autem
1188 2439 1316 2490 perversa
1335 2429 1375 2480 ast

288 2511 318 2548 re
341 2497 471 2559 voluisse,
495 2498 581 2548 maius
604 2498 655 2548 sibi
677 2499 813 2562 ingenium
849 2500 965 2549 varietas
981 2511 1141 2562 expugnes,
1169 2513 1203 2550 ex
1227 2513 1303 2552 mero
1331 2516 1375 2554 er-

289 2585 364 2633 asse,
384 2584 465 2636 quam
482 2574 512 2621 ut
527 2573 554 2623 in
571 2573 671 2637 scriptu
690 2577 814 2638 quaesto-
850 2587 911 2624 rore
924 2575 990 2624 orta.
1020 2574 1060 2625 Ci.
1074 2575 1127 2624 Sat.
1140 2575 1169 2633 2,
1182 2573 1211 2635 3,
1229 2575 1275 2625 27:
1293 2577 1376 2626 miror

288 2647 341 2707 rio,
359 2659 443 2709 quem
458 2646 701 2711 sibinompararat,
720 2661 813 2699 conse·
849 2649 930 2700 morbi
942 2653 1083 2712 purgatum
1099 2654 1122 2699 ta
1137 2649 1212 2699 torm.
1232 2677 1260 2686 -
1278 2649 1375 2716 Singu-

288 2722 421 2772 nesceret.
449 2720 544 2772 Procul
561 2721 643 2772 dubio
655 2725 745 2773 autem
757 2725 813 2786 pri·
849 2725 876 2774 to
886 2724 949 2786 eet]
962 2725 1089 2787 «insuper
1104 2723 1291 2788 progrediente
1303 2739 1375 2778 aem·

288 2796 340 2847 mis
356 2794 405 2846 illis
425 2798 555 2860 poematis
572 2797 669 2860 Virgilii
687 2798 811 2862 variique
849 2800 996 2864 perastate
1014 2796 1162 2861 languidior
1172 2811 1280 2862 quoque
1292 2801 1328 2852 tio
1340 2801 1374 2852 ad

289 2869 492 2922 familiaritatem
510 2871 561 2922 sibi
579 2871 741 2934 conciliavit,
766 2875 811 2937 qui
849 2875 946 2938 scripta
969 2871 1157 2924 elaboranda.»
1186 2875 1257 2925 inest
1283 2875 1308 2924 in
1333 2877 1374 2928 his

289 2958 351 2996 eum
361 2947 506 2998 Maecenati
516 2947 740 2998 commendarunt
749 2950 809 3010 (Sat.
848 2949 979 3000 maestitia
989 2949 1121 3012 quaedam
1131 2950 1198 3000 mire
1206 2951 1296 3002 tamen
1308 2954 1375 3004 mix-

289 3021 360 3081 t,6‚
374 3021 435 3082 ddi,
454 3020 697 3072 cuiusliberalitate
711 3035 812 3072 acmu·
849 3027 875 3074 ta
892 3037 956 3074 cum
976 3025 1067 3074 nescio
1090 3035 1143 3086 qua
1167 3025 1263 3083 ironia;
1291 3029 1373 3090 atque

288 3095 420 3144 niiioentia
438 3096 521 3159 ipsius
534 3096 653 3146 condicio
671 3095 765 3146 metior
776 3097 812 3147 ia·
849 3096 914 3149 tales
932 3111 994 3150 oum
1006 3099 1152 3148 etiamtunc
1164 3098 1289 3163 epistolas
1300 3114 1375 3152 oom-

288 3172 330 3220 ota
348 3172 396 3220 eat.
426 3171 533 3222 Minime
545 3185 623 3232 vero,
643 3173 672 3221 ut
683 3169 760 3234 volgo
771 3173 809 3232 itt,
847 3174 973 3237 poneret,
993 3172 1027 3222 de
1043 3171 1134 3235 lyricis
1152 3173 1315 3226 carminibus
1326 3189 1374 3240 po-
1409 3183 1413 3190 ’

287 3243 487 3308 intelligendum
513 3247 555 3297 est
581 3246 616 3296 de
641 3247 768 3297 mercada
794 3261 809 3298 a
847 3247 980 3298 tissimum
1002 3247 1133 3310 cogitavit.
1155 3273 1179 3285 -
1203 3249 1372 3315 praedantur]

288 3321 378 3372 nescio
396 3334 450 3383 quo
467 3333 516 3385 pro
534 3320 627 3385 primis
643 3320 692 3372 illia
713 3324 811 3373 carmi-
848 3321 1024 3387 Pseudoplato
1042 3323 1163 3387 Epinom
1174 3324 1231 3374 976.
1244 3329 1279 3376 A:
1293 3320 1373 3376 ὅσων

287 3395 366 3448 nibus
383 3398 470 3460 capta.
847 3387 921 3470 ὦρω
932 3425 947 3435 -
957 3429 973 3438 -
984 3395 1128 3463 ληΐζονται
1143 3392 1198 3463 τὴν
1213 3395 1271 3448 τῶν
1292 3397 1373 3462 ζώων

319 3469 407 3520 tta-nt.
436 3471 567 3531 quoduam
584 3471 655 3533 desit,
672 3471 808 3535 tuanen]
847 3469 946 3535 φύσιν.
972 3501 999 3508 -
1024 3470 1115 3535 namtas]
1142 3472 1189 3522 0d.
1211 3473 1242 3533 2,
1270 3473 1315 3534 tt,
1341 3477 1370 3526 δε

287 3545 448 3608 «Postquam
465 3544 567 3604 nabeo.
593 3545 665 3608 quod
683 3547 748 3596 milri
765 3559 810 3598 sa·
848 3552 967 3610 quotquot
988 3552 1046 3597 mot
1067 3547 1126 3596 dios.
1156 3545 1205 3596 Od.
1227 3546 1257 3606 t,
1284 3549 1313 3607 5,
1341 3549 1370 3598 7:

287 3619 320 3670 tis
337 3619 372 3669 sit
387 3618 514 3681 quodque
527 3619 623 3670 deesse
641 3634 694 3671 non
712 3620 811 3672 debeat
847 3622 946 3685 gratior
962 3621 982 3669 it
998 3621 1057 3671 dies.
1085 3619 1160 3671 ovid.
1179 3622 1209 3670 Α.
1227 3624 1258 3671 A.
1275 3621 1304 3683 3,
1324 3623 1368 3674 62:

287 3694 321 3746 ad
333 3695 414 3744 vitam
426 3693 567 3744 commode
579 3695 741 3758 degendam,
755 3700 809 3748 tam
846 3697 951 3746 ludite:
980 3699 1061 3746 suot
1088 3695 1150 3744 mant
1177 3708 1246 3745 mora
1273 3697 1373 3760 itemtts

286 3769 396 3821 insanus
413 3781 515 3830 essem,
539 3771 562 3819 si
578 3769 698 3821 scribere
716 3783 810 3820 versus
847 3783 937 3834 oquae.
956 3769 1003 3833 (toa
1019 3766 1230 3822 oriosootodores.
1249 3772 1371 3834 Burgus}

286 3841 394 3894 mallem
411 3855 492 3906 quarn
510 3843 619 3894 indiam
632 3844 762 3904 dormire,
782 3846 811 3894 ut
851 3873 876 3883 -
899 3845 1055 3910 satorem]
1078 3847 1175 3896 «invito
1197 3846 1291 3906 mihip»
1317 3859 1372 3909 qno

287 3919 457 3982 minutumvis
474 3918 577 3968 cicutae
594 3931 730 3982 nunqnam
746 3931 810 3982 pos-
847 3920 931 3972 verbo
948 3919 1078 3982 significat
1093 3933 1122 3970 se
1140 3917 1223 3970 multo
1236 3922 1320 3984 magis
1330 3935 1373 3972 re-

286 3994 329 4044 set
344 3992 408 4042 satis
426 4005 469 4043 me
481 4006 638 4057 expurgare,
657 3995 760 4044 aestum
773 3993 811 4044 te-
847 3995 931 4045 tinare
950 4007 1048 4058 cupere
1071 3991 1223 4044 facultatem
1240 3996 1372 4057 poetieam

286 4065 382 4116 brilem
405 4067 591 4130 refrigerarem
621 4081 683 4118 nam
700 4071 809 4118 auotore
847 4083 928 4133 quam
954 4074 1037 4118 cetero
1061 4068 1160 4118 todtera
1182 4069 1260 4132 (Epp.
1284 4070 1312 4130 t,
1341 4070 1369 4126 t.

287 4139 365 4192 Celso
381 4143 411 4201 n,
430 4143 470 4192 ⁴5.
489 4156 552 4194 eum
569 4141 625 4194 aliis
642 4141 731 4194 multis
752 4144 809 4206 (ve-
847 4144 897 4205 td.)
910 4142 990 4206 idque
1002 4143 1090 4206 ipsum
1101 4143 1232 4206 signifieat
1243 4143 1308 4194 scita
1319 4144 1372 4193 han

286 4214 325 4266 lut
340 4229 403 4265 aare
426 4216 581 4277 combusto,
609 4219 748 4282 papaveris
769 4217 809 4268 la·
847 4216 1015 4282 gradatione:
1039 4217 1177 4280 praeduri,
1195 4217 1304 4280 eripere,
1322 4229 1371 4266 aa·

287 4290 382 4350 omma,
401 4292 516 4354 sesamo)
534 4293 612 4342 modii
624 4293 810 4344 stomatasm
846 4297 973 4355 torquere,
991 4292 1136 4355 antfittrao,
1155 4293 1300 4354 mmmm,
1318 4295 1371 4342 ωι-
