3116 4968
283 461 356 530 ,ate
673 454 802 512 uouaru
819 451 1001 503 sarminuu

319 610 441 688 'Urore
463 627 496 683 et
519 623 629 702 gnat03
653 609 738 677 mala
760 608 858 675 multa
882 615 1033 695 precatus
1055 603 1189 680 Atridis,
1228 678 1231 682 ,

335 745 405 809 Non
428 737 480 805 ille
503 747 558 803 aut
579 737 737 801 Teucrum
760 741 815 798 aut
837 731 943 817 ipsum
969 727 1099 794 violavit
1121 724 1243 794 Ulixen.
1344 783 1348 797 ,

336 865 453 932 Verum
476 879 552 947 ego,
577 860 611 922 rit
632 855 802 922 haerentes
829 851 967 918 adverso
991 849 1084 915 litore
1107 867 1205 914 naves
1319 845 1381 910 aot

337 985 520 1072 Eriperem,
545 977 688 1067 prudens
710 975 835 1064 placavi
859 973 1015 1060 sanguine
1038 970 1140 1037 divos.

335 1109 457 1193 Nempe
480 1114 548 1179 tuo,
572 1100 702 1166 furiose.
748 1098 836 1174 Meo',
860 1093 919 1162 sed
941 1115 1005 1160 non
1027 1093 1178 1160 furiosus,

337 1229 400 1309 Oui
422 1225 550 1314 species
572 1221 652 1289 alias
672 1219 758 1287 veris
782 1217 981 1304 scelerisque
1005 1214 1141 1281 tumultu

337 1350 513 1418 Permixtas
537 1344 657 1431 capiet,
682 1349 861 1408 commotus
883 1337 1068 1415 habebitur,
1094 1345 1207 1422 atque,

360 1521 418 1572 403.
437 1525 497 1570 aeto
514 1517 559 1582 bp.
581 1543 609 1552 —
627 1515 685 1565 aot.
703 1511 776 1562 aacts
792 1523 815 1560 c.
837 1535 864 1545 -
888 1509 944 1560 207.
963 1507 1076 1572 sacioso?
1097 1509 1221 1558 Dtintzer.
1244 1533 1272 1542 -
1291 1505 1348 1556 208.

327 1599 394 1648 ocris
411 1594 476 1646 Cod.
494 1591 614 1644 Biandin.
628 1587 779 1651 antiquiss..
800 1584 864 1635 Cod.
878 1582 977 1634 Buslid.
992 1584 1114 1648 (uterque
1132 1595 1147 1632 e
1165 1579 1349 1644 correctione),

328 1671 444 1726 Pottierii
461 1669 526 1729 duo,
545 1663 734 1729 Porphyrionis
751 1660 800 1712 Ed.
819 1659 985 1723 princepsa.
1006 1657 1092 1720 4484,
1119 1655 1279 1708 Lambinus:
1297 1655 1352 1704 uer-i

328 1751 409 1813 bScp,
428 1745 543 1797 Pottierii
559 1741 698 1806 plerique,
726 1741 750 1797 t,
769 1732 916 1794 Bentleius,
943 1733 1002 1794 Fu,
1020 1745 1079 1781 vero
1096 1745 1129 1782 ex
1146 1731 1218 1781 varia
1236 1728 1350 1780 lectione

330 1823 435 1878 Codicis
453 1821 510 1871 Div.
534 1819 563 1868 C.
576 1842 612 1874 ,-
632 1814 689 1864 ult.
708 1809 844 1860 immeritos
860 1821 917 1858 com
940 1809 1005 1872 Sep:
1024 1807 1159 1857 manentes
1182 1807 1241 1855 dom
1256 1804 1350 1866 bx,Lt,

330 1915 387 1952 mam
403 1897 539 1949 immeritos
555 1891 650 1953 diac,
669 1885 764 1946 Beati,
784 1885 851 1935 Fut.
865 1910 894 1919 -
913 1883 969 1932 uit.
985 1883 1020 1932 Ta
1032 1879 1281 1944 plodens-ditatos
1296 1891 1354 1929 esan

331 1976 442 2028 admittis
458 1969 591 2023 Bentleius
608 1966 676 2018 coni.
708 1964 783 2026 (aPro
800 1957 911 2009 admittis
927 1956 1071 2020 Cruquiani
1087 1954 1187 2020 plures,
1205 1967 1275 2005 unus
1291 1950 1354 2003 Pul-

331 2052 421 2103 manni
446 2050 474 2099 et
498 2047 552 2096 duo
577 2043 659 2094 nostri
681 2037 821 2090 conmittis.
848 2031 891 2095 id,
918 2031 1020 2096 opinor,
1044 2034 1132 2080 ortum
1156 2032 1197 2080 est
1219 2043 1252 2078 ex
1269 2029 1353 2078 veteri

298 2175 407 2228 licuisse.
421 2167 494 2220 ovid.
503 2162 693 2222 Metam.8,7tt
704 2175 709 2208 :
720 2161 776 2209 Noa
785 2162 824 2207 ta·
893 2151 951 2203 208.
969 2151 1026 2202 209.
1044 2152 1135 2213 spectes
1146 2148 1295 2213 dioscoris]
1308 2159 1388 2212 «spe—

298 2264 355 2300 mea
366 2247 459 2296 idcirco
469 2245 566 2306 [emam
579 2239 704 2298 ratpoto
712 2232 824 2283 idolis-
860 2230 929 2288 cies,
947 2228 1123 2288 φαντασίας,
1142 2226 1281 2289 opiniones
1296 2224 1388 2273 animo

298 2324 382 2376 ttaatt.
393 2348 419 2357 -
436 2316 526 2380 Uuore]
540 2328 579 2378 pr.
591 2309 753 2368 concubina,
773 2306 824 2357 Te·
861 2303 1020 2366 conceptas,
1041 2301 1303 2364 Varatettanpca,
1322 2298 1388 2349 alias

301 2380 822 2456 emessa-paolo]Eurysace-ipsam]
861 2377 964 2426 everis
981 2389 1012 2425 ac
1029 2377 1110 2445 rectis
1132 2372 1194 2437 (vel,
1218 2376 1249 2423 ut
1270 2371 1389 2422 habebut

301 2471 358 2524 uvel
374 2472 463 2535 ipsum
480 2464 594 2522 Ulixem,
619 2463 673 2510 tam
691 2458 741 2509 sibi
759 2468 824 2506 exo·
861 2451 940 2516 gloss.
950 2450 1014 2502 Cod.
1023 2447 1297 2512 Blandin.antiquiss.,
1310 2459 1390 2497 scon-

300 2561 387 2600 sum.»
399 2571 426 2580 -
442 2542 531 2591 Veram
542 2550 586 2601 ego
598 2533 659 2598 cet]
672 2530 825 2597 Respondet
861 2529 954 2578 troi-ias
971 2525 1110 2588 vertutis),
1129 2523 1207 2576 falsas
1219 2526 1246 2574 et
1263 2523 1389 2574 contusus

300 2628 472 2688 Agamemno.
485 2610 635 2674 -adoerso]
646 2610 719 2667 Sunt,
730 2606 775 2670 qui
788 2607 825 2655 in·
862 2615 894 2652 ea
912 2601 1008 2652 mentis
1028 2600 1169 2663 agitatione
1192 2601 1219 2649 et
1241 2595 1389 2648 conturba-

301 2694 482 2760 terpretentur
493 2687 621 2738 «infausto
639 2683 757 2744 mihique
774 2681 825 2730 ini·
861 2677 947 2738 tione,
966 2687 1034 2740 quae
1047 2673 1170 2725 tacihime
1184 2671 1226 2724 vel
1239 2672 1274 2723 ud
1285 2670 1389 2723 scelera

300 2773 370 2824 mico
387 2767 497 2833 propter
509 2763 534 2813 id
553 2762 654 2825 ipsum,
673 2755 746 2821 quod
758 2755 824 2804 irata
862 2748 1053 2802 committenda
1082 2761 1131 2799 nos
1159 2747 1282 2812 abripit.»
1323 2747 1390 2810 (lico

301 2842 433 2898 Dianasic
450 2837 558 2888 iubente
576 2845 659 2884 naves
675 2830 825 2882 incohae-
863 2827 935 2877 enim
965 2825 1031 2875 scita
1059 2821 1231 2886 brachylogia
1258 2821 1391 2885 significet

300 2919 397 2971 rebant
413 2925 500 2977 neque
516 2913 542 2961 in
553 2909 635 2960 altum
652 2905 763 2972 provehi
774 2916 826 2968 po·
862 2901 959 2951 sceleris
975 2897 1114 2961 tantatos.)
1148 2897 1190 2948 Sic
1207 2898 1273 2961 Epp.
1292 2897 1321 2958 4,
1340 2897 1389 2958 46,

301 2995 397 3051 terant;
413 2985 633 3050 Uoltet'ttgestode.»
648 2979 825 3032 Verumhaec
862 2977 911 3026 uo:
938 2974 1018 3024 alima
1035 2974 1146 3035 sapiente
1166 2972 1285 3034 tortoque.
1320 2971 1388 3036 Epp.

301 3067 444 3124 sententia,
461 3065 491 3112 ut
502 3062 610 3126 opinor,
629 3055 762 3120 aliquanto
774 3052 827 3103 cia·
863 3052 893 3110 2,
914 3050 943 3110 4,
962 3047 1028 3099 24οτ
1055 3047 1121 3096 olias
1141 3047 1258 3109 Lysippo.
1298 3044 1339 3096 td
1361 3057 1389 3095 u.

300 3145 357 3196 rius
368 3139 480 3205 exprimi
498 3133 626 3194 debebat,
646 3139 826 3180 carucatam·
862 3123 970 3175 tumultu
987 3121 1035 3172 cir.
1055 3121 1102 3172 od.
1116 3122 1145 3184 2,
1160 3121 1204 3182 46,
1224 3121 1268 3170 io:
1287 3119 1393 3168 miseros

301 3219 457 3282 biguitatem
475 3211 593 3261 devitare
606 3208 627 3258 si
644 3203 753 3254 volebat
763 3207 827 3266 poe·
863 3198 983 3249 amatas
1005 3198 1104 3248 Mentis.
1146 3196 1211 3246 Mire
1237 3191 1389 3258 Gargallue:

302 3297 337 3344 ta.
356 3290 486 3351 Quocirca
498 3297 568 3334 nunc
580 3279 757 3345 explicamus:
778 3289 826 3325 aex
863 3274 985 3334 cotesque
1001 3272 1116 3321 tomatta.
1152 3272 1238 3330 Quam
1255 3269 1331 3320 facile
1345 3281 1393 3318 au-

301 3363 438 3418 Aulidensi
455 3359 546 3418 litore,
565 3354 638 3421 quod
649 3354 757 3412 Troiae,
772 3363 827 3414 quo
865 3351 919 3397 tem
937 3360 953 3395 a
970 3344 1166 3396 correctoribus
1183 3343 1393 3409 importunisoe·

302 3444 366 3490 tunc
383 3433 560 3487 tendebamus
578 3434 605 3480 et
625 3428 671 3479 ubi
691 3439 763 3477 nunc
781 3439 827 3476 su·
863 3423 900 3472 ris
921 3423 1032 3486 propter
1051 3433 1077 3469 v.
1094 3419 1239 3482 scelerisque
1261 3419 1287 3468 in
1308 3417 1391 3482 genii.

302 3525 363 3566 mus
381 3509 508 3575 [dialogus
523 3505 594 3554 enim
610 3504 704 3553 Troiae
721 3499 828 3550 habitus
865 3497 932 3560 sing.
945 3496 1041 3545 mutari
1053 3495 1185 3558 potuerit,
1204 3493 1341 3544 neminem
1353 3491 1394 3542 iu-

302 3587 417 3650 flngitur.
447 3581 524 3633 Civ.
539 3577 615 3640 494),
635 3577 829 3639 eregioneop-
865 3575 909 3638 git.
945 3573 995 3632 Qui
1012 3571 1141 3635 genitivus
1159 3567 1394 3636 quomodoerpli·

302 3661 419 3728 positum
438 3657 486 3708 est.
526 3649 600 3704 cont.
623 3650 697 3701 Ouid.
719 3651 825 3700 Metam.
865 3647 968 3698 candus
986 3647 1034 3708 sit,
1058 3659 1138 3696 nemo
1156 3646 1244 3696 adhuc
1261 3645 1393 3695 extricare

303 3735 350 3798 44,
368 3735 397 3784 5:
426 3729 532 3782 Zanclen
554 3727 709 3785 adversoque
729 3724 830 3774 omenta
866 3724 977 3789 potuitz'
996 3721 1018 3784 4)
1045 3721 1124 3782 atlas,
1155 3721 1295 3772 «diuersas
1322 3719 1395 3770 iuter·

301 3809 387 3874 libeat.
421 3804 479 3856 vai.
496 3801 580 3854 Flacc.
598 3801 628 3860 2,
647 3797 710 3850 tot:
737 3809 829 3861 aspera
866 3811 929 3859 seps
955 3796 979 3859 t)
1000 3795 1079 3848 salias
1097 3795 1130 3846 ab
1152 3797 1197 3858 iis,
1225 3807 1294 3859 quae
1310 3805 1394 3844 verae

302 3885 324 3934 st
341 3889 363 3933 te
379 3883 459 3932 Pteios
479 3881 506 3929 ta
523 3877 643 3926 odoasae
659 3873 776 3923 tmuisset
796 3872 829 3922 tt·
866 3873 940 3932 sunt,
959 3871 988 3921 id
1005 3873 1059 3932 est,
1077 3869 1158 3922 falsas
1176 3872 1203 3921 et
1219 3869 1344 3920 couhrsas
1355 3872 1396 3918 te·

303 3963 357 4008 tore
376 3957 488 4006 Thraces.
504 3977 531 3988 -
546 3949 686 4012 Eriperem]
703 3948 829 3997 iioever-
864 3947 945 3997 matta
970 3946 1025 3997 vett
1049 3946 1206 4008 sedemque,
1233 3957 1255 3996 s.
1274 3943 1341 3993 recti
1367 3943 1396 3993 et
1474 3989 1478 3996 .

303 4032 370 4082 bum
383 4033 451 4092 vim,
470 4041 527 4093 qua·
535 4027 570 4076 ad
582 4021 755 4075 deducendes
767 4021 829 4071 inde
866 4021 966 4086 pravira
980 4023 1061 4084 atque
1070 4022 1109 4072 sic
1120 4017 1319 4084 intelligendum
1332 4029 1395 4069 esse

304 4117 387 4157 naves
404 4117 471 4170 opus
489 4102 578 4165 luerit,
596 4111 692 4163 magua
710 4109 772 4148 eum
790 4095 830 4146 ei·
866 4095 1024 4159 significavit
1048 4093 1198 4156 Bendeius,
1228 4091 1395 4156 ffistiugueus

304 4179 397 4231 ticacm
423 4178 554 4243 exprimit.
584 4203 611 4212 -
635 4187 687 4224 aaa
709 4170 829 4236 pedone]
866 4169 1021 4232 otiae,oeri.
1050 4169 1073 4234 3)
1088 4165 1397 4232 «specieseltasoertldi-

304 4253 353 4306 iiic
364 4253 453 4304 linitur
464 4249 583 4316 dialogus
595 4249 673 4301 fletus
685 4249 754 4300 inter
764 4249 831 4311 ltga-
866 4257 960 4296 versas
977 4257 993 4294 a
1013 4243 1087 4306 vero)
1114 4244 1142 4294 st
1165 4243 1256 4306 species
1278 4241 1393 4304 meiero,

305 4339 477 4382 memnonem
495 4328 522 4377 et
538 4325 664 4377 Stoicum.
867 4320 883 4369 i.
898 4331 921 4370 e.
936 4317 1094 4380 scelestum·
1112 4317 1184 4370 tario
1203 4311 1231 4370 et
1246 4315 1395 4368 modam
