3174 4974
615 464 674 512 rm.
694 465 723 512 n.
760 463 858 514 crtsr.
878 465 896 513 t.
1240 465 1302 528 639

259 622 295 686 lit
317 617 517 686 formidatam
541 618 665 685 Parthis
689 629 719 685 te
741 620 887 706 principe
912 623 1059 696 Romam,

257 743 299 818 Si,
314 751 469 828 quantum
481 761 644 828 cuperem,
660 761 792 829 possem
805 761 954 830 quoque;
971 741 1030 808 sed
1045 763 1152 830 neque
1166 765 1300 832 parvum

256 863 392 929 Carmen
415 861 566 928 maiestas
589 862 704 950 recipit
725 873 779 929 tua
800 883 863 930 nec
884 883 976 930 meus
999 863 1098 931 audet
1231 871 1239 878 “

256 987 334 1050 Rem
356 993 479 1050 tentare
503 984 623 1072 pudor,
647 1005 745 1072 quam
767 985 854 1052 vires
876 985 960 1052 lerre
983 999 1142 1054 recusent.

255 1105 416 1172 Sedulitas
438 1116 546 1172 autem
569 1104 679 1182 stulte,
704 1127 802 1193 quem
824 1107 941 1194 diligit,
966 1119 1071 1196 urget,
1237 1111 1299 1176 260

255 1229 432 1315 Praecipue
454 1249 527 1295 cum
551 1249 587 1294 se
609 1228 752 1295 numeris
777 1229 982 1297 commendat
1004 1241 1037 1296 et
1057 1242 1143 1298 arte:

254 1349 356 1416 Discit
377 1352 462 1416 enim
485 1349 579 1416 citius
601 1350 812 1438 meminitque
836 1349 987 1417 libentius
1011 1351 1103 1428 illud,

275 1549 332 1598 459.
357 1553 475 1598 recreant
493 1549 585 1599 tertius
603 1548 737 1598 Schmidii.
760 1575 786 1584 -
811 1549 869 1598 460.
888 1554 986 1610 auten,
1007 1552 1080 1601 stulte
1096 1565 1168 1614 quern
1185 1553 1265 1616 dilicit

243 1623 407 1687 distinguunt
422 1624 556 1674 LCthle.
577 1625 616 1686 (Ut
633 1636 695 1684 nos,
715 1621 867 1684 Bentleius.)

210 1791 286 1852 orta.)
313 1791 352 1841 Ci.
365 1793 468 1841 Becker
479 1791 513 1840 de
525 1793 607 1842 biuris
617 1794 672 1840 vet.
685 1793 735 1842 llo·
771 1790 854 1840 babet
869 1793 892 1842 is
909 1793 1056 1856 imperator
1073 1795 1100 1843 el
1111 1797 1244 1858 Augustus
1255 1794 1297 1845 di-

210 1867 412 1929 4444445.-
430 1866 537 1930 Peribis]
556 1866 594 1915 Ci.
609 1866 655 1916 Od.
669 1866 693 1926 3,
707 1867 732 1926 5,
771 1868 854 1926 citur;
884 1871 911 1917 ut
934 1867 1047 1930 dignitas
1065 1867 1297 1920 consulariscon-

208 1941 283 2003 bsq.
302 1939 331 2000 4,
352 1941 380 2000 b,
397 1941 439 1990 25.
462 1942 550 1990 carm.
570 1951 626 1990 sec.
646 1940 677 1990 443
690 1953 731 2003 sq.
770 1940 857 1990 sulem
875 1940 937 1992 lacit
948 1945 975 1992 et
986 1943 1119 2006 praetoria
1132 1947 1295 2007 praetorem,

207 2015 261 2066 Sat.
275 2015 305 2073 4,
324 2017 354 2075 b,
372 2015 413 2064 62.
431 2017 498 2079 Epp.
513 2016 539 2076 4,
554 2015 598 2075 42,
612 2017 653 2065 27.
685 2017 732 2064 «ln
770 2016 809 2066 sic
824 2017 942 2066 maiestas
959 2018 1148 2082 imperatorem
1167 2021 1194 2068 et
1210 2021 1297 2082 liugu-

207 2089 327 2152 quinque
348 2090 421 2140 bisce
438 2090 573 2152 versibus,
601 2090 648 2141 ubi
665 2102 733 2140 enu·
769 2092 855 2144 stum;
880 2103 941 2140 uam
959 2092 1069 2154 dignitas
1085 2091 1119 2151 de
1137 2091 1194 2143 aliis
1211 2093 1296 2155 magi-

208 2167 306 2223 merat,
325 2166 390 2226 quet
404 2167 573 2228 quantaeque
586 2179 631 2216 res
642 2167 732 2228 gestae
769 2163 909 2220 stratibus,
927 2167 1047 2215 maiestas
1064 2167 1097 2216 de
1115 2165 1171 2218 solo
1183 2167 1295 2230 imperio

207 2241 312 2301 apoeta
321 2240 468 2300 Augustum
480 2236 649 2290 celebraturo
661 2251 734 2288 com·
770 2238 934 2290 dicebatur.»
953 2242 1089 2291 Satuasms
1102 2241 1136 2292 ad
1147 2243 1213 2292 illst.
1226 2244 1293 2304 Aug.

206 2303 347 2376 ponendae
365 2313 430 2372 sint,
450 2311 533 2363 multo
545 2315 679 2364 ornatiore
691 2313 732 2363 di·
770 2314 817 2364 Ed.
831 2315 914 2378 Lugd.
928 2316 984 2365 Bat.
997 2317 1028 2365 ll.
1042 2329 1069 2379 p.
1082 2316 1140 2366 448.
1157 2345 1183 2352 -
1196 2316 1293 2381 recipit]

207 2387 285 2437 cendi
301 2399 401 2450 genere
419 2390 447 2436 et
469 2388 666 2438 sonantioribus
683 2402 732 2438 vo-
770 2389 924 2439 uadmittit.»
944 2391 998 2440 Liv.
1011 2391 1053 2450 29,
1069 2390 1117 2441 bi:
1135 2403 1165 2440 re
1180 2392 1233 2442 ium
1244 2405 1295 2442 non

206 2460 308 2512 cabulis
335 2462 416 2511 utitur
435 2465 515 2527 poeta
536 2476 619 2526 quam
641 2466 667 2514 in
685 2477 732 2514 ce·
767 2465 838 2514 ultra
852 2465 986 2526 recipiente
1001 2466 1190 2516 cunctationem
1207 2493 1234 2502 -
1247 2481 1295 2530 pu·

205 2536 295 2586 tens.»
313 2537 416 2586 Rtrneu.
442 2537 511 2586 Dum
523 2538 594 2588 vires
605 2551 668 2589 suas
679 2537 733 2588 ele-
769 2539 823 2602 dor]
842 2540 947 2589 «rectus
964 2551 1060 2590 sensus
1072 2540 1144 2600 eius,
1163 2539 1236 2604 quod
1248 2541 1294 2590 de-

205 2614 262 2672 444,
281 2609 392 2660 easdem
407 2610 574 2662 demonstrat
590 2615 669 2676 atque
688 2627 732 2662 ex·
768 2615 837 2664 cet.»
861 2639 887 2649 —
914 2613 981 2675 serre
1000 2614 1122 2678 recrearit]
1148 2617 1178 2664 Α.
1197 2617 1225 2664 Ρ.
1244 2615 1291 2664 39:

205 2686 279 2736 serit.
768 2687 828 2748 quid
851 2688 918 2750 serre
940 2693 1070 2749 recreent,
1104 2689 1170 2750 Quid
1191 2689 1294 2739 4444444

237 2759 358 2810 set-259.
386 2761 414 2809 Si
431 2765 554 2822 quantem
571 2761 633 2826 cet]
655 2761 730 2811 illoc
767 2763 873 2812 inumeri.

205 2837 281 2885 vetus
293 2847 353 2886 esse
365 2834 620 2885 dictumdristarcbi
631 2835 728 2896 lerunt,
799 2836 938 2886 464-463.
965 2837 1100 2903 sedulitas]
1126 2838 1293 2901 444444494-

204 2909 265 2972 qui,
292 2923 355 2960 cum
372 2908 455 2959 multa
474 2909 687 2972 reprehenderet
703 2910 729 2959 in
766 2911 960 2973 disseruisti,
979 2924 1049 2961 non:
1068 2912 1293 2976 Zudringlicb-

206 2985 338 3043 Homero,
356 2983 460 3034 aicbat:
479 2985 530 3034 Nee
546 2998 571 3033 se
583 2985 729 3046 444444444-
765 2986 833 3035 keil.
862 2983 946 3036 «Talis
963 2987 1053 3034 autem
1068 2985 1292 3049 sedulituslSido·

173 3046 274 3120 'bere,
304 3060 511 3120 quemadmodum
535 3060 622 3122 veltet,
650 3072 729 3121 neque
766 3061 801 3111 nii
819 3057 975 3124 Apollinaris
993 3060 1080 3109 Carm.
1098 3059 1142 3119 43,
1158 3059 1216 3111 448.
1235 3063 1292 3126 osit-

203 3133 277 3195 veite,
291 3134 500 3194 quemadmodum
507 3139 615 3195 posset.»
633 3136 726 3184 Poura.
764 3135 875 3198 clusiles}
887 3137 950 3184 tunc
961 3135 1105 3198 imprimis,
1124 3147 1185 3184 cum
1198 3149 1291 3187 versus

204 3211 257 3259 Sat.
270 3209 300 3270 2,
313 3209 342 3270 l,
357 3209 401 3258 li:
421 3209 544 3270 Cupidine
555 3209 668 3258 --vires
685 3211 729 3259 de-
766 3221 828 3260 sucs
853 3207 1049 3271 artificiumque
1073 3209 1208 3272 poeticum
1225 3224 1291 3260 ven-

201 3285 297 3348 fletunt.
312 3309 341 3320 -
359 3285 499 3333 maiestas·
509 3285 561 3351 tua]
581 3286 631 3337 «ut
646 3285 729 3335 meie-
766 3286 853 3335 ditans
865 3283 1180 3334 nobissecommeudare
1190 3285 1289 3344 studet,

202 3363 254 3407 stas
273 3358 361 3422 populi
381 3356 444 3408 olim
462 3357 603 3408 dicebatur
618 3362 729 3423 propter
766 3357 877 3410 moleste
889 3356 966 3408 uobis
977 3357 1100 3420 accidit»
1118 3356 1154 3407 ob
1171 3370 1289 3418 causam,

202 3433 306 3496 imperii
330 3431 539 3495 magnitudinem
560 3446 592 3482 ec
615 3435 729 3496 dignita·
766 3447 846 3495 quem
865 3433 954 3483 statim
966 3431 1051 3483 allert.
1068 3461 1095 3470 —
1114 3433 1200 3492 stulte,
1219 3445 1291 3493 quern

203 3510 270 3568 tem,
297 3520 351 3571 quo
369 3511 490 3571 tempore
510 3507 624 3573 populus
641 3510 729 3573 impe·
765 3508 860 3571 diligit,
878 3507 959 3570 serpet]
979 3507 1081 3557 «Homo
1098 3504 1207 3557 sedulus
1218 3505 1291 3555 vide-

202 3583 233 3632 rit
251 3593 385 3632 summam
402 3581 555 3644 obtinebat,
581 3584 632 3643 sic,
651 3587 739 3648 post--
765 3581 826 3632 licet
843 3582 870 3631 id
886 3583 952 3644 agit,
971 3585 1000 3630 ut
1013 3583 1099 3632 amico
1110 3595 1160 3632 suo
1172 3593 1292 3630 commo·

203 3670 283 3721 quam
301 3658 469 3721 imperiumn
488 3657 726 3722 populcadunum
765 3657 824 3713 det;
851 3655 899 3708 sed
927 3657 956 3706 444
981 3660 1011 3706 ut
1033 3657 1114 3707 nimio
1136 3653 1224 3706 studio
1245 3654 1288 3716 (cl.

201 3731 358 3782 translatum
384 3735 438 3792 est,
464 3735 590 3784 maiestas
607 3745 725 3796 quoque,
765 3733 829 3796 Epp.
845 3733 873 3791 l,
888 3731 928 3791 43,
942 3731 979 3793 4,)
1004 3731 1187 3782 incommodet
1201 3730 1290 3793 potius

201 3820 270 3872 quae
288 3810 361 3858 tanto
379 3809 492 3871 imperio
509 3808 671 3870 debebatur,
690 3810 727 3858 si·
764 3807 801 3868 ei,
821 3819 904 3870 quem
921 3805 1010 3868 diligit.
1037 3803 1120 3854 Stulte
1138 3817 1202 3867 ergo
1218 3803 1288 3863 lacit,

201 3881 256 3933 mul
276 3883 311 3932 ad
333 3895 416 3932 uuum
442 3880 516 3932 illum
539 3881 662 3932 translata
685 3886 727 3932 at·
763 3883 785 3932 si
797 3880 907 3946 quidem
919 3879 945 3929 id
958 3882 1058 3943 ipsum,
1075 3879 1147 3942 qnod
1158 3876 1223 3936 volt,
1237 3891 1289 3928 nou

201 3971 253 4021 que
277 3957 339 4007 binc
364 3957 483 4006 maestas
507 3957 611 4020 Augusti
639 3955 724 4017 dicta,
763 3955 944 4018 assequitur.»
972 3955 1077 4004 Henssr.
1094 3981 1121 3990 —
1139 3951 1220 4016 urget]
1248 3951 1286 4002 Cl.

181 4029 270 4096 ‘quae
287 4031 350 4082 olim
367 4030 457 4096 populi
474 4032 584 4081 Romani
599 4031 726 4082 maiestas
762 4043 788 4079 v.
801 4029 865 4079 ael:
884 4029 1005 4092 orfidum,
1019 4028 1085 4090 quod
1095 4041 1135 4078 me
1144 4031 1247 4091 944444.
1257 4049 1286 4064 -

201 4107 264 4156 luit:
284 4109 371 4156 aetate
389 4119 455 4155 vero
466 4103 588 4155 Trebellii
603 4103 725 4156 Pollionis
762 4105 842 4154 Discit
858 4104 932 4164 euim]
951 4101 1087 4166 «aliquio»
1113 4115 1181 4161 non,
1199 4104 1229 4150 ut
1245 4099 1288 4150 elii

198 4182 319 4230 maiestas
337 4182 445 4244 proprie
463 4181 554 4230 vocari
573 4182 667 4243 coepta
685 4185 726 4231 est
762 4178 868 4228 volunt:
888 4178 942 4232 sis,
956 4179 998 4226 cui
1010 4177 1129 4228 carmina
1141 4175 1288 4228 obtrudun-

200 4258 256 4320 ipsa
271 4256 376 4320 imperii
392 4255 506 4318 dignitas
522 4253 564 4304 vel
582 4255 725 4318 imperium
762 4256 831 4304 tur.»
861 4252 1009 4314 «significat
1027 4253 1127 4302 maiore
1144 4250 1233 4300 studio
1250 4252 1288 4300 ri·

199 4343 288 4394 psum,
303 4331 413 4390 bocest,
426 4327 571 4392 βασιλεία,
582 4341 664 4393 quam
674 4331 724 4393 qui
762 4326 864 4378 diculus
880 4339 976 4377 versus
994 4325 1159 4390 (panegyrici
1176 4325 1286 4378 alicuius
