3174 4974
276 451 337 516 57ss
636 451 765 502 lloflATll
782 451 1002 506 EPlS'l'OLAllUbl

318 609 433 685 Bilem‚
458 607 687 695 saepe'iocum
709 609 808 672 vestri
831 628 963 675 movere
986 607 1155 674 tumultusl
1323 612 1364 674 20

318 731 434 797 Libera
457 749 675 817 pervacuum
698 729 791 815 posui
814 729 949 815 vestigia
971 729 1139 816 princeps,

317 854 386 918 Non
409 850 513 917 aliena
536 870 608 916 meo
632 849 735 937 pressi
758 849 854 935 pede.
900 850 962 928 Qui
985 849 1047 916 sibi
1070 850 1154 924 fidit,

317 975 389 1038 Dux
411 972 492 1058 regit
514 992 658 1038 examen.
703 972 815 1038 Parios
838 991 900 1058 ego
921 973 1046 1059 primus
1069 971 1193 1039 iambos

339 1134 380 1182 ht.
398 1134 457 1196 fidet
473 1133 520 1193 cd,
539 1131 600 1182 bct.
629 1133 673 1194 (Ut
690 1145 754 1192 nos,
772 1130 853 1193 bSE.)
874 1157 900 1167 -
920 1131 963 1194 qut
985 1131 1031 1181 sibi
1051 1133 1110 1195 fidet
1127 1132 1194 1196 (fidit
1210 1134 1239 1196 F)
1258 1135 1329 1193 Duc,

307 1213 376 1270 repet
394 1208 465 1270 (repit
482 1207 507 1268 F]
527 1206 690 1269 distinguunt
711 1205 790 1255 LCtF.
812 1231 839 1241 -
860 1205 900 1254 23.
919 1212 988 1270 repet
1004 1205 1087 1266 bScd,
1108 1207 1189 1258 thO.
1210 1208 1249 1268 (Ut
1267 1222 1329 1265 nos,

308 1283 328 1331 E
346 1284 372 1331 et
389 1284 444 1331 tres
462 1280 600 1330 dumtaxat
616 1279 752 1341 Pottleril.)

277 1415 362 1472 entur,
372 1411 421 1460 sed
431 1411 665 1472 agnoscenturpro
675 1375 799 1460 nostris.»
838 1408 960 1473 exempla
978 1411 1054 1460 anxie
1072 1411 1190 1462 imitatus
1203 1424 1291 1462 sum.»
1316 1413 1364 1462 Lu·

275 1489 397 1536 iinrnoir.
413 1512 439 1520 -
459 1497 532 1545 saepe
542 1511 557 1520 -
567 1483 648 1546 saepe]
666 1484 738 1533 llaec
754 1495 800 1532 re·
838 1485 903 1533 eret.
918 1484 942 1543 3,
956 1483 983 1533 3;
1001 1485 1142 1546 loquetura
1159 1486 1281 1549 (Epicuri)
1297 1499 1364 1536 nasac

275 1562 380 1626 petitio,
399 1573 469 1624 quae
486 1560 583 1609 eadem
600 1563 642 1608 est
659 1560 738 1609 etiam
750 1557 798 1608 Od.
837 1559 908 1608 Ficta
920 1559 1035 1622 (entique
1050 1571 1099 1622 pro
1111 1559 1364 1623 Firalpedomposo

276 1638 300 1697 4,
319 1637 343 1696 8,
362 1637 402 1685 ll.
424 1637 452 1684 et
472 1636 511 1684 lt.
542 1633 799 1696 snt.t‚³,sseqq.
835 1634 928 1694 pressis
944 1633 1049 1697 calipto
1064 1634 1149 1696 ophis.
1181 1633 1306 1684 Similiter
1322 1635 1364 1683 di·

275 1711 342 1775 Epp.
357 1711 380 1770 4,
395 1711 435 1769 ii,
446 1711 497 1769 oh,
511 1709 580 1759 adeo
592 1706 726 1772 displicuit
736 1708 801 1758 scri·
839 1707 936 1756 cebent
946 1708 1069 1771 stringere
1078 1709 1192 1771 osopio.
1211 1709 1287 1759 Ouid.
1300 1710 1362 1760 liet.

275 1785 344 1848 ptori
362 1783 466 1834 Codicis
484 1781 548 1834 Coll.
566 1783 651 1842 Tria..
672 1784 702 1832 ut
717 1783 801 1832 inter-
839 1782 863 1840 4,
876 1781 934 1830 5³6.
950 1807 978 1818 -
993 1782 1041 1842 Qui
1056 1781 1103 1832 ribi
1112 1781 1175 1845 fidit]
1195 1795 1242 1832 eac
1254 1785 1364 1846 propte-

275 1855 392 1922 polaret:
410 1862 438 1906 ut
448 1857 509 1906 mihi
520 1857 602 1918 bilem
617 1857 647 1906 iit
656 1857 718 1906 mihi
728 1869 801 1918 saepe
838 1867 885 1904 rea
896 1867 965 1904 nova
976 1857 1073 1917 waiet,
1092 1855 1122 1905 tit
1136 1855 1190 1906 dux
1201 1859 1362 1918 ceterorum.

275 1933 357 1982 lomim
374 1934 437 1992 cet,
465 1930 491 1980 id
513 1931 585 1995 quod
603 1935 742 1995 receptum
760 1932 801 1980 est
839 1941 953 1991 qnorum
971 1930 1105 1993 ingenium
1118 1931 1309 1994 minusaptum
1322 1935 1365 1980 est

275 2020 291 2056 a
309 2006 502 2069 Coninghamio
520 2009 547 2056 el
561 2005 709 2056 Sanadono.
724 2031 752 2041 -
765 2005 802 2054 io-
839 2003 873 2052 ad
895 2016 962 2054 nove
985 2017 1084 2066 genera
1107 2005 1266 2055 invenienda
1282 2007 1364 2068 atque

275 2080 470 2144 cum-movere]
497 2081 550 2130 Sat.
568 2081 597 2140 4,
616 2081 646 2139 h,
663 2079 708 2129 98:
736 2079 802 2128 dedit
840 2076 1054 2128 excolenda.»-
1076 2078 1213 2143 curcei]
1233 2079 1364 2130 «imitatus

274 2159 389 2217 roresque
405 2156 519 2216 iocosque
537 2155 654 2216 (Gnatia).
671 2179 698 2190 -
711 2154 802 2203 tomul-
839 2165 932 2214 regem
942 2153 1058 2216 epium.»
1070 2154 1193 2202 Pomaria
1210 2153 1363 2217 --ercmenl

275 2229 322 2293 tos]
342 2228 464 2278 “violenti
476 2242 507 2277 ac
520 2227 633 2288 turbidi,
649 2227 699 2278 sed
710 2229 801 2277 lamen
839 2228 882 2276 sic
900 2227 1022 2278 Cratinus
1039 2227 1160 2278 lleinelril
1177 2241 1203 2290 p.
1223 2229 1267 2278 lb:
1295 2221 1364 2278 Οῑον

275 2304 442 2369 praeposteri
464 2305 491 2352 et
511 2315 620 2366 semper
636 2303 738 2361 inanes,
757 2314 802 2350 co·
840 2297 990 2361 σοφιστῶν
1008 2301 1164 2365 (poetarum)
1177 2299 1291 2366 σμῆνος
1302 2296 1364 2352 cive·

277 2379 355 2428 uetus
373 2390 416 2426 me
428 2376 560 2436 imitandi,
580 2388 647 2438 quos
659 2388 721 2425 cum
733 2375 802 2424 inter
839 2373 982 2437 διφήσατε
993 2377 1001 2423 4

275 2465 324 2512 vos
342 2462 438 2513 magno
456 2462 519 2499 curn
537 2450 648 2512 strepitu
666 2447 801 2500 collauda·
873 2451 962 2500 23-27.
980 2451 1226 2515 Potiosnoateadi]
1244 2453 1364 2504 «Primus

276 2526 322 2584 tis,
341 2522 419 2574 simul
437 2536 481 2573 me
494 2523 646 2586 deprimere
662 2521 799 2584 molimini,
840 2523 993 2588 exemplum
1017 2523 1144 2588 praebui.
1168 2525 1305 2588 quomodo
1321 2529 1365 2576 to-

276 2601 328 2650 hoc
339 2598 470 2661 imprimis
482 2596 628 2647 identidem
636 2600 799 2661 repetentes,
839 2601 896 2648 tum
914 2596 1063 2648 Archilochi
1080 2600 1147 2650 Parii
1164 2613 1249 2662 genus
1266 2599 1301 2650 ad
1318 2601 1365 2652 ia·

276 2687 320 2725 me
338 2685 446 2736 quoque
458 2673 574 2722 Graecos
586 2672 718 2722 imitatum
729 2684 799 2731 esse,
839 2673 922 2722 tinem
944 2673 1038 2735 poesin
1064 2673 1278 2726 transferendum
1304 2675 1363 2726 sit.»

276 2748 348 2798 idom
365 2760 413 2798 vos
434 2747 535 2807 lacere,
563 2745 698 2796 interdum
721 2745 800 2796 eiiam
839 2745 972 2809 Significat
991 2748 1106 2804 maxime
1124 2747 1239 2810 Epodos.
1275 2748 1364 2798 osm-

276 2821 386 2874 meliore
404 2833 466 2871 cum
483 2833 638 2872 successu.»
839 2823 897 2872 dere
913 2824 1018 2884 autem,
1037 2823 1067 2872 ut
1080 2817 1281 2874 ἀναδεικνύναι
1291 2823 1364 2887 apud

308 2896 397 2946 44-23.
423 2896 514 2946 libero
530 2895 592 2958 cet]
613 2897 668 2946 lam
686 2895 801 2946 demon·
839 2897 1173 2958 llermesiansctemt,l'l.
1187 2899 1362 2950 Schneidera

275 2973 355 3029 suet,
370 2983 421 3033 qua
433 2971 474 3019 via
487 2983 519 3028 ac
530 2970 632 3019 ratione
645 2981 710 3019 usus
722 2971 802 3018 Grae-
838 2969 964 3032 Λέσβιος
978 2965 1106 3033 Ἀλκαῖος
1122 2970 1153 3021 δὲ
1171 2969 1282 3035 πόσους
1297 2967 1364 3024 ἀνε-

276 3058 324 3095 cos
335 3045 369 3093 sit
379 3044 505 3104 imitatus,
517 3043 599 3094 modo
610 3043 712 3094 scilicet
723 3042 800 3106 longe
838 3041 952 3108 δείξατο
975 3041 1106 3110 κώμους,
1132 3043 1273 3110 Σαπφοῦς
1289 3062 1365 3118 φορ-

276 3119 383 3168 diverso
400 3117 434 3167 ab
452 3129 498 3178 eo,
517 3130 599 3181 quem
619 3116 802 3181 sequebantur
837 3121 927 3184 μέζων
951 3115 1102 3188 ἱμερόεντα
1119 3118 1230 3180 πόθον,
1257 3119 1365 3188 saysel-

277 3192 358 3254 iniqui
374 3190 410 3241 illi
427 3189 534 3242 aemuli.
566 3193 595 3241 ln
617 3191 692 3254 poesi
709 3192 800 3240 Latine
839 3209 935 3256 σκεις·
957 3206 990 3242 ex
1008 3198 1121 3246 venuste
1138 3193 1172 3244 de
1190 3197 1363 3247 Anacreontis

276 3267 356 3316 libera
370 3267 476 3330 corripio
493 3266 567 3328 ponit
592 3265 705 3328 (cisni.
727 3265 752 3326 ἱ,
774 3265 799 3324 6,
839 3271 866 3319 et
882 3268 1005 3333 Sapphus
1022 3269 1159 3320 umoribus
1177 3269 1273 3322 tabula.
1296 3269 1363 3322 hlele

278 3341 321 3392 4444
338 3341 389 3404 sq.)
404 3353 452 3403 por
466 3351 576 3390 vocarer
592 3340 641 3402 (pr.
657 3351 705 3401 por
725 3351 802 3388 oocu-
838 3341 979 3407 explicavit
996 3355 1146 3394 nonnemo:
1166 3347 1281 3396 cedendi
1296 3348 1365 3396 tarn·

276 3427 321 3464 om
336 3415 393 3464 sive
408 3419 540 3464 vacantem
551 3413 659 3464 domino
670 3413 803 3474 pomoerio-
838 3429 920 3481 quam
938 3418 1101 3479 mysterim·
1119 3418 1215 3480 immo,
1235 3423 1283 3469 «nl
1299 3421 1364 3470 orti-

276 3502 344 3550 oem,
367 3487 597 3551 quemadmodum
618 3487 709 3537 dicunt
731 3487 799 3544 1Cti;
838 3491 903 3542 fices
921 3493 984 3540 tuno
1001 3490 1111 3540 domum
1129 3503 1196 3542 nova
1214 3505 1263 3544 sua
1279 3505 1363 3557 opere

277 3563 311 3614 ci.
323 3562 416 3612 Gaium
428 3563 453 3622 2,
466 3563 507 3610 54.
526 3561 551 3622 4,
563 3561 629 3624 434.)
642 3563 679 3622 is,
693 3563 738 3625 qui
749 3562 801 3624 pri-
839 3565 894 3614 aliis
912 3564 1055 3615 ostendere
1072 3564 1171 3628 solent,
1190 3579 1253 3618 cum
1264 3568 1317 3618 iam
1328 3567 1364 3618 ad

276 3651 337 3688 mus
354 3638 380 3686 in
398 3648 467 3686 novo
485 3637 574 3698 poesis
595 3649 693 3698 genere
712 3635 802 3686 elabo-
838 3651 955 3702 unguem
967 3641 1092 3702 castigata
1105 3645 1132 3691 et
1143 3642 1261 3705 perlecta
1273 3643 1362 3692 sunt.»

276 3713 317 3762 ret
328 3711 455 3773 idemque
467 3709 503 3758 ita
515 3709 627 3773 perlicit,
640 3711 669 3758 nt
678 3710 801 3760 Horatius
841 3740 869 3750 -
886 3725 1003 3762 umeros
1025 3715 1183 3779 asinosque]
1211 3719 1316 3766 «melre
1336 3719 1364 3766 et

276 3789 333 3850 ipse
350 3797 435 3848 genus
452 3782 574 3846 lyricum.
602 3784 744 3847 specimen
756 3796 802 3833 au·
839 3787 973 3838 terrorem
995 3787 1179 3851 impetumque
1201 3790 1363 3852 poblicum.»

277 3863 332 3910 tem
349 3859 421 3923 quod
439 3859 465 3908 in
477 3859 569 3922 paucis
581 3856 743 3907 carminibus
755 3857 801 3907 de-
839 3863 895 3912 lloo
913 3861 984 3910 enim
1002 3861 1132 3922 significat
1149 3875 1173 3912 v.
1186 3863 1279 3923 animi,
1298 3875 1362 3924 non,

277 3933 355 3983 derat
370 3931 487 3983 Catullus
513 3945 561 3996 pro
578 3929 677 3980 leviore
695 3931 802 3994 experi-
838 3939 868 3986 ut
891 3935 1003 3994 lleriel,
1030 3936 1160 3997 Diinlzer,
1187 3935 1229 3988 alii
1245 3939 1361 3998 vertunt,

277 4011 367 4058 mento
392 4007 519 4058 babuisse
544 4005 649 4056 uidetur
665 4007 799 4070 Horatius,
839 4011 919 4072 Gelai,
932 4011 1021 4072 esprlt;
1041 4010 1140 4060 rectius
1152 4011 1364 4075 Goupylemoo·

277 4081 344 4134 illius
366 4081 438 4132 haud
461 4083 558 4132 nimius
575 4079 728 4132 admirator.
760 4081 799 4132 Ci.
837 4088 947 4143 omnent,
975 4081 1123 4133 Pellevicini
1143 4083 1311 4136 l'ordimoeslo.
1332 4109 1360 4121 -

278 4157 331 4205 Sat.
346 4157 374 4216 4,
394 4157 434 4217 40,
452 4156 492 4207 49.
511 4153 615 4206 Similes
632 4158 722 4206 autem
739 4158 802 4206 sunt
837 4156 983 4221 modesti]
996 4156 1185 4210 Archilochum
1193 4161 1300 4210 Parium
1311 4161 1364 4222 Gy·
1401 4191 1407 4202 ·

278 4229 329 4280 loci
346 4231 449 4280 Lucret.
464 4230 488 4290 4,
501 4230 549 4280 9444
560 4241 620 4293 sqq.
639 4231 757 4294 Propert.
774 4229 798 4290 4,
837 4231 877 4292 gis
895 4231 949 4294 (qui
966 4232 1172 4294 regnavitannis
1183 4244 1208 4282 s.
1222 4233 1285 4283 Chr.
1298 4233 1363 4284 746-

278 4307 302 4363 4,
316 4304 330 4354 3
342 4316 383 4366 sq.
399 4331 426 4340 —
442 4304 523 4366 pressi
535 4304 606 4368 pede]
626 4305 698 4354 «Non
715 4302 800 4374 aliena
838 4305 905 4369 648.)
923 4303 1064 4370 aequalem
1075 4306 1157 4358 luisse
1168 4305 1233 4360 dicit
1244 4305 1363 4358 Herodo-
