3116 4968
302 456 365 525 ets
670 457 811 508 somni
828 431 1009 510 siunsnuu

345 617 449 684 Carne
471 623 592 692 umen,
616 613 765 702 quamvis
787 611 884 680 distat
905 611 965 690 nil,
992 611 1052 680 bac
1075 613 1177 700 magis
1200 612 1261 680 illa.

346 736 526 825 imparibus
548 735 658 802 formis
680 735 853 822 deceptum
875 745 906 800 te
930 743 1025 822 patet.
1069 735 1160 801 Esto:
1349 735 1391 799 30

344 857 435 927 Unde
458 856 568 923 datum
589 857 702 935 sentis
727 856 822 944 lupus
846 855 897 923 bic
920 856 1088 923 Tiberinus
1110 877 1151 924 an
1174 857 1237 924 alto

345 981 464 1067 Captus
486 978 567 1056 hiet,
592 989 749 1066 pontesne
771 979 854 1044 inter
876 978 1011 1046 iactatus
1034 999 1075 1045 an
1097 979 1200 1046 amnis

344 1101 436 1168 Ostia
457 1101 518 1167 sub
541 1100 659 1168 Tusci?
681 1098 824 1176 Laudas
849 1099 977 1177 insane,
1001 1099 1157 1166 trilibrem

343 1221 487 1298 Mullum,
509 1221 541 1287 in
555 1221 679 1309 singula
695 1242 794 1309 quem
808 1221 934 1287 minuas
948 1220 1113 1308 pulmenta
1124 1241 1261 1290 neccsse
1275 1233 1335 1290 est.

342 1343 438 1410 Ducit
458 1353 490 1410 te
511 1343 655 1430 specieS,
678 1341 791 1409 video:
815 1363 881 1430 quo
903 1342 1043 1429 pertinet
1064 1363 1143 1430 ergo
1346 1345 1390 1410 35

366 1504 407 1554 29.
426 1503 488 1554 nibil
504 1501 588 1553 Benll.
617 1530 645 1540 -
669 1501 730 1552 lucc
747 1503 774 1552 F.
804 1529 831 1538 -
858 1501 930 1552 tilam
946 1501 982 1552 bS
1000 1505 1028 1552 et
1044 1500 1145 1566 aliquot
1161 1503 1300 1554 Torrentti.
1326 1528 1353 1541 -

333 1577 374 1628 30.
389 1579 468 1642 patet]
483 1583 568 1640 petere
585 1591 653 1628 unus
670 1581 750 1642 etque
769 1575 835 1627 alter
847 1576 912 1626 Cod.
925 1577 1068 1638 'l'orrentii¹
1088 1577 1105 1627 S
1122 1590 1257 1642 superscr.
1273 1585 1354 1642 patet,

333 1665 402 1702 corr.
421 1651 439 1702 b
459 1652 554 1716 (iuerat
567 1651 649 1716 patet)
668 1653 695 1702 et
710 1665 751 1716 pr.
770 1665 794 1701 c.
814 1651 892 1715 (potat
909 1663 978 1701 corr.
1000 1651 1034 1714 c.)
1063 1678 1091 1688 -
1118 1652 1158 1702 34.
1185 1659 1273 1703 ratum
1297 1655 1354 1706 Nic.

334 1727 464 1777 Heinsius.
485 1754 513 1764 -
532 1725 683 1791 un1iubp.
704 1753 732 1762 -
751 1725 1354 1792 asponamep.-3t.rno]qrnup‚qniub.

332 1856 427 1906 22³⁰.
446 1857 703 1919 cameracencis]
720 1855 826 1922 Simpli-
863 1854 924 1918 ibt:
950 1855 1023 1906 liliata
1046 1857 1146 1906 naniam
1170 1858 1292 1909 ducebant
1312 1865 1392 1921 utque

300 1932 407 1982 cissima
427 1932 479 1983 loci
503 1933 666 1984 vexatissimi
692 1933 826 1996 interpre-
862 1930 970 1980 milium
980 1931 1059 1981 lona:
1076 1931 1149 1980 litate
1161 1937 1249 1994 ponus
1264 1932 1390 1984 ittatna'

299 2007 363 2057 telio
375 2007 481 2058 videtur
497 2020 543 2068 ea,
562 2020 644 2071 quam
661 2007 747 2057 secuti
764 2007 826 2056 sunt
861 2007 910 2055 duo
934 2007 1001 2056 tuter
1024 2007 1107 2068 captu'
1134 2007 1226 2057 catillo
1269 2009 1299 2058 ln
1324 2008 1390 2074 lupo

299 2082 469 2144 exiguointer
478 2093 507 2131 se
517 2081 669 2132 discrimine
680 2083 822 2140 Gesnerus,
860 2081 939 2142 igitur
955 2081 1003 2131 trie
1020 2081 1123 2144 saporis
1134 2095 1232 2145 genera
1244 2081 1392 2146 distingue-

299 2155 475 2217 iiircbnerus,
512 2155 640 2218 flooring,
676 2155 822 2216 obbertus,
860 2152 925 2203 bant
949 2153 1086 2215 turronem
1113 2154 1190 2220 lupos
1208 2158 1300 2220 captos
1317 2157 1391 2208 inter

299 2230 444 2282 ilaackius:
464 2231 537 2280 «Non
547 2231 665 2280 vesceris
676 2229 720 2279 illa
733 2227 824 2294 pluma
860 2228 928 2278 duos
945 2231 1056 2292 pontes,
1079 2229 1177 2290 idest,
1200 2229 1343 2281 sublicium
1361 2234 1391 2282 et

298 2304 448 2371 splendoris
464 2302 557 2369 plena3
578 2307 667 2355 temen
683 2318 763 2354 carne
774 2317 825 2368 pa·
860 2304 1040 2365 senatorium,
1059 2307 1089 2353 ut
1099 2305 1136 2354 sit
1152 2306 1217 2364 Fen,
1236 2305 1306 2354 inter
1317 2317 1390 2368 quoe

298 2381 383 2442 vonis,
405 2378 825 2444 quamqusmnibildiilertngal·
860 2376 956 2428 Cloaca
991 2379 1106 2428 maxima
1138 2377 1231 2430 sordes
1260 2379 1389 2442 antiques

297 2453 367 2504 linae
380 2467 469 2515 carne,
489 2454 573 2518 magis
585 2453 704 2504 vesceris
715 2467 737 2504 s.
750 2454 824 2504 vesci
860 2453 936 2505 Urbis
953 2453 1093 2516 egerebat,
1112 2452 1211 2516 quibus
1228 2454 1318 2517 pisces
1329 2453 1390 2504 alli-

298 2529 374 2592 cupts
389 2541 412 2578 s.
429 2531 533 2591 tergere
550 2527 668 2593 palatum
684 2529 724 2580 vis
742 2541 823 2592 quam
860 2526 1011 2590 ciebantur,
1029 2526 1085 2588 vel,
1104 2531 1134 2578 ut
1144 2525 1186 2578 alii
1198 2526 1303 2589 volunt,
1316 2529 1390 2580 inter

296 2615 378 2653 carne
395 2601 531 2666 gelltneen
549 2602 667 2654 Aliorum
678 2603 824 2653 sententias
860 2599 1001 2652 sublicium
1018 2605 1045 2652 et
1062 2601 1225 2662 Fabricium
1245 2601 1322 2667 lupos
1340 2617 1390 2654 ca-

297 2676 359 2726 vide
376 2678 403 2727 in
420 2677 548 2728 Excursu.
569 2705 595 2714 -
615 2678 691 2727 distin
707 2677 751 2740 uti]
771 2677 825 2726 nni·
858 2679 919 2740 ptos
930 2676 964 2726 ad
981 2675 1084 2728 Tiberis
1098 2678 1175 2738 eslim
1197 2675 1274 2742 lupos
1291 2677 1318 2728 in
1330 2677 1386 2730 alto

296 2750 333 2801 bil
349 2752 543 2816 interestinter
552 2753 663 2816 pavonis
675 2763 785 2802 carnem
797 2752 825 2800 et
860 2751 928 2801 mari
945 2755 1050 2815 captos.
1070 2753 1115 2816 qui
1132 2753 1243 2816 pessimi
1254 2754 1340 2802 erant.
1357 2779 1386 2790 —

296 2825 433 2890 gallinae.»
464 2825 502 2876 Gi.
516 2827 570 2876 Sat.
581 2827 610 2888 2,
624 2826 652 2888 3,
665 2827 722 2876 2⁴0.
735 2853 763 2862 -
776 2826 824 2875 tac
858 2826 916 2890 litat]
935 2827 1039 2892 «pisces
1050 2827 1150 2887 statim,
1164 2839 1225 2877 cum
1235 2827 1387 2891 capiuntur,

294 2903 378 2966 mepte
395 2900 449 2965 iliu]
470 2902 617 2966 «pavonina
637 2903 722 2965 magis
741 2913 823 2964 mam
859 2902 961 2951 hiant.»
998 2902 1091 2951 Scnou.
1128 2901 1227 2963 Etiam,
1253 2905 1333 2965 puto,
1360 2903 1388 2953 iu

295 2975 470 3040 gallinacea.»
506 2977 545 3026 De
572 2976 671 3026 omissa
693 2974 822 3040 particula
860 2975 961 3026 mensis
977 2975 1099 3040 appositi.
1119 3001 1148 3012 -
1169 2975 1286 3040 iactatio]
1304 2974 1389 3027 Colu-

296 3063 373 3114 quom
393 3050 463 3101 coni.
482 3051 530 3101 0d.
551 3051 577 3109 t,
602 3050 647 3112 43,
665 3051 706 3100 so.
726 3049 754 3111 l,
775 3049 820 3112 lt,
860 3047 938 3099 mella
955 3050 1027 3099 lt.ll.
1042 3049 1071 3108 8,
1090 3049 1135 3110 io,
1154 3047 1184 3099 l:
1203 3050 1389 3100 Doctuetcru·

297 3125 337 3176 ia.
358 3153 386 3162 -
404 3125 473 3188 Esto]
491 3124 566 3176 Coni.
580 3125 633 3174 Set.
647 3126 676 3186 Ξ,
696 3125 724 3187 3,
744 3125 784 3178 65.
859 3125 911 3174 dita
924 3125 1018 3186 palato
1032 3123 1147 3186 fastidire
1163 3123 1246 3172 docuit
1263 3125 1387 3186 (Marcius

217 3211 224 3224 ·
328 3199 426 3250 3t·33.
458 3201 526 3250 Unda
550 3200 638 3249 dmum
661 3200 736 3249 souis
760 3198 822 3262 cet]
859 3196 1007 3262 Philippus)
1040 3197 1168 3262 titulatam
1198 3197 1301 3260 upum,
1336 3199 1387 3249 stat

295 3275 412 3324 averoim
420 3273 491 3324 unda
502 3273 547 3322 tibi
556 3285 725 3334 concessum,
741 3270 824 3322 anre
859 3285 933 3333 quam
950 3273 1041 3322 Tiberis
1058 3272 1163 3322 moereo
1186 3277 1296 3322 torreas
1312 3273 1388 3336 deso-

294 3343 356 3408 τόν,
369 3350 419 3409 est,
432 3350 462 3397 ut
472 3360 569 3411 sopore
580 3347 726 3410 distinguas
737 3349 821 3398 ceti»
858 3347 968 3410 liquent.
989 3374 1018 3383 -
1036 3347 1119 3396 omnis
1128 3372 1141 3382 ·
1150 3372 1162 3382 -
1174 3346 1254 3408 Tusci]
1271 3345 1385 3408 Tiberis,

295 3423 415 3472 Imitatus
435 3424 476 3471 est
491 3422 598 3471 Persius
612 3423 640 3481 t,
655 3421 715 3472 iti:
735 3421 824 3471 «ider
859 3421 904 3482 qui
921 3421 949 3470 in
966 3421 1069 3470 Etruria
1086 3421 1178 3470 oritur.

295 3509 367 3561 epo.»
388 3497 455 3546 Unda
468 3497 701 3556 sumbernensis,
721 3495 824 3545 totsub-
892 3493 981 3544 ai-au
1007 3495 1058 3544 att.
1072 3493 1186 3558 Mullum]
1205 3495 1251 3544 Est
1266 3491 1383 3564 τρίγλη,

295 3570 564 3634 adorabam-iupus]
577 3567 698 3641 λάβραξ,
715 3573 823 3622 licar-
858 3568 928 3619 lialis
938 3570 1090 3620 etiamnunc
1102 3569 1197 3633 triplis.
1216 3569 1385 3633 (liottburt,

293 3645 377 3708 wolf.
399 3672 426 3682 -
447 3645 574 3695 Tiberinus
590 3645 653 3707 cet]
672 3643 823 3695 Macrobius
858 3643 1101 3705 Scbmeerltutta,
1120 3642 1176 3695 altis
1192 3644 1387 3707 Hiirtnpekd-

295 3721 400 3771 Saturn.
418 3721 448 3780 2.
467 3721 508 3770 lt.
527 3720 644 3772 maximo
666 3719 738 3784 opud
758 3732 823 3783 pro-
858 3717 930 3781 etp.)
947 3716 1012 3768 Plin.
1026 3719 1057 3768 H.
1072 3720 1102 3769 N.
1116 3719 1144 3780 9,
1162 3718 1210 3769 3οε
1228 3719 1271 3768 lie
1286 3719 1387 3781 retinen

296 3795 371 3860 digos
389 3797 490 3846 bonore
514 3793 594 3844 luisse
616 3793 697 3844 tradit
721 3793 824 3844 Tiberi·
858 3793 986 3843 nobilitate
1012 3793 1085 3857 (post
1109 3795 1225 3856 scarum)
1250 3799 1274 3844 at
1298 3795 1388 3858 motta

296 3883 360 3920 num
378 3868 484 3934 lupum,
504 3868 657 3933 etquidem
675 3881 753 3930 eum,
778 3869 823 3932 qui
858 3868 975 3918 maimo
995 3871 1031 3916 ast
1055 3871 1079 3916 et
1103 3868 1177 3929 coptu
1200 3867 1297 3928 mullis,
1324 3869 1388 3918 sau

296 3945 366 3994 inter
381 3944 450 3996 duos
472 3945 568 4008 pontes
591 3945 684 4007 captus
708 3944 761 4004 est;
788 3942 824 3992 nd
858 3943 1006 4007 ineptitudo
1026 3943 1139 4003 modico,
1166 3942 1287 4002 bimaita
1309 3943 1388 3992 littus

297 4019 371 4082 quod
382 4016 621 4069 demonstrandum
633 4017 715 4067 utitur
726 4021 754 4066 et
764 4030 825 4067 ver-
855 4019 975 4081 ponderta
990 4029 1053 4066 raro
1070 4017 1206 4066 adnutum
1222 4021 1385 4077 «memorant.

297 4093 340 4144 bis
355 4093 413 4143 Titii
429 4106 479 4156 pro
498 4090 557 4156 lege
580 4093 678 4143 Fannia
696 4093 718 4155 (—
729 4117 743 4128 -
753 4116 769 4128 -
780 4091 825 4142 bo-
860 4090 1000 4142 llollorum
1017 4089 1089 4140 tultos
1104 4091 1239 4142 memorat
1254 4091 1345 4140 iuven.
1360 4089 1385 4152 a,

297 4179 406 4229 aunone
431 4168 525 4229 piscem
549 4167 636 4230 limum
659 4179 823 4231 permansio,
860 4165 915 4227 to,
940 4166 1012 4216 uude
1033 4163 1150 4236 τρίγλαν
1172 4160 1300 4231 γενεᾶτιν
1322 4163 1387 4214 dixit

299 4243 343 4306 put
358 4241 424 4292 inter
439 4243 501 4292 duos
514 4247 602 4305 pontes
612 4247 702 4304 coptu
715 4241 785 4306 bed.)
797 4244 825 4292 et
860 4239 982 4304 Sophron
1000 4239 1072 4303 apud
1088 4239 1184 4290 Athen.
1203 4240 1228 4288 'l.
1241 4251 1268 4303 p.
1281 4235 1338 4290 eti.
1358 4239 1384 4288 F.

298 4315 422 4368 versibus
439 4314 530 4368 Lucilii
546 4319 599 4368 set.
617 4315 646 4380 i,
665 4317 681 4368 a
699 4314 776 4380 (Gerl.
796 4327 823 4381 p.
861 4313 942 4382 (mulli
958 4313 1058 4367 burlou
1074 4313 1129 4365 Cic.
1142 4313 1178 4364 ad
1189 4313 1241 4366 itt.
1254 4313 1284 4374 2,
1305 4313 1333 4374 l,
1351 4307 1385 4371 i.)
