3116 4968
269 457 332 526 222
645 457 972 512 eomnrsinmnnn

310 617 430 682 Iratum
452 623 614 703 patruum,
637 613 779 690 44444444,
804 623 835 682 te
856 613 913 681 tibi
937 613 1095 704 iniquum,

311 737 349 804 Et
369 736 486 803 frustra
509 735 621 802 mortis
643 734 812 823 cupidum,
836 755 910 802 curn
932 734 1037 803 deerit
1057 737 1163 824 egenti

310 859 369 936 As,
392 856 500 945 laquei
523 855 671 944 pretium.
715 857 804 932 lure,
829 855 947 945 inquit,
971 857 1123 924 Trausius
1146 857 1215 926 istis

309 981 457 1066 iurgatur
477 976 602 1058 verbis;
624 997 686 1065 ege
708 975 877 1065 vectigalia
897 998 1013 1066 magne
1291 977 1353 1044 400

309 1099 509 1186 Divitiesque
530 1097 636 1166 habeo
658 1097 760 1166 tribus
783 1096 905 1186 amplas
928 1099 1070 1188 regibus.
1114 1099 1212 1188 Ergo,

308 1219 405 1302 Quod
427 1229 574 1307 superat,
598 1239 663 1285 nen
684 1229 735 1286 est
755 1217 871 1286 melius
892 1240 958 1308 quo
980 1220 1145 1290 insumere
1166 1221 1299 1310 poesie?

309 1344 375 1411 Cur
396 1351 470 1430 eget
491 1338 641 1428 indignus
662 1340 836 1428 quiequam
858 1349 890 1408 te
912 1339 1036 1408 divite?
1058 1344 1168 1423 Quare

308 1463 439 1551 temple
460 1471 557 1528 ruunt
578 1461 710 1550 antique
732 1460 855 1529 deum?
877 1463 957 1539 Cur,
982 1463 1146 1551 improbe,
1170 1483 1266 1532 ceree

330 1678 371 1730 99.
389 1678 436 1730 ,444
453 1677 570 1743 emti.
595 1703 622 1716 ·-
647 1677 731 1739 44444444
746 1678 808 1750 Lct.
831 1677 923 1744 (4444444
939 1680 1047 1742 praeter
1064 1682 1169 1732 nostroe
1185 1695 1222 1747 yn
1240 1693 1318 1731 ceum

298 1751 390 1816 altien)
403 1779 431 1791 -
442 1753 629 1818 tranium,
641 1752 811 1803 4444444404.
822 1779 849 1790 -
861 1753 918 1803 404.
928 1751 1084 1817 34444448.
1096 1781 1125 1792 -
1137 1754 1316 1818 tommo.

264 1945 291 1998 p.
304 1930 346 1981 33.
366 1957 394 1966 -
409 1927 540 1993 4444444444]
559 1941 673 1992 quorum
691 1927 790 1978 severi·
825 1925 894 1976 44444
909 1927 1010 1977 44444444
1026 1927 1242 1994 (ammonentem),
1262 1957 1288 1968 -
1302 1931 1353 1980 m.

264 2008 304 2058 tee
320 2006 348 2056 in
364 2001 506 2070 proverbio
524 2004 590 2053 eret.
620 2002 672 2054 Cir.
689 2001 738 2052 0d.
758 2001 786 2064 3,
825 2001 871 2050 tue
886 2001 987 2063 eruptus
1000 2003 1112 2066 4444044]
1132 2017 1217 2067 «quae
1239 2005 1262 2055 ei
1282 2004 1353 2054 inter

264 2081 310 2142 te,
329 2079 358 2130 3:
375 2077 720 2140 Putmaeuerberatinmtue.
734 2076 786 2125 Set.
826 2075 881 2126 tres
914 2089 992 2140 reges
1027 2076 1224 2140 dividerentur,
1260 2079 1351 2129 temen

263 2155 292 2215 3,
313 2153 342 2214 3,
365 2153 407 2204 38.
444 2153 487 2202 Sin
508 2149 580 2215 apud
606 2148 789 2200 Philemonem
826 2149 941 2213 quisque
957 2150 1055 2200 horum
1072 2150 1160 2215 empti
1178 2153 1251 2203 esset
1266 2152 1353 2203 tortu·

264 2229 403 2280 Comicum
417 2225 543 2289 irequens
556 2227 613 2275 erut
624 2229 735 2286 44444444
744 2223 789 2272 40-
825 2222 885 2272 ne.»
899 2249 927 2260 -
939 2224 1017 2288 14444]
1029 2224 1188 2288 indignantis
1200 2229 1254 2277 est:
1273 2237 1352 2278 acum

262 2303 393 2366 4444444444,
411 2301 479 2352 teste
496 2297 606 2364 Apuleio
619 2296 728 2359 itone,
747 2298 787 2346 46.
825 2297 929 2348 tentum
959 2296 1074 2358 hebens,
1109 2311 1196 2350 nonne
1228 2303 1269 2351 est
1296 2313 1352 2365 que

265 2376 356 2428 -titi
374 2375 496 2439 iriquum]
515 2373 635 2424 «tibimet
656 2373 706 2437 ipsi
723 2385 789 2422 exo-
826 2370 922 2423 melius
944 2374 1079 2424 insumere
1101 2375 1191 2437 poesie
1215 2374 1288 2438 quod
1303 2387 1353 2425 444-

263 2463 354 2512 sum,»
380 2453 410 2500 ut
435 2448 507 2513 apud
530 2449 689 2500 Ciceronem
705 2457 787 2509 enepe
824 2447 951 2508 pereutit
977 2473 1005 2482 -
1028 2445 1139 2512 4444444]
1167 2447 1353 2512 4444444044-

262 2524 663 2587 4444444444444444444444444444444444
675 2533 725 2585 pru
741 2521 789 2570 ini·
824 2519 871 2570 det
886 2521 939 2570 tuis
955 2520 1075 2571 usibus.»
1104 2521 1196 2572 scum.
1225 2523 1281 2572 Cic.
1300 2525 1352 2574 Pe·

263 2600 349 2651 micis.
373 2596 634 2659 cent.0d.t,t,i't.
654 2597 678 2645 t.
692 2597 732 2656 40,
746 2595 786 2644 te.
824 2595 923 2656 red.6,
943 2595 971 2657 3,
989 2595 1036 2646 te:
1064 2597 1122 2646 Uter
1137 2597 1218 2660 4444444
1233 2601 1268 2647 eet
1284 2597 1352 2648 44444·-

823 2671 885 2730 ttor,
903 2671 1037 2732 44444444,
1055 2671 1348 2734 aneutsuperutiqet

295 2747 400 2797 eti-ton.
426 2746 474 2806 Δ4,
492 2745 575 2804 inquot
593 2744 714 2807 4444444444]
735 2744 787 2793 Lu·
823 2750 890 2810 4944,
908 2759 944 2795 an
960 2747 1004 2808 4444
1020 2745 1155 2796 abimum?

263 2822 331 2872 cieri.
343 2822 408 2872 Tim.
418 2821 464 2870 20:
480 2813 552 2886 'Eyui
564 2817 595 2870 δέ
605 2833 652 2869 τοι
662 2811 787 2880 πολλοὺς
857 2819 928 2870 ree-t
934 2820 974 2870 07.
987 2821 1111 2886 tudinum]
1123 2821 1302 2882 «immeritum
1312 2821 1353 2872 in·

262 2889 300 2946 tv
324 2896 415 2948 444444
437 2887 537 2960 ’ἔχοιμι
561 2907 611 2945 σοι
635 2891 705 2956 χθὲς
732 2890 787 2956 μὲν
824 2893 919 2957 dignus
931 2895 976 2959 qui
985 2894 1181 2958 434444044444.
1193 2896 1272 2947 Cure.
1285 2894 1311 2956 4,
1321 2897 1348 2956 2,

263 2966 330 3023 otei
341 2964 464 3032 ὀβολόν,
482 2961 557 3020 ὥστε
568 2968 709 3040 πρίασθαι
719 2962 788 3038 βρό-
824 2971 868 3020 ii:
886 2971 998 3035 1444449444
1007 2970 1113 3034 (quihus
1125 2969 1194 3021 mein
1206 2971 1316 3034 dicetur)
1328 2971 1352 3022 44

262 3059 331 3108 χον,
349 3041 527 3112 ἐσχηκότας,
547 3036 633 3106 ἄφνω
649 3041 681 3095 rt
696 3039 787 3108 τήμε-
823 3045 890 3094 mute
901 3045 1001 3107 dieitur,
1013 3045 1273 3096 4444444444444444444
1284 3045 1349 3096 dieo.

261 3120 480 3192 ρονπλουσωυς
490 3119 539 3170 καὶ
549 3117 712 3181 πολυτελεῖς
720 3118 784 3182 ieri.
825 3145 854 3156 -
870 3118 970 3182 Tempta
983 3121 1076 3182 44444444]
1093 3121 1192 3184 quippe
1209 3133 1280 3184 qune
1300 3134 1351 3185 per

262 3195 368 3246 «Placet
385 3197 474 3260 potius
498 3207 528 3244 444
544 3207 577 3245 ex
599 3194 742 3246 Binndiniis
759 3195 787 3244 et
823 3191 893 3244 hetin
903 3193 988 3244 civilia
996 3193 1168 3259 diunegiecte
1177 3195 1238 3245 sint.
1249 3196 1350 3248 Verum

261 3271 360 3322 nostris
377 3269 488 3333 aliquot,
513 3272 542 3319 444
558 3283 641 3320 unum
658 3281 787 3320 nummu·
823 3267 895 3319 unde
913 3269 940 3318 in
961 3268 1069 3320 iteratio
1088 3269 1158 3332 (nem
1181 3269 1276 3330 etiem,
1304 3271 1350 3333 qui

261 3338 318 3393 lum
334 3343 445 3404 indicet,
463 3355 545 3407 quem
557 3355 612 3402 uer,
630 3343 704 3406 quod
715 3355 788 3393 sum·
823 3341 1092 3394 haecomninoieiiee
1102 3341 1349 3404 tribuunt,huiueee

262 3429 322 3470 mee
345 3417 463 3467 incertae
486 3418 536 3467 eet.
577 3417 708 3466 Lucienus
735 3417 787 3465 itu-
823 3416 969 3466 sententies
995 3429 1010 3465 a
1035 3419 1114 3481 poeta
1138 3415 1265 3480 probari,
1295 3431 1350 3469 nen

261 3503 315 3556 que
332 3491 443 3552 40444444,
461 3491 660 3549 Nosterussem,
679 3488 787 3540 Plautus
822 3488 1088 3557 διακωμῳδετσθαι,
1128 3490 1262 3542 fateantur
1300 3505 1351 3544 ne·

263 3564 367 3630 (Pseud.
387 3564 416 3626 4,
440 3564 469 3627 4,
489 3563 522 3614 36
547 3563 598 3626 eq.)
624 3563 785 3626 4444444444,
824 3577 900 3615 cesse
921 3565 980 3627 esti,
1006 3565 1078 3616 unde
1104 3567 1131 3616 in
1156 3566 1278 3628 Horatio,
1306 3567 1349 3618 in·

261 3641 366 3690 eertum
383 3650 476 3689 omnes
493 3635 661 3688 nummulum
677 3651 727 3702 pre
747 3636 788 3688 ln·
823 3650 919 3702 quum,
942 3641 988 3702 qui
1005 3641 1094 3691 carm.
1109 3642 1137 3702 4,
1161 3638 1208 3701 34,
1233 3641 1257 3690 t.
1280 3653 1350 3704 4444·-

261 3714 324 3778 quei
348 3714 433 3778 pretio
461 3713 657 3763 nominarunt.»
693 3714 784 3764 4444444.
822 3725 880 3762 eum
900 3713 1004 3763 44444444
1023 3714 1143 3765 craterem
1159 3721 1182 3765 et
1201 3715 1350 3779 4444444444-

263 3815 291 3826 -
317 3789 407 3852 444444]
433 3787 486 3839 Cir.
508 3787 562 3837 Set.
584 3788 611 3849 4,
637 3786 667 3850 4,
693 3788 734 3837 79.
755 3815 783 3826 -
822 3789 969 3836 temsemet
979 3788 1037 3851 ipse
1049 3787 1176 3853 appellet,
1194 3791 1266 3840 444444
1279 3791 1348 3842 haec

264 3861 388 3924 44444444]
401 3861 528 3912 decoctor
539 3862 652 3924 ignotus.
682 3864 785 3913 Nomen
822 3861 876 3911 iem
887 3873 911 3911 4.
924 3861 981 3912 iio.
995 3861 1158 3926 temptorum
1174 3866 1257 3915 curui
1274 3866 1348 3916 itere

260 3937 288 3987 in
305 3935 390 3986 codd.
404 3937 606 3986 controversum
617 3938 703 3987 exsut
713 3936 786 4002 apud
821 3939 889 3989 44444
910 3937 1044 3990 simulatio
1067 3951 1128 3992 esee
1151 3953 1204 3992 non
1226 3944 1347 4006 poteret,

261 4011 404 4060 Gruterum
415 4009 477 4072 444,
495 4011 705 4075 3.-444444444]
718 4009 785 4062 «ob-
821 4027 874 4065 non
891 4014 977 4077 magis
999 4025 1081 4078 quem
1098 4016 1187 4067 cerm.
1205 4015 1236 4078 ³,
1258 4017 1288 4078 4,
1313 4017 1345 4067 t:

260 4083 393 4146 iurgatur,
416 4083 607 4147 vituperetur.»
627 4108 654 4121 -
672 4086 785 4149 vertiqu-
820 4088 1281 4154 neeumatonentmnwntestue,
1299 4093 1349 4144 iio-

260 4157 310 4221 ttu]
336 4157 364 4207 44.
382 4155 399 4206 i.
422 4158 516 4222 priveti
540 4157 657 4223 reditun,
682 4161 713 4210 ut
734 4160 782 4212 0d.
819 4175 911 4225 4444444,
929 4163 1006 4214 444444
1025 4163 1262 4228 4444444444444444,
1291 4168 1344 4218 net.

261 4231 289 4292 3,
309 4229 354 4292 44,
374 4229 416 4282 40.
452 4231 506 4282 Cic.
525 4233 559 4283 de
584 4233 658 4285 0044.
681 4233 711 4294 2,
737 4235 783 4296 34,
820 4235 886 4297 Sed,
905 4237 1009 4301 etquid
1027 4237 1145 4292 divinare
1162 4239 1214 4290 4444
1231 4240 1258 4290 in
1274 4237 1348 4291 reii-

260 4304 305 4356 384
324 4309 352 4356 ut
366 4305 451 4370 444444
465 4306 571 4369 uentu,
587 4309 722 4373 4444444444
736 4322 785 4359 444·-
820 4314 875 4374 444,
900 4311 992 4376 quidni
1009 4312 1143 4376 dicamne,
1170 4315 1270 4367 44444444
1286 4315 1346 4366 uni·
