3178 4972
288 413 351 477 tao
588 468 589 474 ,
645 413 774 465 ironam
792 413 1012 486 sersrotanuu

331 573 374 636 Te
397 570 503 649 dieas;
525 591 599 636 nam
621 571 648 636 si
671 570 750 636 ratio
773 581 805 636 et
827 568 998 658 prudentia
1020 589 1133 644 ouras,
1336 572 1377 634 25

330 695 399 760 Non
421 691 512 759 locus
533 691 627 760 effusi
650 691 712 759 late
733 691 833 758 maris
855 690 976 759 arbiter
997 689 1116 764 aufert,

333 813 480 892 Caelum,
504 834 569 881 non
591 814 731 880 animum
746 823 884 892 mutant,
909 813 965 902 qui
981 822 1068 880 trans
1082 831 1172 880 mare
1191 824 1334 881 comunt.

288 1065 349 1129 Οὐχ
371 1064 412 1133 εἷς
434 1065 544 1140 πάτρας
559 1085 612 1136 μοι
628 1067 750 1138 πύργος,
776 1062 811 1120 οὐ
849 1071 931 1132 atque
953 1081 968 1119 a
994 1068 1080 1132 patria
1099 1069 1286 1120 remotissimis
1303 1071 1378 1121 tran-

286 1147 341 1210 μία
356 1145 459 1212 στέγη,
477 1141 581 1210 Πάσης
598 1143 629 1195 δὲ
643 1145 751 1214 χέρσου
763 1143 813 1194 καὶ
850 1139 955 1205 quillius
987 1141 1146 1205 beatiusque
1171 1143 1267 1193 victuri
1295 1155 1376 1208 quam

287 1217 417 1284 πόλισμα
427 1220 478 1271 καὶ
487 1212 723 1285 δόμοςἝιοιμος
734 1213 813 1284 ἡμᾶς
850 1215 949 1266 domi.»
976 1218 1054 1266 Laus.
1088 1215 1129 1266 Ad
1154 1213 1236 1267 verba
1257 1217 1389 1274 similiter,

286 1294 486 1346 ἐνδιαιτᾶσθαι
502 1293 590 1363 πάρα.
619 1323 646 1330 -
672 1296 729 1345 Non
746 1295 814 1345 taeta
850 1289 1038 1351 invenerat
1054 1303 1059 1339 :
1078 1292 1188 1354 undique
1204 1292 1378 1344 atumem

287 1370 349 1434 eet]
368 1370 492 1421 Similiter
503 1371 551 1421 itio
564 1370 701 1433 chrysost.
716 1370 759 1420 0r.
770 1369 811 1420 ΞΟ.
848 1365 946 1416 venient
963 1369 986 1415 at
997 1367 1123 1428 carpentis
1133 1371 1156 1416 at
1166 1367 1273 1416 nevitta
1283 1380 1374 1418 omnes.

287 1459 314 1510 p.
326 1445 384 1496 494.
398 1446 442 1495 n:
469 1437 504 1495 οὐ
521 1440 611 1506 τόπος
627 1443 706 1494 ἐστὶν
723 1437 741 1492 ὁ
758 1458 813 1492 πα-
850 1441 914 1490 stira
948 1442 989 1489 est
1022 1438 1134 1490 aliorum
1176 1441 1374 1506 interpretatio:

287 1521 381 1591 ρέχων
398 1513 466 1570 οὐδὲ
477 1515 510 1569 τὸ
523 1515 714 1584 ἀποδημῆσαι
724 1513 812 1583 τὸμὴ
851 1512 1036 1579 «spectaculis
1053 1515 1080 1564 in
1096 1515 1173 1565 Circo
1191 1529 1252 1566 curn
1271 1516 1378 1579 quadri·

287 1589 376 1656 φαῦλ’
393 1588 466 1645 ἄττα
482 1591 615 1665 πράττειν
627 1587 695 1644 οὐδὲ
707 1593 747 1655 εἰς
758 1589 814 1644 Κό-
850 1589 889 1652 gis
907 1590 935 1638 et
946 1601 1008 1639 eum
1021 1587 1134 1640 navibus
1148 1589 1175 1638 in
1187 1591 1376 1640 Naumachia.-

286 1668 812 1816 restinxerunt&
850 1663 1377 1805 snttlsiiutttittttt

287 1817 370 1870 alvos.
392 1849 419 1858 -
438 1820 540 1885 matter]
559 1821 626 1884 «qui
644 1831 717 1870 mare
735 1817 812 1882 longe
849 1831 889 1868 rer
905 1818 1001 1868 moure
1013 1816 1127 1879 patebat,
1141 1816 1332 1880 tquaerebat.»
1346 1841 1374 1854 -

287 1897 441 1960 prospectat
457 1896 546 1959 itequa
564 1896 622 1946 eius
632 1891 714 1944 veluti
725 1893 814 1943 domi·
852 1891 957 1956 Ulubris]
970 1904 1037 1955 quas
1047 1905 1143 1941 saeuos
1154 1891 1218 1942 dicit
1229 1892 1321 1943 iuven.
1334 1893 1375 1954 ro,

288 1983 338 2020 nus
361 1971 427 2019 est.»
466 1968 505 2019 Gi.
523 1970 571 2018 0d.
590 1969 618 2029 4,
638 1969 667 2030 3,
687 1969 732 2019 tt:
760 1969 813 2030 Quo
852 1967 907 2017 tos.
951 1965 1111 2032 oppidulum
1145 1979 1230 2032 prope
1264 1966 1377 2032 paludes

288 2043 373 2107 (Noto)
388 2057 440 2093 nort
450 2043 546 2094 arbiter
555 2043 811 2094 HodrtaeMaior.—
850 2041 1002 2104 Pomptinas
1020 2043 1048 2091 et
1062 2039 1175 2092 Velitras
1193 2041 1331 2106 (Vallaei),
1349 2043 1376 2092 iu

287 2118 399 2179 Caelum
429 2131 480 2168 noa
507 2117 630 2183 animan]
665 2118 813 2169 Aeschines
851 2116 908 2179 ipso
925 2113 968 2165 illo
985 2128 1068 2179 pago,
1098 2117 1145 2180 qui
1170 2129 1241 2167 nune
1263 2117 1377 2168 Oiatarm

287 2191 348 2242 adv.
368 2192 486 2255 ctesiph.
511 2192 535 2255 ἕ.
553 2193 601 2242 78:
629 2185 664 2242 οὐ
689 2187 745 2263 γὰρ
762 2186 813 2241 τὸν
850 2189 961 2250 dieitur¹
980 2191 1061 2241 situm
1079 2190 1159 2242 luisse
1177 2190 1321 2242 arbitratus
1335 2194 1377 2243 eat

286 2262 409 2336 τρόπον,
435 2260 510 2314 ἀλλὰ
534 2261 586 2316 τὸν
606 2262 698 2316 τόκον
719 2262 813 2332 μόνον
851 2263 992 2315 cardinali.
1016 2266 1108 2328 (inser.
1128 2277 1163 2315 m.
1182 2267 1238 2316 Lat.
1258 2268 1288 2316 rt.
1308 2265 1375 2329 tas.)

287 2337 471 2406 μετήλλαξεν.
501 2367 528 2377 -
555 2341 665 2391 Strenua
681 2369 695 2378 -
711 2341 812 2405 taartto]
851 2342 935 2403 Negat
946 2345 1035 2391 tamen
1047 2339 1224 2391 Walclrenaer
1233 2343 1252 2392 l.
1267 2355 1293 2406 p.
1305 2340 1374 2400 474..

288 2414 377 2475 Qualis
394 2417 436 2466 est
449 2413 616 2465 ardalionum
628 2418 681 2466 vita
694 2416 812 2478 (itarital.
851 2415 900 2475 ita,
919 2417 949 2464 ut
965 2427 1046 2465 verus
1059 2414 1214 2468 Ulubrarum
1227 2417 1293 2466 situs
1305 2429 1376 2467 nune

287 2489 315 2549 ἓ,
338 2489 389 2552 7.),
417 2490 462 2552 qui
490 2501 553 2540 cum
581 2503 691 2554 semper
715 2490 814 2554 aliquid
851 2490 965 2552 ignorari
977 2489 1107 2540 videatur.
1123 2491 1195 2541 itane
1204 2490 1319 2540 Trebatii
1330 2504 1377 2556 pa·

287 2560 433 2614 moliuntur
455 2577 572 2628 moxque
589 2567 691 2615 temere
710 2567 813 2630 incepta
850 2566 929 2614 triam
946 2564 1017 2615 ridet
1033 2565 1128 2615 Cicero
1145 2565 1180 2615 ad
1197 2566 1269 2615 Fam.
1288 2567 1313 2625 7,
1332 2565 1373 2624 td.

287 2638 426 2699 omittunt,
450 2637 514 2688 nihil
531 2653 651 2703 unquam
667 2653 815 2704 assequun-
850 2639 875 2688 3.
902 2642 1013 2704 propter
1037 2638 1245 2690 ranunculorum
1269 2638 1319 2700 ibi,
1346 2645 1376 2690 ut

286 2717 331 2764 tur
347 2727 397 2764 nee
413 2713 572 2778 perficiunt;
594 2715 666 2780 quod
684 2729 746 2766 cum
764 2717 814 2781 ipsi
851 2716 900 2776 ait,
926 2709 1144 2784 ῥηιορευόντων
1169 2711 1373 2766 multitudinem.

286 2791 418 2852 sentiunt,
449 2790 537 2840 taedio
561 2796 724 2853 remeatur,
754 2792 813 2842 tati·
850 2789 991 2853 (atttutroa
1015 2788 1090 2839 loeus
1112 2789 1139 2839 in
1165 2786 1249 2850 ltalia,
1276 2789 1304 2840 tu
1320 2801 1375 2851 quo

287 2867 390 2927 gantur.
421 2865 507 2916 ltinus
522 2868 597 2916 recte
614 2879 749 2917 nonnemo
765 2880 813 2917 ex·
851 2865 965 2915 nutritus
981 2866 1024 2913 est
1038 2864 1296 2927 (laeserimus,
1315 2877 1376 2929 pro-

286 2936 399 3003 plieavit.
410 2939 444 2989 de
458 2941 512 2990 vita
525 2942 609 2992 otiosa
620 2954 652 2991 ae
663 2941 811 3006 tranquilla,
851 2941 910 3003 pter
926 2951 1008 3002 quam
1025 2950 1136 2988 oausam
1153 2936 1187 2988 ab
1205 2939 1313 2988 Horatio
1329 2951 1376 2990 no·

287 3026 359 3076 quae
376 3019 479 3066 strenua
496 3028 544 3066 nos
561 3021 690 3078 averrat,
717 3017 744 3066 id
761 3019 811 3078 est,
851 3015 980 3073 minatur,
1000 3025 1062 3064 cum
1079 3013 1114 3064 sit
1130 3011 1328 3064 desertissimas
1338 3015 1376 3064 vi-

287 3087 426 3151 distineat‚
446 3089 511 3141 dum
528 3091 714 3155 assequendae
732 3093 756 3142 ei
769 3104 814 3141 na·
850 3100 924 3138 eus.»
941 3089 1034 3138 Poma.
1062 3087 1101 3137 Ct.
1118 3088 1226 3137 sueton.
1239 3087 1330 3138 Oetav.
1342 3089 1372 3138 e:

286 3164 354 3215 viter
371 3165 519 3216 studemus.
555 3165 660 3216 Etenim
682 3179 733 3231 per
748 3160 813 3230 ὀξύ-
849 3162 1067 3212 Naotmeatonen
1083 3161 1375 3212 arnostettditoradme

285 3253 385 3310 μωρον
407 3240 584 3302 dictumest,
612 3239 722 3291 utillud
739 3241 813 3291 Ennii
850 3237 918 3286 loeus
932 3237 961 3286 ln
976 3236 1045 3287 sotto
1061 3235 1218 3298 maara,
1236 3237 1311 3286 taeta
1329 3237 1375 3288 Va-

278 3313 358 3379 apud
376 3314 618 3377 eelt.te,to,ts:
638 3318 720 3367 Ottoso
735 3330 813 3382 napo-
848 3313 941 3374 tinas.)
969 3339 997 3349 —
1024 3313 1125 3362 sannae
1143 3312 1303 3376 --aoqaurl
1329 3313 1374 3364 Est

286 3389 320 3440 tto
338 3391 437 3440 antmm
452 3392 541 3453 narrt,
560 3392 696 3453 qoidoettt.
716 3393 810 3442 Seneo.
850 3379 976 3452 εὐθυμία
997 3386 1055 3438 siva
1077 3384 1120 3436 illa
1145 3386 1250 3450 Epicuri
1265 3379 1374 3476 drapa-

285 3463 320 3514 de
338 3464 415 3513 Brev.
433 3464 503 3514 vitae
523 3464 565 3526 44,
583 3465 615 3514 3:
634 3467 757 3516 desidioso
773 3479 813 3516 oo·
849 3457 912 3526 ξὶα,
932 3455 951 3527 ἢ
969 3457 1035 3526 (σὺν
1052 3459 1087 3533 τῇ
1104 3459 1156 3513 τοῦ
1168 3459 1305 3527 σώματος
1317 3477 1375 3530 oya-

285 3539 394 3601 arpotis
419 3537 453 3588 de
471 3539 568 3602 Tranq.
586 3552 630 3590 an.
650 3541 696 3601 te,
715 3541 744 3590 2:
771 3541 813 3590 ta-
849 3536 904 3604 είᾳ)
921 3533 1371 3608 τοῦμακσρωςζῆνέστὶιέλος.

286 3615 371 3677 quieto
388 3613 489 3664 inartta.
516 3613 607 3675 Odi,
626 3614 714 3675 tm:
741 3615 812 3664 luru-
850 3614 925 3676 Diog.
943 3613 972 3662 L.
993 3613 1040 3675 til,
1059 3615 1130 3673 ⁴284
1159 3615 1282 3666 uenimus
1302 3615 1373 3667 hene

285 3689 355 3740 atem
377 3689 509 3752 sapientia«
536 3689 565 3750 2,
588 3688 632 3752 ll,
653 3689 702 3740 26:
731 3689 813 3753 sortita
849 3687 1028 3750 compositus,
1056 3685 1125 3739 nulla
1148 3687 1292 3752 eupiditate
1309 3701 1374 3740 exa-

284 3765 398 3816 matta.
425 3763 491 3828 Epp.
511 3764 538 3824 4,
552 3764 598 3826 ll,
612 3765 659 3814 te:
677 3765 812 3815 roenna
848 3763 945 3826 gitatns
979 3761 1104 3828 nudaque
1132 3763 1296 3826 aegritudine
1324 3765 1375 3816 de-

284 3839 387 3888 discere.
407 3839 481 3902 titos:
499 3839 716 3903 paseldsttqar
729 3839 812 3890 ltita-
848 3851 985 3903 pressus.»
1020 3839 1155 3889 Sententia
1177 3841 1233 3889 tam
1255 3838 1374 3906 γενικῶς

219 3967 226 3976 -
285 3913 438 4037 nne
451 3912 812 4052 urin
848 3911 1374 4054 ιιιιιιιιιι

284 4061 347 4110 rttio
364 4063 462 4112 ιιιίιιιοι
483 4063 611 4113 tammum
634 4063 808 4115 exorcebat.
847 4076 978 4128 perquam
994 4062 1094 4114 acerbe
1111 4063 1242 4115 criminati
1260 4067 1374 4116 suntla-

287 4161 314 4171 -
327 4135 506 4202 sordescet]
525 4139 597 4189 «Nos
613 4139 697 4190 maria
714 4140 742 4189 et
758 4142 811 4189 ter-
847 4139 979 4203 terpretes
1012 4135 1130 4189 nonnuld
1163 4136 1266 4190 bonum
1300 4141 1372 4190 hunc

285 4221 329 4260 ras
343 4221 531 4275 peragramus,
550 4215 579 4264 ut
591 4211 662 4265 bene
674 4213 809 4279 beateque
846 4211 1001 4275 Bullatium.
1020 4213 1171 4274 hominem,
1191 4215 1317 4277 etaient,
1334 4215 1373 4265 lu·

285 4283 420 4348 vivamus,
450 4287 526 4354 quasi
551 4289 578 4338 in
602 4286 667 4340 loris
693 4289 808 4341 extemis
846 4288 1027 4351 constantem,
1040 4284 1141 4348 lavem,
1155 4297 1306 4351 morosum,
1320 4289 1372 4340 llo-
