3082 4968
552 443 611 493 ΠΒ.
631 443 649 493 i.
686 443 754 494 SAT.
776 443 819 494 Vi.
1179 441 1240 505 »195

192 601 307 666 i'entre
329 598 417 665 diem
439 599 574 675 durare,
598 597 797 668 domesticus
822 599 913 666 otior.
959 601 1047 668 Haec
1070 611 1119 666 est

192 721 259 788 Vita
282 719 462 787 solutorum
483 721 605 788 misera
627 719 801 789 ambitione
828 722 1003 810 gravique3

191 843 247 910 His
268 863 322 909 me
344 843 496 910 consolor
518 843 679 910 vicinarum
700 843 848 922 suavius,
875 843 963 911 acsi
1178 846 1240 912 tau

193 967 353 1044 Quaestor
375 985 472 1042 avus,
496 973 590 1052 pater
611 975 708 1053 atque
730 985 823 1032 meus
845 975 1047 1054 patruusque
1068 967 1189 1036 iirisset.

215 1201 271 1252 430.
288 1201 402 1252 victam
419 1200 473 1252 duo
490 1201 618 1264 Poitierii,
637 1203 687 1252 LC.
713 1201 752 1264 (ut
769 1213 833 1262 nas,
852 1202 935 1252 nostri
948 1203 975 1252 et
986 1203 1068 1252 ceteri
1079 1203 1204 1254 Pcttierii.

184 1276 304 1327 Correxit
319 1279 373 1328 iam
389 1275 472 1328 nidus
490 1279 517 1327 et
534 1276 706 1339 Torrentius.)
727 1303 754 1312 -
774 1275 830 1327 tat.
842 1277 945 1340 [ιιιίιιιιι
961 1276 1034 1342 bcdp
1052 1279 1079 1328 et
1090 1278 1209 1344 compiu-

183 1363 226 1402 res
244 1353 376 1413 Pottierii‚
395 1352 456 1402 LCi.
492 1352 610 1416 (lituos,
629 1352 660 1413 S,
682 1346 738 1416 ξιω
754 1354 783 1401 et
799 1353 860 1402 octo
877 1351 1011 1414 Pettierii.)

152 1555 256 1620 (muta).
294 1556 394 1608 verum
421 1557 460 1608 sic
484 1571 578 1609 rursus
603 1558 676 1608 idem
714 1551 798 1624 ὀλίγα
806 1555 1053 1628 περιπατήσαντες
1063 1555 1238 1622 λούσασθαι,

150 1629 203 1691 his,
216 1643 248 1681 eo
258 1632 337 1695 peius
348 1635 429 1684 eiiam
441 1633 590 1692 dissuetum
604 1633 676 1684 idem
713 1628 776 1683 citet
784 1636 897 1699 φαγεῖν,
908 1629 970 1683 εἶτα
981 1631 1160 1700 κοιμηθῆναι
1173 1633 1239 1684 οῖἀν

152 1704 222 1755 enim
247 1718 359 1769 prorsus
381 1711 455 1759 esset
478 1709 516 1758 soi
541 1709 628 1758 acrior
650 1710 678 1758 et
713 1704 748 1773 δὴ
766 1709 868 1774 κοίτην
884 1705 1036 1760 καθεύδειν
1052 1705 1122 1772 τοὺς
1142 1707 1239 1762 τοιού-

150 1779 243 1828 raiiosi
265 1785 380 1844 temporo
400 1783 474 1846 ciprii.
509 1783 539 1832 In
560 1780 676 1832 eandem
713 1797 781 1846 τους
799 1780 886 1846 εἰκός.
916 1784 971 1834 Cic.
990 1783 1025 1834 ed
1048 1785 1121 1834 Fam.
1140 1785 1169 1846 9,
1187 1785 1237 1836 20:

152 1853 205 1904 iere
223 1867 288 1904 cum
305 1855 443 1906 Ouneusio
454 1855 574 1920 volgatae
586 1856 677 1907 deien—
712 1859 741 1908 is
757 1859 863 1921 sptmrt
878 1872 924 1908 nos
940 1859 1082 1908 ademarii
1098 1861 1178 1910 nostri
1194 1873 1240 1910 co-

150 1928 255 1979 dendae
270 1929 402 1981 rationem
419 1930 511 1980 incidit
522 1930 676 1982 Goeriitzius
711 1938 766 1982 stra
783 1933 939 1982 coniecimus.
958 1958 973 1969 -
989 1959 1004 1970 -
1019 1934 1087 1984 Haec
1107 1934 1187 1998 ipitar
1205 1939 1241 1984 esi

149 2004 388 2066 inProgrammate
401 2004 585 2069 Vitehergensi
602 2005 674 2056 4838.
711 2008 853 2057 cumcito
875 2013 979 2056 nostra:
1004 2021 1080 2057 mane
1101 2009 1241 2064 mutamus

149 2091 175 2142 p.
193 2080 230 2137 5.,
251 2079 303 2128 nisi
324 2079 398 2142 quod
420 2083 561 2145 praeterea
583 2080 677 2131 lectio-
712 2081 779 2130 ιλοιιιί
796 2085 820 2131 et
842 2081 917 2131 bonos
932 2081 1001 2131 uiros
1020 2081 1111 2132 multos
1127 2083 1169 2132 sed
1190 2083 1240 2131 tri-

149 2165 211 2202 nem
230 2152 297 2202 Cod.
316 2151 407 2204 Biand.
421 2156 499 2206 unico
511 2169 604 2205 veram
615 2167 677 2218 pro-
711 2161 770 2216 stes,
794 2160 818 2205 et
838 2156 882 2206 ios
903 2157 980 2205 laetos
995 2157 1109 2206 victores.
1128 2183 1143 2196 -
1159 2183 1173 2194 -
1193 2157 1237 2206 Uti

149 2226 247 2277 tectam
270 2227 393 2291 opinatur
415 2228 450 2279 ab
474 2231 524 2280 isto
548 2231 674 2290 homine,
711 2231 831 2280 salutatio
842 2233 960 2296 daliwi,
979 2231 1235 2292 litterismeinvoioo‚

151 2302 194 2364 qui
210 2313 323 2362 recens,
340 2303 371 2352 ut
387 2303 506 2365 videtur,
528 2302 675 2354 aiectioue
712 2311 758 2355 aut
778 2305 858 2356 seriio
875 2312 921 2356 eut
942 2307 1005 2369 ispo.
1042 2307 1146 2357 Veniant
1161 2307 1238 2356 etism

150 2374 274 2426 iiartiaiis
291 2375 326 2426 sd
343 2378 395 2427 Sat.
412 2379 441 2440 2,
461 2379 491 2440 6,
511 2377 551 2430 ts.
570 2393 596 2444 p.
616 2377 673 2430 483.
712 2381 754 2442 qai
770 2393 810 2430 αιι
826 2381 933 2430 aedium
949 2381 1022 2440 quasi
1039 2381 1137 2430 doctam
1158 2381 1241 2431 iomi-

150 2450 196 2502 Ed.
226 2451 309 2515 Cruq.
340 2451 413 2501 test.
445 2466 564 2517 pannum
593 2453 677 2504 assuit
711 2469 785 2517 nem,
804 2456 867 2516 quia
880 2455 1025 2518 pauiosum
1042 2469 1119 2516 quam
1136 2455 1241 2517 ipsido-

151 2525 235 2576 hunc:
256 2524 398 2577 «solebant
414 2530 505 2578 eutem
522 2528 632 2579 Romani
649 2529 676 2578 in
712 2531 784 2580 ctior.
812 2530 872 2580 Inde
884 2531 985 2592 corpori
996 2543 1068 2579 οιαιιι
1084 2531 1240 2592 ternpusdu-

151 2603 252 2666 Campo
278 2601 370 2652 Martio
398 2599 491 2652 ludere
518 2601 571 2666 piia
594 2604 676 2666 trigo-
713 2611 764 2656 tur.
791 2631 818 2642 -
841 2606 936 2655 misero
959 2604 1100 2669 ambitione]
1126 2604 1185 2654 Vid.
1205 2604 1239 2655 ad

151 2675 228 2726 nali·
263 2675 320 2725 iioc
337 2689 402 2725 vero
416 2689 527 2740 prorsus
543 2675 678 2740 improba·
714 2680 810 2740 Sati,
829 2678 858 2740 i,
877 2681 918 2730 tt.
939 2706 966 2716 —
985 2680 1090 2729 saevius
1106 2679 1145 2742 αι]
1164 2679 1239 2730 coni.

151 2749 203 2800 bite
221 2761 283 2801 esse
302 2750 388 2813 quivis
398 2750 488 2801 videat
500 2763 612 2802 necesse
626 2753 675 2811 est;
714 2751 798 2817 Epod.
808 2753 853 2813 45,
866 2754 890 2802 5.
910 2755 963 2802 Sat.
977 2753 1043 2814 Μ,
1056 2753 1097 2804 io.
1123 2755 1146 2813 4,
1159 2753 1185 2814 2,
1197 2753 1239 2803 tt.

152 2826 201 2876 nisi
218 2824 292 2889 quod
309 2824 416 2876 Iahnius
433 2828 500 2876 Ann.
519 2827 560 2877 te.
578 2839 605 2891 p.
619 2826 676 2876 eto,
714 2829 739 2888 i,
753 2827 794 2888 λθ,
808 2825 848 2877 di.
867 2827 894 2888 ἲ,
905 2827 929 2887 7,
943 2826 984 2876 96.
998 2853 1025 2862 -
1037 2827 1166 2890 Quaestor]
1180 2829 1243 2876 Per-

152 2903 178 2950 et
193 2901 312 2951 Diiutzer
323 2899 491 2952 Goerlitzium
503 2903 588 2952 secuti
605 2903 675 2952 sunt.
714 2914 795 2965 quam
813 2901 878 2951 scite
897 2914 949 2950 non
966 2902 1099 2951 memorat
1116 2901 1165 2950 nisi
1183 2900 1242 2950 inii·

152 2976 231 3025 necte
250 2975 343 3024 contra
361 2974 542 3039 disputantem
565 2978 594 3025 tu
615 2974 677 3025 audi
715 2988 790 3026 mum
815 2977 1013 3038 magistratum,
1044 2988 1097 3039 quo
1123 2975 1242 3026 sexcenti

153 3050 334 3100 Fritzschium.
363 3050 396 3100 V.
414 3050 564 3100 Excursum
580 3051 623 3100 111.
715 3049 770 3110 eiii,
798 3062 936 3112 nunquam
960 3049 986 3100 in
1009 3048 1143 3099 honorum
1160 3061 1241 3099 cursu

184 3123 306 3174 tat-tat.
337 3123 482 3186 interpellet]
506 3122 676 3187 «prohibeat,
715 3123 817 3186 longius
834 3123 983 3186 progressi,
1002 3124 1077 3172 erant
1095 3121 1175 3173 iuncti
1192 3136 1242 3174 ne-

153 3213 204 3250 non
221 3200 316 3250 sinat.»
337 3225 364 3236 —
383 3199 448 3250 ιιιιοι
464 3199 567 3264 timore]
592 3212 678 3263 usque
716 3212 769 3262 que
798 3197 855 3248 eius
880 3209 931 3260 ope
958 3194 1018 3246 tiliis
1043 3197 1241 3261 nepotibusque

152 3274 186 3324 ad
202 3286 326 3325 coenam.
348 3299 376 3310 -
393 3275 460 3324 Haec
477 3279 512 3323 est
536 3273 592 3324 Vita
610 3275 679 3324 soite-
715 3273 797 3326 ulium
806 3270 979 3337 splendorem
990 3273 1164 3334 pepererant,
1192 3271 1242 3322 etsi

153 3353 235 3400 λονιιοι
258 3347 321 3412 cet]
339 3345 464 3398 Similiter
486 3347 679 3411 Epicureorum
715 3349 789 3413 ipsis,
807 3347 899 3410 utpote
917 3343 1071 3396 hominihus
1087 3347 1177 3406 novis,
1195 3346 1244 3396 ho-

153 3425 233 3474 vitam
255 3422 384 3474 describit
405 3421 551 3485 irridetque
575 3423 677 3472 irrisu.
716 3423 774 3474 nori
790 3422 886 3472 iuerat.
921 3421 1038 3472 Ridicule
1059 3423 1150 3472 contra
1167 3435 1244 3472 arro-

152 3499 236 3564 Epict.
251 3499 280 3558 3,
299 3498 344 3558 ti,
363 3498 407 3548 39:
434 3497 469 3547 Ti
484 3490 558 3546 ἄλλο
575 3494 680 3547 θελοι·
716 3509 782 3560 gans
794 3495 900 3553 inisset,
919 3495 941 3546 si
953 3497 1107 3559 praetorem
1119 3493 1161 3546 uei
1174 3496 1242 3546 adeo

153 3588 199 3624 σιν
218 3572 326 3623 ἐκεῖνοι
350 3565 371 3637 ἢ
391 3567 542 3622 καθεύδειν
565 3565 680 3641 ἀνιαρα-
717 3567 856 3622 consulem
872 3583 921 3634 pro
937 3573 1080 3634 quaestore
1099 3572 1241 3634 posuisset.

153 3645 295 3710 ποδισιως
312 3639 610 3712 καὶάναναγιάσιως,
629 3645 678 3694 καὶ
717 3644 875 3710 Simpliciter
896 3657 960 3695 vero
982 3645 1016 3696 de
1035 3647 1178 3708 quaestore
1196 3658 1244 3695 co-

153 3717 330 3785 ἀναστάντες
352 3721 398 3783 ἐφ’
416 3715 543 3788 ἡσυχίας
559 3717 679 3786 χασμή-
717 3719 863 3784 gitandum,
883 3731 935 3770 non
953 3719 987 3770 de
1004 3720 1199 3783 proquaestore
1216 3719 1244 3768 in

154 3798 265 3850 caedat
289 3798 340 3848 κοιλ
365 3793 400 3846 τὸ
423 3792 580 3867 πρόσωπον
604 3789 680 3844 ἀπο-
717 3795 853 3860 provincia
870 3793 966 3856 aliqua.
1003 3793 1093 3856 (Tacit.
1109 3795 1177 3843 Anu.
1197 3794 1242 3853 tt,

154 3868 273 3936 κλῡναι,
302 3868 365 3923 εἶτα
393 3869 509 3944 γράψαι
535 3871 585 3920 καὶ
608 3864 681 3920 ἀνο-
716 3871 763 3920 22:
787 3871 840 3934 ispe
859 3869 945 3918 Saitae
960 3866 1050 3931 viciati
1068 3867 1242 3930 (quaestores)

154 3945 260 4014 γνῶναι
284 3941 305 3998 ἃ
330 3945 475 3998 θέλουσιν·
502 3940 564 3996 εἶτα
586 3942 681 4008 priva-
717 3944 796 3995 creati
812 3943 947 4005 supplendo
964 3942 1074 4000 ιιιιοιιιλς
1096 3939 1143 3990 ubi
1160 3941 1245 3990 Erne-

154 4020 243 4094 φῆσαι
258 4024 288 4073 τι
303 4023 382 4084 nor,
400 4017 606 4086 ἐπαινούμενα
622 4014 681 4072 ὑπὸ
718 4019 797 4070 stius:
819 4030 898 4068 «nam
915 4019 1054 4068 senatores
1071 4015 1172 4066 fiebant
1189 4027 1246 4066 ma-

155 4095 211 4148 ιῶν
227 4089 439 4160 maerendi
455 4094 591 4162 λέγωσιν·
618 4090 682 4145 εἶτα
717 4095 788 4144 xime
810 4093 856 4156 qui
882 4092 1066 4155 magistratum
1091 4090 1245 4141 interiorem

156 4173 195 4235 εἰς
224 4173 382 4244 περίπατον
412 4168 602 4242 προελθόντες
631 4169 682 4220 καλ
717 4169 898 4233 gessissent»)
