3018 4970
539 488 599 538 Ans
619 487 764 539 ronrrcn.
1136 488 1198 553 757

156 640 306 710 Reddere
329 661 414 729 quaa
436 641 557 709 farrum
579 642 680 719 valet,
705 663 819 709 exsors
842 643 913 730 ipsa
934 644 1083 725 secandi3
1134 645 1197 712 305

153 763 267 830 Munus
290 774 323 831 et
344 762 484 831 officium
507 763 550 828 nil
573 763 720 832 soribans
742 765 812 852 ipse
835 763 978 843 docebo,

151 883 243 952 Unde
265 893 420 972 parentur
442 905 537 973 opes,
562 885 641 972 quid
663 884 727 952 alat
749 885 929 973 formetque
952 893 1097 974 poetam

152 1004 236 1084 Ouid
260 1004 390 1082 deceat,
414 1005 493 1094 quid
515 1027 594 1086 non;
618 1026 684 1093 quo
706 1005 821 1084 virtus,
845 1027 911 1094 quo
933 1007 1014 1074 ierat
1034 1028 1135 1074 error.

151 1125 320 1194 Scribendi
344 1135 433 1194 reete
454 1147 570 1215 sapere
592 1137 642 1192 est
662 1135 695 1192 et
716 1127 910 1214 principium
932 1137 964 1194 at
985 1127 1070 1195 fons:

150 1249 230 1315 Rem
252 1247 308 1314 tibi
332 1247 515 1314 Socraticae
538 1257 690 1334 potemnt
711 1247 885 1314 ostendere
908 1247 1053 1326 chartae,
1135 1250 1197 1316 3ίο

172 1463 229 1515 305.
242 1464 355 1516 οσοτίίίσ
370 1463 470 1515 exandi
486 1463 516 1524 ii,
535 1475 625 1525 appara
640 1464 697 1526 ipso
713 1463 813 1514 τιοοιιοι·
829 1477 899 1516 unus
916 1465 1034 1516 Gonodii.
1058 1492 1080 1504 -
1103 1466 1161 1518 309.

140 1544 309 1604 :oparanete
325 1539 353 1589 Τ.
375 1566 402 1575 -
421 1543 457 1590 ast
471 1538 626 1602 principiam
643 1539 672 1590 B.

112 1735 420 1799 repromittentium
427 1733 632 1799 saitemagsm
672 1733 714 1784 oui
731 1734 782 1784 hoo
799 1733 888 1795 deest,
908 1736 1030 1798 quamvis
1047 1749 1143 1800 magna
1163 1739 1196 1789 sit

114 1837 139 1846 -
156 1811 252 1874 stupor
273 1809 327 1860 uice
343 1810 404 1859 οσίίτ
420 1809 482 1876 oet]
502 1810 634 1860 leocrates
671 1807 809 1873 praeditus
830 1809 968 1874 phantasia
992 1812 1019 1861 et
1042 1811 1195 1863 inveniendi

8 1921 9 1934 ,
111 1881 249 1946 adunando
275 1885 468 1947 interrogatus,
496 1895 545 1934 eur
571 1895 634 1934 enm
672 1881 811 1943 hetdtate,
830 1895 968 1946 nunquam
986 1885 1075 1936 tamen
1098 1887 1197 1938 evadet

112 1955 172 2010 aliea
193 1961 280 2010 artem
303 1957 409 2009 dicendi
427 1958 549 2019 doceret,
575 1957 633 2022 ipse
671 1959 750 2024 poeta
769 1957 821 2007 hoo
843 1959 949 2009 nomine
970 1957 1096 2022 dignus.»
1131 1961 1197 2013 «Σοί

112 2033 224 2094 tederet,
242 2031 394 2097 respondit:
413 2031 470 2084 Καὶ
487 2031 519 2082 αἱ
529 2026 634 2082 ἀκόναι
671 2033 763 2082 eontra
782 2043 841 2093 eos,
861 2033 905 2095 qui
923 2032 1014 2084 dieunt
1030 2037 1137 2098 poetam
1155 2037 1196 2087 in-

111 2099 193 2158 αὐταὶ
217 2105 273 2172 μὲν
303 2111 400 2172 τεμεῖν
425 2101 460 2158 οὐ
486 2104 632 2168 ditamus,
671 2106 759 2156 sanine
788 2105 916 2157 debere.»
946 2109 1030 2160 corn.
1055 2109 1133 2166 Cano.
1166 2135 1193 2146 -

8 2207 12 2240 ,-
111 2173 159 2230 τὸν
181 2179 213 2232 tt
237 2178 360 2252 σίδηρον
380 2175 450 2245 ὀξέα
465 2181 515 2232 καί
532 2195 633 2246 τμητι-
668 2181 930 2244 praeceperamus]
948 2182 1149 2247 Dionysiang.
1163 2183 1191 2233 8:

112 2249 162 2304 τὸν
171 2253 399 2326 sotadeorum.
412 2254 485 2318 (Plut.
493 2256 581 2306 vitii.
589 2256 632 2305 Or.
668 2245 745 2304 Ἐπεί
762 2251 793 2303 dd
810 2255 1037 2322 πέντο--τιηγοιί
1052 2258 1127 2319 τινές
1138 2257 1195 2308 τίσι

111 2341 135 2392 p.
144 2329 200 2382 838.
211 2331 251 2394 Ε.)
267 2355 295 2368 ·-
308 2331 346 2380 att
356 2329 464 2380 ιττίὸοιιτ
473 2331 541 2395 ipss]
558 2332 634 2380 snut·
670 2325 722 2394 τῆς
731 2321 1109 2400 ὖψηγορίαςγονιμώταται,
1120 2329 1195 2402 τρῶ-

9 2419 13 2466 ,
110 2401 162 2454 inm
172 2403 631 2469 potimaepioumautdramatioum,
670 2399 1011 2476 τονμιίνιιαίκράτιστον
1021 2399 1056 2454 τὸ
1069 2405 1132 2476 sapt
1143 2401 1195 2468 τὰς

9 2506 16 2540 ς
110 2476 155 2526 ssd
175 2489 316 2530 sermones
339 2477 477 2529 dumtaxat
499 2481 526 2530 et
549 2478 633 2543 lyrim
670 2475 812 2544 νοήσεις
837 2473 1048 2550 ἁίριτήβολον.
1077 2508 1104 2517 -
1136 2482 1195 2531 ion

9 2585 13 2614 ,
111 2551 266 2613 quaedam.»
293 2554 366 2604 inest
376 2555 466 2604 tamen
478 2553 569 2605 teatina
583 2555 633 2604 iro·
671 2552 733 2616 oet]
751 2555 807 2604 Non
819 2556 860 2606 est
871 2557 1041 2618 «poematum
1053 2555 1194 2606 materiem

9 2657 13 2692 η
111 2625 163 2684 nia,
176 2627 348 2692 quapropria
361 2627 479 2678 earmina
492 2626 587 2679 elevat
602 2657 630 2666 —
670 2627 750 2690 atque
774 2631 993 2690 argumentum„
1019 2631 1050 2678 ut
1069 2627 1125 2679 voit
1143 2631 1194 2679 nr-

9 2733 13 2764 ·.
111 2699 171 2764 opes]
190 2701 301 2765 ingenii,
329 2713 398 2764 quaa
420 2705 543 2754 eonstant
558 2703 633 2766 eopia
670 2698 746 2762 nold,
760 2701 808 2752 sed
821 2701 872 2751 hoe
884 2701 958 2752 dicit:
978 2703 1132 2762 «Quomodo
1144 2715 1195 2752 au-

10 2793 14 2800 ’
111 2773 202 2832 (matra
212 2776 254 2840 σο)
270 2775 405 2828 vadorum
423 2776 535 2841 (Quintil.
552 2779 592 2838 io,
606 2779 630 2837 ί,
670 2777 724 2824 tem
736 2775 872 2838 sapienter
882 2779 1012 2839 rectoque
1024 2789 1085 2825 eum
1097 2775 1194 2826 iudioio

112 2848 172 2910 itt,
198 2851 290 2902 iuncta
310 2863 371 2903 oum
393 2851 461 2904 ieliei
481 2853 631 2902 inventione
670 2845 809 2909 quodlibet
843 2851 1046 2910 argumentum,
1088 2842 1194 2913 ἠθικὸν

10 2985 11 2990 ¹
111 2925 251 2989 ceteraque
268 2925 393 2978 tenuitate
408 2925 520 2990 poetica.
536 2951 564 2962 -
582 2937 632 2986 prro
669 2922 840 2985 praesertim,
860 2923 966 2972 tractam
983 2921 1095 2982 debeat,
1114 2923 1193 2974 huius

110 2996 172 3060 eet]
197 3016 211 3044 ι
222 2997 342 3050 Familias
368 3000 508 3064 poetieam
533 3000 629 3063 inquit,
669 2995 734 3045 artis
743 3007 854 3060 prorsus
866 2997 971 3058 egregia
983 2996 1105 3062 exempta
1117 3009 1194 3062 prae·

10 3104 17 3140 ,¹
111 3067 215 3133 «sidau,
234 3077 264 3124 ut
281 3072 317 3124 ad
329 3074 521 3137 perieotienem
532 3086 631 3138 perre-
669 3069 734 3120 bant
745 3069 953 3132 Socraticorum,
964 3072 1094 3136 imprimis
1104 3072 1193 3124 Plato-

12 3206 15 3216 ·
111 3143 221 3209 numus,
247 3161 334 3210 ιττστ,
360 3150 390 3199 ut
413 3147 457 3200 vei
480 3148 631 3200 medioeres
669 3145 725 3204 nis,
747 3145 942 3209 xenophontis,
966 3145 1120 3208 Aeschinis,
1138 3151 1193 3197 An-

110 3227 263 3274 maneamua
283 3221 325 3273 rel
348 3235 458 3288 prorsus
475 3225 631 3274 contemna-
669 3218 790 3270 tisthenis
815 3221 945 3284 scriptam
971 3220 1021 3270 hos
1047 3222 1118 3272 enirn
1136 3221 1192 3272 iera

11 3337 17 3364 ⁸
111 3301 192 3344 mur.»
211 3323 240 3334 -
261 3298 352 3360 oirtm]
378 3309 442 3349 «ara
462 3298 581 3363 perieota
603 3300 632 3349 et
669 3293 879 3358 aequiparabant
900 3295 1065 3358 grammatici
1083 3298 1110 3346 et
1128 3296 1193 3347 rire·

11 3413 18 3438 ,
110 3367 319 3440 κατορθώματα
326 3371 465 3437 praeclaro
473 3373 579 3438 ingenio
585 3373 632 3423 de·
668 3371 749 3419 tores.
768 3369 875 3420 Luoiun.
892 3369 989 3432 imagg.
1005 3371 1047 3420 ii:
1066 3366 1193 3421 Mardoi

11 3491 13 3516 Ι
111 3437 186 3492 bita·
668 3437 812 3508 ταύτηνὴ
833 3439 886 3508 τῆς
907 3446 1016 3506 σοφίας
1036 3445 1085 3494 καί
1107 3446 1193 3496 συνέ-

139 3513 275 3570 ite-eti.
293 3520 495 3586 &domidati
515 3523 629 3573 «Varum
668 3531 741 3579 σιως
766 3513 852 3567 elada
877 3519 1013 3590 γραπτέα.
1040 3515 1139 3584 δεήσοι
1159 3518 1191 3570 δὲ

11 3573 12 3594 ³
111 3589 176 3642 unde
194 3593 302 3647 tandem
320 3595 439 3660 pendent
455 3598 544 3649 omnia
560 3610 629 3660 quaa
668 3587 740 3658 ἡμῖν
756 3589 883 3644 ἐνταῦθα
900 3590 1012 3644 πολλῶν
1029 3592 1086 3643 τῶν
1097 3608 1190 3665 ταρα-

111 3661 193 3718 tdhao
203 3671 332 3734 proposui
341 3673 486 3734 praecepta
495 3672 631 3722 invenien-
667 3663 843 3735 dasypodem,
869 3661 999 3740 ἀρχαίων
1027 3663 1085 3719 τῶν
1113 3667 1190 3720 κλεί-

111 3733 147 3797 di,
171 3743 363 3808 eompousudi,
383 3747 491 3794 cetera?
516 3747 629 3798 iinicea
667 3757 757 3794 στων·
771 3739 1191 3815 --γραφιῖςδὲιιαίδημιοορ-

111 3814 230 3874 *ανίσκου
265 3816 417 3870 Evolvenda
435 3821 515 3883 atque
535 3819 629 3885 explo—
666 3819 713 3884 yoi
735 3810 827 3869 αὐτοῦ
853 3815 993 3883 Αἰσχίνης
1018 3815 1190 3888 Σωκράτους

12 3893 13 3896 ’
112 3887 188 3940 nuda
204 3893 246 3942 est
262 3893 317 3944 tota
333 3894 386 3944 vita
410 3893 541 3954 humanm
566 3908 628 3946 nam
665 3891 779 3962 ἑταῖρος
790 3893 840 3944 καί
854 3887 943 3954 αὐτὸς
959 3888 1123 3963 Σωκράτης,
1140 3909 1189 3958 μι-

112 3972 141 4010 ex
164 3963 213 4016 hac
239 3979 293 4018 una
308 3969 518 4032 ,investigatione
540 3967 629 4034 prodit
664 3964 823 4034 μηλότατοι
847 3963 981 4028 τεχνιτῶν
997 3961 1143 4017 ἁπάντων.
1162 3971 1190 4018 et

13 4089 14 4092 ,
111 4037 202 4090 veritas
218 4043 336 4104 poetica,
364 4045 508 4108 praecipue
533 4045 558 4095 in
580 4057 628 4108 ge·
665 4043 699 4094 de
708 4045 825 4094 Parasito
835 4043 879 4094 32:
893 4041 1032 4108 Αἰσχίνης
1045 4037 1062 4092 ὁ
1075 4041 1189 4114 Σωκρα-

112 4119 171 4159 uare
187 4112 359 4166 dramatico.»
380 4118 435 4168 iioe
452 4120 626 4182 praeceptum
665 4113 753 4178 τινός,
772 4107 860 4180 οὗτος
877 4111 895 4166 ὁ
912 4115 984 4179 τους
995 4112 1128 4188 μακροὺς
1139 4117 1189 4166 καὶ

112 4187 212 4246 exponit
235 4201 279 4238 vv.
293 4189 447 4242 ito-ass.
474 4219 501 4228 -
526 4191 627 4257 supere]
664 4185 800 4253 ἀστείους
816 4189 969 4259 διαλόγους
984 4185 1111 4261 ’γράψας
1139 4193 1187 4242 1)ίο

112 4259 198 4317 σοφία
209 4263 256 4312 καί
268 4261 397 4328 σύνεσις,
413 4270 501 4317 ιτοοίο
510 4267 625 4330 cogitare
665 4266 802 4330 chrysost.
815 4267 854 4317 48.
865 4279 891 4331 p.
903 4267 959 4318 ito.
970 4269 998 4318 ii.
1010 4281 1015 4315 :
1034 4267 1187 4336 Τρίψομοιι

13 4335 15 4414 ’Ἴ
112 4331 185 4393 itque
201 4336 317 4390 iudieare
334 4339 368 4390 de
385 4341 511 4392 omnibus
528 4339 625 4392 rebus:
663 4339 693 4393 ὀί
719 4335 774 4406 ἤδη
799 4339 846 4392 ἐπὶ
874 4337 942 4404 τοὺς
970 4337 1184 4413 Σωκρατικούς,
