3082 4968
588 444 648 494 tiit.
666 445 687 494 l.
722 445 790 494 sir.
809 443 840 494 x.

216 604 292 670 Post
313 601 454 669 mediam
476 609 605 668 noctem
627 599 733 676 visus,
756 621 831 668 cum
853 601 978 666 somnia
999 621 1093 668 vera:

217 727 251 790 ln
273 724 387 791 silvam
409 743 474 790 non
496 721 582 810 ligna
603 722 688 790 ieras
710 721 854 788 insanius
876 721 963 789 acsi

217 847 347 934 llagnas
370 845 568 912 Graecorum
591 843 683 910 malis
706 842 841 931 implere
863 852 1020 911 catervas.
1220 843 1261 908 35

218 967 376 1055 Turgidns
397 965 532 1055 tilpinus
554 965 677 1054 iugulat
698 964 778 1031 dum
798 967 983 1042 Memnona,
1007 964 1151 1054 dumque

216 1088 355 1176 Delingit
376 1087 477 1156 Rheni
500 1087 622 1156 luteum
643 1095 755 1176 caput,
779 1086 860 1155 haec
882 1108 944 1176 ego
966 1085 1059 1166 ludo,

207 1297 278 1424 Ρξ.
297 1297 519 1422 maritorum&
541 1322 569 1333 -
588 1294 628 1347 ai.
647 1296 822 1360 liliprsap.-
843 1297 884 1348 37.
897 1295 1015 1360 titillabit
1032 1295 1116 1348 Codd.
1129 1295 1230 1361 aliquot

226 1387 244 1423 o
275 1385 355 1424 eme
397 1409 402 1420 .
508 1379 514 1390 ·

175 1559 203 1616 9,
215 1558 245 1619 3,
259 1559 305 1620 2.),
321 1550 697 1623 ἸχθῦςεΙςἜλλὴσποπον.
736 1559 829 1610 vivens
854 1558 1024 1624 designetur:
1054 1559 1131 1610 ouius
1156 1561 1262 1622 generis

175 1634 334 1696 (Nostratesz
355 1633 457 1682 Waaaer
471 1633 498 1682 in
512 1633 558 1683 dan
573 1633 619 1683 Sca
635 1646 657 1683 e.
671 1634 697 1682 ln
737 1646 820 1684 unum
838 1637 866 1684 et
882 1633 995 1685 alterum
1011 1633 1104 1684 itidem
1122 1635 1147 1684 in
1160 1635 1201 1684 bis
1213 1635 1262 1684 Sa-

174 1709 219 1757 den
240 1707 319 1757 libeia
339 1720 362 1758 s.
383 1707 410 1756 io
432 1708 478 1756 dna
502 1709 572 1758 mer
599 1713 697 1771 bacen
737 1709 793 1758 liris
814 1721 875 1760 esse
895 1711 996 1773 potest,
1024 1710 1059 1759 ita
1076 1711 1166 1759 umen
1184 1719 1262 1759 com·

172 1781 304 1832 Britanni:
319 1781 699 1848 rendlapcocblollleweaatla.)
736 1786 874 1847 paratum,
905 1785 934 1833 ul
958 1784 1044 1846 quivis
1069 1781 1111 1833 illo
1139 1787 1262 1846 tempora

176 1883 202 1892 ·-
218 1856 333 1906 inam
352 1857 393 1918 ac]
411 1855 469 1906 Vid.
490 1855 524 1906 ad
544 1857 597 1906 Sat.
618 1859 648 1918 t,
668 1858 697 1918 6,
736 1856 812 1908 iacile
830 1857 1001 1920 agnosceret,
1023 1869 1106 1920 quem
1128 1859 1260 1918 notasset,

174 1929 229 1980 tao.
242 1957 270 1966 -
283 1931 394 1992 espiers]
408 1931 450 1980 ·si
464 1929 700 1994 mallaaagercin·
736 1933 793 1982 sive
822 1934 1030 1996 cognomentum
1058 1933 1116 1982 erat
1142 1931 1177 1982 ab
1205 1931 1262 1983 aliis

172 2003 369 2055 numerabilem
381 2006 543 2055 Graecorum
558 2004 699 2068 poetarum
736 2009 790 2057 iam
804 2007 941 2057 inventum
954 2009 1034 2071 atque
1047 2007 1186 2068 usitatum,
1206 2007 1263 2057 sive

172 2077 279 2128 turbam
303 2080 425 2142 interque
442 2079 492 2130 hos
516 2080 541 2128 te
559 2078 699 2129 intrudens
736 2081 772 2131 ab
789 2081 898 2132 lloratio
914 2081 973 2146 ipso
990 2080 1092 2132 homini
1109 2081 1198 2132 deriso
1221 2081 1263 2130 in-

173 2165 233 2204 eam
243 2153 383 2214 retemire,
396 2154 536 2216 tamquam
548 2151 699 2204 neminialii
736 2155 831 2206 ditum.
867 2156 920 2206 cir.
938 2155 972 2205 ad
989 2156 1042 2205 Sat.
1063 2157 1093 2216 t,
1119 2158 1148 2217 l,
1170 2156 1212 2205 at.
1233 2183 1261 2190 -

172 2228 224 2277 iam
241 2225 318 2277 locus
340 2226 444 2278 iuturus
465 2227 525 2278 sit.»
557 2227 612 2278 Cir.
625 2227 697 2290 virg.
736 2229 836 2293 lapidat
853 2230 913 2278 datos
928 2230 1071 2291 liannono]
1088 2227 1263 2293 ambiguedi-

171 2303 237 2352 Aen.
252 2302 282 2362 a,
301 2300 365 2353 itta:
384 2301 487 2364 emplcbc
503 2315 645 2353 amanam.
737 2307 820 2354 ctum.
850 2305 933 2354 «Nam
950 2303 1001 2354 sub
1017 2317 1049 2354 ea
1062 2305 1167 2368 specie,
1186 2303 1263 2367 quasi

737 2377 822 2440 dicat,
841 2377 906 2428 dum
923 2377 1065 2440 describit,
1084 2379 1264 2442 quemadmo-

206 2449 248 2500 36.
268 2449 309 2501 37.
330 2451 453 2515 Malaita
462 2449 568 2513 Alpinae
577 2451 640 2515 cet.]
653 2452 701 2501 Le·
737 2453 802 2504 dum
830 2451 978 2516 iuguletur,
1009 2451 1116 2517 intelligi
1143 2451 1198 2504 volt
1225 2451 1261 2502 ab

172 2525 234 2591 pide
255 2527 295 2577 sic
317 2527 428 2576 vocatur
448 2527 481 2576 ii.
506 2525 598 2576 Furius
620 2525 700 2576 liiba-
737 2529 795 2593 ipso
812 2529 900 2591 potius
918 2525 1039 2590 iugulari,
1058 2527 1123 2578 dum
1135 2525 1204 2577 male
1216 2525 1264 2576 de·

172 2599 248 2652 culus
266 2601 471 2661 Cremonensis,
491 2602 569 2652 natus
586 2614 611 2651 a.
628 2613 658 2652 u.
674 2615 698 2652 c.
737 2603 868 2666 scripsit.»
898 2604 990 2652 Panna.
1012 2601 1170 2666 -Detlnpitl
1184 2613 1263 2664 nope-

173 2677 241 2736 aaa,
260 2677 307 2740 qui
318 2689 343 2725 a.
357 2689 383 2726 u.
397 2687 420 2726 c.
433 2675 490 2726 723.
505 2689 589 2726 annos
601 2677 697 2726 iiiiii.
737 2691 798 2729 rose
816 2679 844 2728 et
854 2674 1021 2742 κακοζήλως
1032 2677 1143 2740 format,
1162 2676 1263 2727 descri-

174 2749 345 2810 uumerabat;
372 2761 436 2800 nam
462 2751 611 2800 etiamtunc
636 2763 700 2800 eum
737 2752 802 2802 bit.»
822 2779 850 2788 -
869 2753 945 2803 illari
962 2753 1056 2802 luteam
1072 2751 1157 2816 capot]
1175 2752 1203 2801 ln
1219 2752 1264 2800 Bi-

173 2825 198 2875 in
214 2825 285 2875 vivis
302 2825 383 2876 luisse
400 2823 539 2889 probabile
558 2827 607 2875 est.
637 2826 698 2876 Tac.
737 2823 826 2876 baculi
848 2827 999 2877 narratione
1022 2825 1086 2876 belli
1110 2823 1198 2875 Gallici
1221 2826 1264 2873 vi-

172 2904 239 2950 Ann.
263 2898 294 2960 i,
318 2899 364 2951 al:
395 2900 515 2950 Carataco
540 2901 653 2950 liibncrtli
678 2906 701 2950 et
738 2900 818 2952 detur
838 2902 917 2951 etiam
940 2900 1021 2951 luisse
1039 2899 1142 2962 turgida
1160 2898 1264 2949 descri-

174 2973 265 3024 Catalii
281 2974 376 3037 referta
392 2974 547 3024 cmitmmllia
563 2975 700 3025 coecorum
738 2977 792 3042 ptio
809 2975 899 3037 capitis
916 2976 1005 3036 libeni,
1031 2987 1101 3037 queo
1118 2987 1161 3024 vv.
1179 2972 1264 3036 tripli-

175 3048 300 3112 lapamtar.
343 3047 426 3110 Quid,
454 3049 476 3099 si
494 3049 574 3099 etiam
591 3051 702 3113 propter
739 3063 800 3100 cem
834 3049 977 3100 admittunt
1007 3049 1261 3112 interpretationem.

174 3123 243 3172 hanc
260 3123 428 3172 dicacitatem
447 3135 510 3173 eum
531 3122 575 3179 bic
597 3122 702 3174 vellicet
739 3123 860 3186 Plerique
886 3125 996 3187 propter
1020 3121 1125 3186 Alpium
1149 3123 1264 3172 mentio-

173 3198 272 3261 poeta?
288 3199 431 3248 Praeterea
449 3200 638 3261 composuerat
649 3201 702 3249 tle-
738 3211 802 3249 nem
819 3199 939 3262 proxime
956 3196 1165 3262 praecedentem
1186 3195 1264 3245 intel-

175 3270 334 3336 tbiopidam‚
362 3285 395 3322 ex
412 3273 514 3322 Graeca
531 3273 645 3334 arctini,
672 3275 702 3322 ut
739 3271 821 3338 ligant
838 3272 956 3323 delonte
972 3273 1010 3336 (ut
1024 3284 1067 3336 ap.
1081 3271 1152 3335 virg.
1167 3271 1261 3334 Georg.

175 3345 314 3412 probabile
326 3348 380 3407 est,
399 3345 521 3407 ductam,
539 3347 566 3396 in
584 3359 637 3410 qua
649 3348 703 3397 lle·
738 3348 767 3410 i,
786 3348 843 3398 349.
867 3348 947 3398 Penei
970 3346 1029 3397 lons
1052 3346 1148 3396 dicitur
1163 3357 1265 3395 somma

176 3422 294 3482 moab,
314 3421 418 3472 Tithoni
429 3422 457 3471 et
467 3423 586 3471 Aurorae
600 3420 653 3482 tilii,
667 3419 701 3470 ab
738 3428 814 3486 capot
831 3421 932 3486 amab),
952 3421 1118 3486 quiquidem
1131 3419 1264 3470 lonsante

175 3493 274 3546 Achille
314 3495 445 3546 interiecti
484 3495 587 3558 primae
627 3497 703 3546 erant
739 3499 858 3550 itaetlam
891 3499 996 3560 captam
1029 3495 1176 3558 incognitus
1207 3497 1266 3544 erat

175 3574 274 3634 partes.
316 3569 390 3620 idem
416 3571 615 3640 πραγματείαν
640 3569 702 3620 belli
739 3573 875 3634 Romanis,
895 3572 943 3622 sed
961 3585 1026 3622 sane
1039 3570 1202 3633 φαντασίας
1213 3582 1265 3632 ope

175 3644 263 3696 Gallici
284 3657 300 3694 a
322 3645 438 3696 Caesare
456 3646 522 3708 gesti
540 3657 703 3709 composue-
739 3647 855 3698 describi
872 3648 986 3710 poterat.
1022 3646 1089 3696 Fieri
1109 3647 1198 3694 tamen
1216 3657 1265 3707 po-

175 3723 230 3782 rat,
257 3722 284 3770 in
307 3731 363 3784 qna
384 3719 524 3784 legebatur
547 3733 641 3771 versus
659 3718 702 3770 ille
739 3723 806 3784 test,
825 3725 855 3772 ut
871 3720 1002 3772 versiculo
1020 3719 1063 3772 illo
1080 3717 1266 3770 tantummodo

177 3793 320 3846 ridiculus:
353 3795 466 3858 ireppttor
492 3795 609 3845 bibemus
636 3807 702 3845 carta
739 3796 858 3846 hiemem
876 3795 1021 3866 designarit
1037 3791 1267 3856 nequeerspatin-

174 3871 229 3920 atne
245 3869 359 3932 competit
374 3869 447 3931 Alpes
465 3870 526 3932 (Sat.
539 3869 568 3930 ἰ,
588 3871 619 3930 5,
639 3869 700 3932 iil,
740 3873 782 3921 tus
804 3873 838 3921 sit
859 3872 886 3922 in
906 3868 1036 3934 Alpestris
1059 3869 1160 3918 traetm
1176 3880 1266 3916 τοπο-

175 3947 285 4009 pnopter
296 3955 379 4008 quem
394 3945 482 4008 ipsum
498 3944 592 3995 festive
603 3945 647 3994 bic
659 3957 704 3994 vo-
739 3943 856 4006 θεσίαν,
875 3957 926 3995 nec
938 3957 1003 3994 vero
1020 3941 1084 3992 lutei
1102 3943 1164 3992 sunt
1180 3941 1268 3991 ilumi-

175 4023 250 4070 oatur
270 4018 387 4082 Alpinae,
409 4019 462 4069 der
482 4018 701 4082 Alpenclicbier.
740 4031 804 4069 num
822 4019 918 4070 tontes.
953 4016 1002 4068 aiii
1019 4016 1053 4067 de
1071 4015 1153 4076 ostio,
1179 4017 1267 4066 utest

176 4094 249 4144 Gonl.
268 4093 406 4144 Waicbert
427 4091 461 4144 dc
478 4095 512 4144 ii.
530 4094 607 4144 Furio
627 4093 704 4144 Bibe·
740 4091 812 4156 apud
829 4093 926 4142 Lucan.
940 4091 969 4153 Ξ,
988 4093 1035 4141 dl:
1054 4091 1155 4140 Fundat
1171 4089 1203 4140 ab
1218 4103 1266 4140 ea-

176 4166 234 4218 ealo
248 4169 279 4228 iu
296 4168 369 4218 Post.
389 4169 445 4218 Lat.
458 4180 486 4232 p.
499 4167 540 4217 33.
576 4169 702 4218 Ceterum
740 4172 819 4217 bomo
841 4168 922 4230 {tucca
941 4164 1062 4228 Apadnas
1083 4165 1178 4215 salbos
1200 4163 1267 4214 Albis

175 4241 260 4306 probe
273 4241 421 4292 notandum
432 4243 537 4293 certum
551 4242 705 4292 hocexem·
741 4247 763 4292 et
780 4242 928 4291 indubitum
944 4241 1021 4290 libent
1037 4245 1121 4302 caput.
1157 4237 1204 4288 Alii
1217 4237 1266 4287 de-

176 4313 250 4380 plum
266 4316 383 4367 nominis
394 4317 463 4377 ficti,
481 4329 535 4381 quo
547 4317 628 4368 homo
640 4320 704 4368 tunc
741 4317 821 4380 nique
839 4327 935 4382 parum
952 4313 1126 4381 probabiliter
1137 4313 1172 4365 ds
1183 4312 1266 4364 libeni
