3130 4966
294 395 335 460 ss
676 399 806 450 llOliA'l'll
824 399 1007 451 sarranium

336 557 409 643 lpse
431 553 533 632 domi,
557 526 650 620 simul
674 575 712 620 ao
733 575 882 621 nummos
904 554 1105 644 eontemplor
1128 555 1161 622 in
1184 576 1274 623 arca.

336 675 485 744 Tantalus
507 697 527 743 a
547 676 647 743 labris
669 675 780 742 sitiens
803 675 955 764 fugientia
978 685 1085 765 captat

337 796 553 865 Flumina...
589 797 675 876 Quid
697 795 811 863 rides?
833 808 955 864 mutato
978 799 1107 866 nomine
1130 800 1171 866 de
1194 811 1226 866 te

336 917 457 986 Fabula
479 929 642 986 narratur:
665 920 829 1009 congestis
852 919 998 1008 undique
1021 921 1124 987 saonis
1353 925 1394 987 70

336 1040 493 1108 indormis
515 1040 641 1108 inhians
663 1052 696 1110 et
718 1052 883 1129 tamquam
904 1061 1040 1129 parcere
1063 1042 1165 1108 sacris

337 1163 470 1251 Cogeris
491 1173 548 1246 aut
569 1164 662 1252 pictis
686 1174 849 1251 tamquam
871 1161 1017 1251 gaudere
1040 1162 1175 1230 tabellis.

334 1287 448 1354 Nescis
468 1306 534 1374 quo
557 1285 662 1353 valeat
683 1285 859 1352 nummus?
880 1305 980 1373 quem
1002 1284 1158 1373 praebeat
1179 1287 1303 1354 usum?

358 1549 399 1598 74.
413 1547 467 1614 oui]
479 1563 510 1598 uo
519 1547 545 1598 b.
559 1576 586 1584 -
597 1548 638 1598 73.
649 1548 705 1612 qao]
719 1548 780 1612 quid
788 1549 817 1599 C.
831 1573 859 1584 -
869 1547 968 1613 aemi]
979 1549 1039 1600 Sine
1051 1550 1306 1614 interrogationibus
1320 1555 1355 1605 lll.

293 1780 452 1844 praesertim
473 1792 535 1830 cum
556 1778 645 1844 populi
662 1780 818 1843 contemptu
855 1775 928 1850 πρὸς
955 1784 1017 1842 τοῖς
1044 1779 1240 1845 ἑλπιζομένοις
1266 1784 1392 1850 γένηται

293 1857 390 1916 iuncta,
409 1856 479 1906 inest
490 1856 606 1916 miseria,
624 1854 731 1905 ridetur
742 1867 775 1904 ex
787 1854 818 1904 iis
855 1856 905 1906 aot
927 1851 983 1926 πρὸ
1005 1851 1109 1927 χειρῶν
1126 1849 1186 1917 ἔχει
1205 1851 1240 1906 τὸ
1257 1851 1389 1925 ἀγαθόν.

293 1931 383 1991 luisse,
401 1942 471 1993 qaae
489 1931 515 1980 in
533 1929 630 1981 scholis
647 1929 819 1994 philosopho·
855 1931 974 1982 Eustath.
994 1931 1029 1981 ad
1046 1931 1141 1993 Odyss.
1159 1928 1188 1992 λ,
1208 1931 1265 1981 484.
1301 1934 1393 1998 (Ρ444-

292 2018 352 2055 rum
380 2005 525 2055 memorari
553 2003 679 2054 solerent.
721 2006 751 2054 Et
779 2005 818 2054 sio
855 2018 901 2056 sus
918 2008 948 2055 nt
971 2005 1027 2064 hio,
1051 2005 1151 2056 Tantali
1173 2009 1261 2070 imago
1283 2023 1391 2074 propo-

291 2093 373 2143 saepe
392 2079 422 2128 ot
438 2073 546 2145 ἠθικοί.
582 2077 648 2130 Plut.
669 2079 702 2128 de
721 2079 815 2143 Cupid.
855 2081 926 2131 nitur
934 2081 1005 2144 apud
1014 2081 1159 2132 lucianum
1171 2082 1304 2144 Tim.l8.;
1319 2099 1389 2136 ean·

292 2154 364 2204 divit.
383 2155 412 2204 ii:
442 2149 598 2216 Βυζάντιόν
621 2167 684 2202 τινα
701 2150 818 2218 λέγουσι
855 2153 918 2204 dem
931 2155 1014 2218 magis
1023 2155 1057 2205 ad
1069 2154 1232 2219 voluptatem
1244 2169 1389 2223 nunquam

292 2226 351 2279 κτλ.
371 2230 507 2292 Ερρ.4,4,
519 2229 580 2278 las:
600 2227 817 2290 Fatthuudiqno-
855 2227 989 2292 expletam
1007 2242 1087 2292 quarn
1106 2230 1140 2280 ed
1157 2231 1298 2282 avaritiam
1317 2235 1390 2286 rele-

291 2303 347 2352 titis
367 2305 442 2366 Arois
458 2307 510 2353 eet.
545 2301 635 2354 Glossa
653 2301 718 2352 Cod.
738 2300 819 2352 Blan-
855 2306 917 2353 runt
933 2301 1005 2353 Philo
1023 2305 1049 2354 in
1067 2298 1128 2354 Οὐκ
1145 2301 1340 2372 ἐπιθυμήσεις
1357 2311 1387 2360 Τ.

292 2380 358 2429 din:
379 2379 442 2428 «ilio
453 2378 563 2441 quidam
575 2379 680 2427 notatur
696 2375 816 2436 Fabium„
854 2378 885 2427 V.
904 2390 930 2441 p.
945 2377 1001 2428 433.
1019 2379 1088 2442 Lips.
1104 2383 1130 2430 et
1147 2381 1276 2434 Maximus
1289 2384 1389 2446 Tyrius

292 2455 413 2519 precario
439 2453 580 2517 desumpta
605 2451 711 2501 videtur
736 2465 768 2501 ex
790 2466 815 2502 v.
855 2453 923 2502 Dies.
937 2451 965 2512 4,
984 2453 1019 2517 4.)
1035 2481 1062 2490 -
1075 2461 1171 2505 mutato
1188 2457 1296 2524 4444444]
1318 2458 1386 2510 «alia

293 2527 333 2579 44.
351 2542 402 2579 neo
423 2528 512 2577 minus
536 2540 602 2576 vana
625 2539 706 2589 quam
728 2524 815 2576 Schol.
855 2530 896 2577 est
912 2539 1042 2590 persona,
1067 2543 1111 2581 res
1129 2530 1251 2581 aedem.»
1273 2561 1302 2570 -
1322 2547 1389 2584 con·

292 2601 430 2667 explicatio
443 2603 477 2652 de
488 2602 597 2652 Timone
609 2597 815 2672 μισανθρώπῳ.
854 2602 928 2666 uastis
949 2605 1071 2670 44444444]
1090 2620 1179 2669 «quos
1201 2609 1274 2658 omni
1300 2622 1391 2673 quae·

325 2678 413 2728 oa-ra.
434 2676 560 2740 Tantalus]
575 2677 815 2738 Versusheroicus,
854 2678 910 2728 stus
926 2690 1025 2740 gonaro
1042 2682 1167 2743 parastis
1188 2705 1215 2717 -
1231 2684 1323 2748 444444]
1342 2686 1389 2735 44-

292 2752 404 2802 tortasse
418 2767 450 2802 ex
468 2755 545 2817 poeta
558 2751 647 2816 aliquo
660 2752 818 2816 desumptus
856 2755 897 2802 ter
912 2765 956 2802 vv.
976 2755 1054 2804 succis
1071 2757 1099 2804 et
1120 2756 1200 2805 auaris
1215 2754 1308 2809 lusum
1325 2773 1390 2810 ver-

291 2827 334 2878 vel
363 2827 456 2878 lexiter
477 2829 631 2878 immutatus
663 2829 703 2888 et,
733 2829 762 2877 ut
784 2829 820 2878 ait
856 2825 953 2878 borum
982 2841 1043 2880 esse
1072 2831 1163 2881 statuit
1191 2831 1331 2895 Reisigius.
1358 2861 1387 2871 —

291 2906 393 2965 Acron,
412 2899 579 2968 παθητικῶς
595 2901 816 2966 pronuntiandus.
855 2903 986 2968 Indomitis]
1008 2917 1118 2970 prorsus
1139 2906 1169 2955 ut
1189 2907 1261 2970 Virg.
1285 2909 1386 2973 Georg.

292 2980 406 3040 pergere
419 2975 531 3041 parabat
541 2983 668 3027 corrector
680 2977 816 3028 Horatius:
856 2979 886 3040 4,
906 2980 966 3028 507:
987 2979 1074 3030 Condit
1091 2994 1149 3044 opes
1164 2979 1231 3030 allus
1240 2981 1390 3048 defossoque

293 3051 375 3100 slluic
400 3052 508 3102 Tantalo
534 3055 562 3102 tu
588 3065 699 3116 prorsus
725 3051 818 3104 similis
856 3053 1041 3104 incubatauro.
1060 3057 1168 3119 Proprie
1181 3055 1302 3107 hocest:
1322 3061 1388 3110 dar·-

291 3137 348 3176 44.»
383 3125 434 3175 sed
452 3129 524 3177 avari
542 3128 596 3178 risu
621 3125 817 3191 interpellatur,
857 3128 908 3190 aas
919 3128 1010 3192 444444,
1030 3143 1076 3178 arn
1091 3131 1258 3194 rasataim
1278 3133 1387 3184 sedra-

291 3201 367 3264 quasi
385 3201 512 3254 dicentis:
537 3203 610 3262 «Ah,
634 3201 719 3266 proba
742 3204 817 3264 novi,
857 3205 927 3252 mota
946 3203 1060 3265 imagine
1080 3204 1133 3254 hoc
1150 3204 1226 3256 dicit:
1256 3207 1387 3272 «semper
1434 3248 1437 3254 .

292 3289 345 3338 quo
362 3289 421 3327 rem
438 3277 602 3328 deducturus
619 3279 665 3337 sis,
685 3279 714 3326 44
730 3275 818 3327 tabula
856 3276 933 3327 anxie
960 3274 1004 3326 dle
1030 3280 1165 3340 noctuque
1191 3292 1282 3330 arcein
1309 3285 1385 3334 tuanr

291 3349 333 3400 illa
351 3363 366 3400 a
383 3352 529 3414 sapientiae
548 3351 679 3414 magistris
691 3352 744 3400 iam
755 3363 819 3400 sex·
856 3350 999 3402 custodies
1035 3349 1149 3400 Lucilius
1166 3353 1219 3402 Sat.
1233 3352 1290 3402 lib.
1305 3357 1337 3417 6,
1357 3361 1384 3408 i.

292 3426 393 3476 centies
405 3425 546 3476 decantata
561 3438 604 3474 me
617 3422 817 3487 reprehendam
856 3423 924 3474 Gerl.
944 3437 970 3488 p.
990 3425 1033 3484 40,
1054 3425 1081 3474 l:
1099 3424 1209 3488 Balaam
1225 3431 1247 3476 ai
1258 3429 1384 3494 quidquid

291 3511 387 3550 verum
403 3501 492 3550 4444444
508 3501 612 3550 miseros
628 3497 728 3548 4444444
744 3513 818 3560 repe-
855 3500 927 3550 44444
947 3513 1108 3550 numerorum
1130 3515 1213 3552 aarum
1229 3501 1302 3554 44444
1317 3507 1385 3568 ipsa·

291 3575 338 3624 tito
366 3574 527 3626 auditores.»
563 3575 611 3625 Cui
640 3577 735 3638 polita:
767 3575 818 3624 «lte
856 3573 1385 3640 Cumbtrtauooenni,dormit,tovit:onmis

291 3662 355 3700 vera
381 3649 445 3700 illud
469 3649 554 3712 volui,
582 3649 709 3712 quoniam
733 3649 819 3712 aptior
855 3651 1016 3712 4444448444
1026 3651 1289 3716 44444444444444
1300 3655 1386 3704 ‹tavin-

292 3725 379 3787 imago
407 3726 468 3774 tuae
497 3723 681 3787 perversitatis
707 3723 818 3786 reperiri
855 3730 942 3776 ctnest
958 3731 1041 3776 444444
1056 3727 1118 3778 vito.
1145 3728 1338 3793 Apullletl,
1353 3731 1381 3780 9:

290 3798 334 3848 vir
351 3801 468 3862 poterat;
495 3811 591 3848 verum
613 3797 702 3848 missis
724 3794 818 3848 sabulis
856 3801 1003 3864 Chryseros,
1018 3816 1150 3864 44444444
1164 3803 1385 3865 44444ᾳυὶ44444·

291 3872 448 3922 iamdudum
471 3873 537 3924 tritis
554 3885 586 3923 ao
603 3885 686 3936 prope
706 3870 819 3922 anilibus
855 3877 940 3938 44444,
959 3890 1049 3928 aureos
1064 3877 1134 3940 441444
1145 3877 1288 3928 mutabat.
1301 3901 1328 3914 -
1342 3882 1386 3927 in-

292 3947 382 3997 Latlne
401 3949 491 3998 tecum
509 3946 629 4010 loquar.»
663 3948 754 4010 imago
770 3959 819 3996 au·
855 3951 939 4016 44444]
964 3955 1122 4017 «umquam
1148 3965 1195 4002 ore
1221 3954 1314 4016 aperto
1337 3967 1385 4004 ca·

292 4024 345 4072 tem
364 4019 527 4085 philosophis
545 4023 603 4072 erat
626 4021 749 4074 Tantalus
768 4022 818 4072 iro·
856 4029 943 4090 ptans,
962 4027 1059 4091 cupide
1077 4029 1234 4090 appetens.»
1250 4053 1278 4063 -
1295 4026 1383 4090 sacris]

292 4095 370 4146 minis
394 4092 582 4159 μοχθοῦντος
607 4095 654 4148 ἐπὶ
676 4099 819 4166 χρησταῖς
857 4100 1384 4166 «quaenecontingerequidemnedum

291 4167 385 4220 ιλπίσι
396 4171 447 4219 καὶ
463 4167 623 4242 καραδοκίᾳ
639 4169 760 4242 κέρδους
775 4187 819 4222 τι·
856 4175 882 4228 44
890 4187 969 4226 usum
976 4175 1314 4242 quotidianumquldqunm
1321 4175 1383 4228 inde

291 4241 350 4306 νός,
369 4241 432 4295 stra
442 4244 629 4308 ἐκπίπτοντος
640 4243 749 4310 αὐτῶν,
769 4241 818 4298 ὅτε
855 4248 965 4299 demere
984 4247 1072 4300 lieet.»
1100 4251 1153 4302 Sat.
1168 4253 1194 4312 4,
1208 4251 1236 4312 3,
1254 4251 1314 4303 409;
1335 4253 1384 4314 Qui
