3156 4972
614 369 674 418 Lis,
692 369 723 418 ll.
759 369 826 420 SAT.
846 369 887 419 Vl.

258 526 293 592 Si
316 544 424 612 neque
445 523 602 590 maiorem
623 523 684 590 leci
707 524 830 592 ratione
851 523 935 592 mele
957 544 1025 592 rem

255 649 322 714 Nec
343 667 416 712 sum
438 644 580 712 lecturus
601 644 678 711 vitio
701 645 836 733 culpave
857 647 1031 724 minerem;

259 768 293 834 Si
307 786 454 833 ueneror
475 765 591 832 stultus
614 765 690 832 nihil
712 765 842 833 herum:
867 768 896 834 Ο
919 767 946 833 si
969 766 1105 855 angulus
1129 765 1181 834 illc

257 888 425 954 Proximus
447 887 595 966 accedat,
619 889 674 975 qui
697 909 782 956 nunc
803 887 973 955 denormat
994 886 1146 976 agellum!

257 1011 287 1076 Ο
309 1010 336 1076 si
359 1031 474 1076 urnam
496 1009 620 1097 argenti
642 1008 708 1076 lors
730 1031 815 1098 quae
837 1009 914 1076 mihi
936 1017 1093 1077 monstret
1113 1019 1149 1075 ut
1170 1007 1227 1086 ili,
1260 1009 1300 1075 l0

257 1129 422 1198 Thesauro
444 1131 574 1198 invento
597 1131 653 1218 qui
675 1132 895 1198 mercenarius
917 1152 1031 1220 agrum

258 1249 349 1317 lllum
372 1252 478 1338 ipsum
499 1263 661 1318 mercatus
682 1253 798 1329 erevit,
828 1253 920 1320 dives
943 1255 1047 1321 emico

257 1371 410 1440 Hercule!
435 1373 484 1450 Si,
507 1372 597 1460 quod
609 1371 717 1450 adest,
734 1383 859 1461 gratum
871 1375 972 1455 iuvat,
995 1375 1055 1444 hac
1067 1396 1166 1464 prece
1178 1385 1210 1443 te
1224 1397 1298 1442 oro:

249 1541 451 1594 unusPotlieril.
464 1569 492 1580 -
504 1542 543 1592 lt.
554 1543 818 1604 quuunusl'etlierii,
828 1545 908 1595 ectr.
929 1545 960 1596 Ut
972 1558 1030 1606 nes,
1045 1545 1108 1608 bSc,
1123 1543 1269 1596 Bentlelnnl

246 1629 341 1668 omnes
350 1617 592 1680 [prseterRegium.
606 1617 652 1681 qui
665 1615 748 1667 hebet
762 1619 848 1682 quum)
866 1621 894 1670 ct
906 1618 1000 1684 reliqui
1012 1621 1136 1672 Pettierii.
1150 1647 1176 1658 -·
1190 1621 1231 1670 ille
1241 1633 1265 1670 c.

212 1757 320 1806 rerelur
333 1769 409 1818 seper
423 1756 497 1814 baem
515 1758 546 1806 ul
562 1755 627 1806 Plin.
640 1757 737 1819 Peneg.
775 1756 925 1820 gligentie.»
945 1786 972 1795 -
989 1757 1104 1822 umorue]
1124 1758 1205 1809 «dees
1216 1769 1301 1810 vene-

211 1829 302 1891 75,6:
325 1843 400 1891 super
416 1844 461 1892 ee,
486 1843 550 1892 quus
570 1844 739 1893 sumnpre-
775 1844 837 1882 rens
860 1830 894 1881 eb
919 1832 950 1882 iis
972 1844 1095 1896 precor.»
1133 1831 1186 1882 Cir.
1209 1834 1298 1884 Germ.

211 1909 292 1953 cutus.
327 1902 376 1954 Alii
396 1905 484 1955 minus
501 1905 637 1969 apposite:
658 1903 738 1956 «silva
775 1907 833 1955 Sec.
851 1903 892 1956 l9.
920 1905 974 1955 Set.
991 1906 1019 1966 2,
1043 1906 1071 1967 2,
1097 1905 1153 1956 lsi.
1184 1906 1300 1958 Caecina

211 1978 239 2028 in
255 1975 316 2028 loco
333 1977 444 2029 editiore
462 1991 544 2043 super
559 1981 651 2040 berte¹
677 1977 738 2030 ville
774 1978 846 2042 spud
864 1979 919 2030 Cic.
933 1979 968 2028 sd
986 1980 1056 2030 Fam.
1070 1981 1099 2042 6,
1118 1980 1147 2030 7:
1166 1979 1210 2042 qui
1219 1979 1301 2030 multe

212 2057 241 2104 et
258 2052 356 2103 lentes
391 2054 445 2104 Sed
456 2057 546 2118 utrum
558 2054 654 2104 editior
665 2057 739 2105 esset
774 2053 954 2104 dwsvereruti
969 2053 1222 2117 etet-mmet]
1240 2055 1301 2106 «dc-

211 2126 291 2188 silve‚
318 2140 352 2176 en
370 2127 405 2178 ed
426 2127 495 2179 lalus
513 2127 589 2178 villae
606 2129 668 2189 sits,
694 2129 738 2178 vix
773 2139 911 2188 nomem,
931 2126 1101 2191 inaequalem
1112 2127 1212 2190 reddit,
1232 2130 1300 2180 edee

211 2201 360 2266 quidquem
384 2201 520 2252 attinebat.
550 2229 577 2240 -
604 2203 669 2252 Bene
689 2201 737 2266 est]
774 2205 803 2252 ut
831 2203 923 2252 contre
951 2203 1164 2266 agrimensorem
1192 2203 1299 2266 regulus

211 2275 335 2327 l'urmule
352 2279 395 2328 est
416 2279 533 2328 contenti
549 2275 621 2326 bono
639 2279 738 2328 eventu
774 2276 920 2339 quadratus
933 2278 1056 2328 nonsit.»
1076 2278 1188 2328 Codices
1200 2277 1301 2343 aliquot

210 2351 306 2413 enimi,
329 2364 377 2416 pre
400 2365 452 2416 que
476 2365 561 2415 seque
583 2351 738 2415 frequenter
774 2351 857 2402 verbo
874 2353 1002 2403 rarissimi
1020 2365 1085 2404 usus
1103 2352 1300 2405 substituerunt

211 2428 295 2477 Latini
322 2425 496 2496 dicentem
520 2426 601 2476 babet.
644 2426 735 2476 iuven.
774 2425 857 2477 Gloss.
878 2427 1015 2488 descensui,
1042 2428 1072 2476 ut
1097 2427 1198 2477 vitruv.
1220 2428 1249 2489 9,
1272 2429 1297 2478 2.

211 2501 257 2562 lo,
277 2502 323 2550 72:
354 2501 418 2550 Beue
434 2501 522 2560 hebes·
539 2501 576 2550 ull
588 2502 737 2564 plusieter-
774 2498 838 2550 dlxil
863 2501 1004 2563 delorem
1030 2514 1156 2550 summm.
1190 2526 1217 2536 -
1245 2501 1300 2564 fers

209 2589 282 2639 repe.
318 2577 357 2625 De
375 2577 573 2626 constructione
590 2577 665 2627 verbi
688 2589 738 2628 esse
773 2574 846 2639 quae]
867 2575 1011 2625 construe:
1037 2575 1095 2624 Osi
1111 2587 1177 2636 puae
1193 2573 1297 2638 (eliqua)

210 2649 506 2701 cumedvv.cl.llssse
522 2651 557 2701 ed
576 2652 662 2714 Reisig
679 2653 735 2704 but.
770 2649 886 2712 serenet.
916 2648 1034 2701 Alteram
1049 2648 1192 2700 lectionem
1210 2649 1299 2701 minus

209 2725 342 2787 Spracbw.
358 2739 385 2788 p.
399 2724 456 2776 394.
478 2751 505 2762 -
523 2726 596 2776 Mate
611 2726 678 2791 ecte]
696 2729 738 2778 In·
773 2727 876 2775 rectam
894 2728 945 2785 cue
956 2722 1124 2787 explicabant
1140 2722 1182 2773 vel
1195 2721 1297 2787 «alique

208 2801 290 2849 vocet
316 2799 478 2850 Mercurium
506 2796 573 2849 lucri
598 2799 736 2863 delerem,
774 2799 890 2848 ratione»
907 2796 950 2847 vel
972 2795 1075 2859 «alique
1097 2797 1124 2846 in
1145 2798 1247 2860 perte.»
1268 2823 1295 2834 -

209 2868 350 2942 κερδῷον,
369 2865 521 2943 ἐριούνιον.
546 2874 585 2925 Cl.
598 2875 652 2924 Set.
666 2875 696 2936 2,
710 2875 734 2936 3,
772 2871 949 2936 messentius]
968 2871 1043 2922 Conl.
1061 2872 1115 2920 Set.
1132 2872 1162 2930 2,
1181 2871 1210 2930 2,
1235 2871 1295 2920 ilii:

210 2947 252 2997 68.
265 2947 355 2997 lintris
366 2949 457 2997 eutem
466 2961 565 2998 nomen
574 2950 599 2998 in
609 2949 736 3012 precibus
771 2949 862 3010 sortem
877 2946 1122 2996 mermderulenum.
1152 2943 1299 2994 Verbanu-

208 3019 343 3071 blsndius.
358 3045 385 3056 —
396 3021 513 3086 proprie]
533 3022 676 3074 astabitis.»
695 3024 734 3074 ct.
773 3025 828 3072 tem
839 3022 889 3082 illi,
907 3047 935 3059 --
947 3021 989 3082 qut
1004 3021 1175 3070 mercmerius
1186 3021 1238 3068 cet.
1251 3031 1299 3083 po-

209 3095 264 3144 Set.
277 3096 307 3156 2,
325 3095 355 3155 2,
374 3095 431 3145 429.
460 3097 532 3158 Virg.
545 3100 611 3146 Aen.
625 3098 653 3158 6,
672 3099 733 3148 872;
773 3097 822 3146 site
834 3097 896 3145 sunt
907 3108 955 3158 pro
969 3095 1006 3143 illi
1017 3094 1175 3144 mercenarie
1189 3094 1232 3156 qui
1243 3097 1294 3144 cet.

205 3169 317 3231 propria
332 3169 425 3220 buceri
442 3171 509 3220 dena
525 3168 635 3230 [cissent.
669 3171 733 3222 Pliu.
773 3170 870 3222 eadem
887 3169 1059 3228 attractione,
1078 3181 1131 3230 que
1149 3169 1202 3217 Set.
1216 3168 1245 3226 2,
1264 3168 1293 3227 2,

209 3244 306 3306 Panes.
320 3244 349 3304 2,
368 3244 383 3292 i
391 3258 396 3292 :
411 3244 541 3306 puellare
556 3245 629 3296 buius
640 3250 663 3296 et
670 3259 736 3308 pre-
771 3245 812 3294 59.
826 3244 902 3294 Cuius
911 3243 1013 3292 οιὶονσηι
1024 3242 1071 3292 elei
1082 3243 1133 3291 cet.
1144 3254 1193 3305 pro
1205 3239 1294 3302 eleum

206 3317 302 3378 primm
770 3319 842 3368 cuius
857 3318 959 3367 oderem
975 3318 1026 3366 cet.

241 3391 315 3441 6-43.
334 3392 537 3456 senoensem]
556 3394 735 3446 «lieccnndi-
805 3391 892 3443 i3-lli.
919 3391 986 3440 dives
1008 3391 1090 3440 umlre
1110 3387 1223 3452 Hercule]
1248 3388 1295 3440 «nt

208 3465 287 3516 mone
304 3465 401 3517 exaudi
417 3480 513 3530 preces
531 3480 623 3529 mens,
644 3470 666 3520 si
689 3482 736 3518 ne·
771 3467 917 3518 Mercurius
939 3466 1038 3529 epertis
1060 3453 1141 3514 lucris
1162 3465 1190 3514 et
1212 3475 1295 3526 nege-

208 3551 278 3602 que·
303 3541 368 3601 eet,
390 3540 524 3604 frequenti
547 3542 575 3592 in
598 3544 734 3606 precando
770 3541 870 3591 tintioni
882 3539 1072 3603 praeerat,sic
1081 3535 1209 3588 Hercules
1218 3549 1296 3600 oper

207 3611 331 3664 iermule.
361 3614 504 3676 cnoel,
522 3615 567 3676 32,
587 3617 611 3665 t.
638 3616 667 3677 3,
687 3617 731 3678 48,
770 3616 804 3666 tis
819 3613 900 3664 lucris
918 3613 974 3665 sive
993 3613 1132 3664 thesauris.
1167 3611 1233 3660 sunt
1250 3610 1295 3673 qui

206 3691 233 3740 s.
271 3689 360 3740 carm.
381 3689 440 3739 Sec.
462 3688 503 3740 37.
540 3689 671 3754 Apodosis
688 3703 734 3742 se-
771 3687 887 3740 eundem
910 3686 1037 3738 iucubum
1061 3699 1110 3736 seu
1132 3683 1294 3734 incubonem

206 3765 298 3828 quitur
314 3763 425 3814 demum
442 3777 468 3813 v.
483 3763 529 3814 ts:
551 3764 600 3814 bec
618 3777 695 3826 prece
711 3769 734 3816 te
770 3777 831 3816 esse
848 3762 931 3814 velint
948 3761 982 3827 lid
1005 3763 1059 3822 est,
1086 3756 1211 3824 δαίμονα
1234 3757 1295 3808 the-

206 3851 262 3888 cre.
283 3863 311 3874 -
328 3839 427 3889 retem
442 3837 522 3902 mele]
539 3839 569 3888 ut
586 3840 734 3890 tuncccm-
769 3839 855 3888 scuris
869 3835 943 3886 velut
957 3833 1165 3896 incubanteml.»
1199 3832 1292 3882 Senon,

206 3911 299 3977 plures
316 3911 448 3975 periurio,
466 3911 538 3963 lelsis
555 3913 731 3974 testamentis,
769 3914 844 3962 Pers.
856 3913 882 3972 2,
900 3912 946 3962 to:
970 3910 1027 3960 Osi
1044 3908 1095 3959 Sub
1112 3911 1196 3958 restro
1213 3911 1295 3970 crepet

205 3987 307 4051 rapinis
323 3998 382 4038 rem
399 3985 557 4038 lemilinrem
574 4000 673 4051 engere
691 3987 733 4039 ni·
769 3987 869 4051 eruesti
885 3985 945 4036 mibi
961 3985 1042 4045 seta,
1069 3984 1159 4032 desire
1174 3982 1293 4032 Hermae!

205 4059 242 4112 bil
259 4061 336 4125 pensi
359 4059 504 4112 hebebant.
525 4085 552 4096 -
574 4061 636 4125 reri]
655 4060 733 4112 ismi-
771 4089 798 4098 -
812 4061 878 4123 quod
889 4059 965 4122 umet]
978 4053 1012 4120 τὸ
1024 4052 1129 4128 παρόν,
1149 4067 1293 4120 ιριιιεεθιιε

205 4133 359 4186 liuram·
383 4134 452 4199 ubic]
478 4134 587 4186 «vitiosa
612 4133 730 4197 libidine,
768 4135 885 4194 tortunn;
905 4145 1057 4197 quaenune
1073 4129 1225 4196 possideo.»
1252 4127 1291 4178 Cl.

205 4207 337 4260 luxuria.»
352 4234 378 4245 -
391 4209 476 4272 iube]
495 4210 621 4274 «segnitie
638 4212 665 4262 et
683 4223 732 4260 ue·
768 4209 815 4260 Od.
830 4207 858 4270 3,
877 4207 923 4270 29,
942 4207 982 4256 32.
998 4233 1025 4244 -
1038 4210 1141 4270 pratum
1150 4203 1229 4268 iuuet]
1243 4202 1292 4253 rite
