3116 4968
617 460 676 510 us.
696 461 726 510 ιι.
763 461 830 512 sir.
849 461 892 511 ru.
1245 459 1308 524 alc

263 618 329 682 Nec
350 615 436 682 lerro
458 625 494 681 ut
515 614 650 682 demens
672 616 860 703 genitricem
882 615 1004 684 occidis
1026 617 1170 686 Orestes

263 737 309 802 hu
331 747 366 802 tu
388 737 472 804 reris
494 757 571 804 eum
592 738 701 805 occisa
724 737 884 805 insanisse
906 747 1055 826 parente,

263 859 308 925 hc
329 879 393 924 non
416 867 490 925 aute
513 857 605 924 malis
626 858 811 926 dementem
833 869 940 926 actum
958 860 1078 938 Furiis,
1102 881 1201 950 quam
1244 862 1306 929 l35

263 982 298 1046 ln
320 979 430 1046 matris
453 979 562 1068 iugulo
585 981 706 1048 lenum
727 980 877 1069 tepefecit
898 982 1052 1050 acutum?

262 1102 360 1182 Quin,
385 1121 426 1169 en
447 1122 514 1190 quo
536 1112 586 1168 est
606 1101 734 1169 habitus
756 1101 840 1172 male
863 1113 949 1171 tutae
971 1105 1087 1172 mentis
1103 1105 1251 1184 Orestes,

261 1223 309 1290 Nil
332 1245 411 1290 sane
434 1223 523 1300 lecit,
547 1223 637 1312 quod
663 1235 697 1291 tu
719 1225 960 1314 reprehendere
983 1228 1105 1315 possis:

262 1347 332 1412 Non
353 1344 499 1436 Pyladen
521 1345 608 1412 lerro
629 1345 751 1414 violare
774 1369 915 1417 aususve
937 1371 1085 1418 sororem

263 1467 436 1544 Electram,
461 1477 583 1536 mutum
605 1467 768 1537 maledicit
787 1471 917 1559 utrique
939 1473 1086 1538 vocando
1244 1463 1307 1540 tio

261 1591 351 1656 Hanc
366 1589 508 1668 Furiam,
531 1589 618 1658 hunc
633 1590 735 1668 aliud,
761 1591 854 1659 iussit
875 1593 964 1682 quod
987 1592 1157 1682 splendida
1170 1594 1254 1662 hilis.

285 1743 340 1794 tta.
359 1744 411 1794 Nec
427 1745 525 1794 mmm
540 1745 610 1808 ferro
626 1750 654 1794 at
670 1757 710 1810 pr.
730 1746 755 1796 S.
776 1773 804 1781 -
824 1746 913 1796 occidit
929 1758 955 1809 p,
975 1747 1091 1796 Pettierii
1107 1745 1228 1812 plerique
1247 1751 1274 1798 et

251 1831 321 1868 corr.
349 1819 374 1868 S.
414 1819 453 1882 (ut
469 1832 533 1882 nos,
560 1819 611 1881 he,
629 1833 670 1883 pr.
689 1820 715 1880 S,
733 1833 767 1869 rr
784 1831 846 1870 cum
863 1818 1060 1881 Lemhethano,
1079 1834 1120 1886 pr.
1139 1838 1157 1870 κ
1174 1824 1202 1872 et
1217 1825 1272 1872 tres

251 1894 387 1956 Pottierii.)
408 1921 435 1930 -
456 1893 511 1945 tat.
530 1896 607 1960 tettae]
624 1900 708 1946 arctoe
719 1895 749 1946 li.
768 1894 900 1946 Heinsius.
920 1893 999 1958 (tritae
1014 1895 1080 1946 maa
1098 1897 1164 1947 cod.
1183 1897 1272 1959 Teos.)

253 1995 280 2003 —
295 1967 351 2019 438.
362 1971 514 2032 reprendere
529 1969 637 2031 hc,LCt.
658 1998 685 2006 -
700 1983 785 2033 posses
800 1982 827 2033 p.
844 1998 871 2006 -
885 1969 941 2019 439.
960 1983 1072 2021 sororem
1087 1976 1123 2022 est
1138 1970 1273 2023 Bentleius

250 2055 283 2093 ex
301 2044 402 2108 optimo
420 2043 559 2096 Palmenni
577 2047 605 2096 et
620 2046 709 2109 Regio,
728 2046 762 2098 hl.

215 2164 314 2228 laqueo
331 2165 447 2230 fregerat
464 2167 596 2230 matrique
607 2180 742 2218 venenum
780 2167 848 2218 roid.
863 2169 886 2229 t,
902 2168 944 2218 tt:
960 2167 1088 2232 scopatae
1100 2169 1249 2232 tlepolemus
1256 2170 1306 2232 sn-

216 2241 374 2302 miscuerat,
387 2243 463 2305 quasi
475 2241 578 2293 diceret
588 2243 741 2293 Stertinius:
779 2244 845 2293 mern
861 2244 1007 2307 tepefecerat
1022 2243 1129 2295 tostam
1145 2273 1172 2284 -
1184 2246 1252 2296 mate
1262 2251 1306 2296 tu·

217 2316 302 2365 «Sene
326 2317 428 2379 poteris
445 2318 509 2368 mihi
530 2317 661 2369 obiicere:
687 2319 742 2382 Ego
779 2323 821 2367 tae
836 2317 933 2382 mentis]
947 2319 1063 2370 insanus.
1100 2321 1305 2385 rimmopostea

216 2387 292 2440 solita
315 2392 344 2440 ct
362 2403 433 2441 nunc
455 2391 604 2456 frequentia
620 2393 689 2443 haec
707 2393 744 2443 la·
779 2392 891 2443 sanioris
913 2406 997 2458 prope
1016 2395 1113 2445 mentis
1134 2394 1181 2446 fuit
1197 2396 1305 2448 Orestes

216 2465 306 2514 cinora
333 2477 395 2515 cum
421 2466 486 2528 leci,
512 2468 622 2518 minime
649 2467 743 2532 aequi·
780 2480 861 2531 wem
879 2469 906 2518 in
924 2467 1231 2534 illopunctotemporis,
1250 2484 1305 2534 quo

215 2538 352 2603 parandus
371 2553 432 2591 sum
458 2543 557 2606 tragico
582 2541 617 2592 illi
642 2544 741 2606 Oresti,
779 2544 894 2592 matrem
912 2543 1060 2594 trucidavit.
1096 2546 1202 2596 Etenim
1228 2545 1254 2595 in
1271 2559 1304 2596 eo

216 2615 262 2680 qui
280 2614 364 2676 terro,
391 2628 459 2677 uon,
484 2619 514 2666 ut
536 2617 608 2681 apud
624 2631 674 2668 nos
697 2618 741 2681 fit,
779 2617 917 2668 dumtaxat
953 2617 1065 2682 deliquit
1099 2618 1304 2684 aliquantulum,

215 2688 489 2753 lequcoautrencno,
501 2689 741 2756 Clytaemnestram
779 2691 852 2756 quod
869 2691 1003 2743 interdum
1020 2695 1107 2743 sorori
1123 2697 1203 2758 atque
1218 2695 1304 2745 amico

215 2763 328 2825 occidit,
351 2777 439 2828 neque
456 2767 544 2830 Argis,
569 2766 637 2818 urhe
654 2781 670 2817 a
687 2770 743 2818 tra-
780 2765 958 2816 maledixit.»
992 2767 1034 2818 Sic
1056 2767 1128 2831 apud
1151 2767 1305 2832 Euripidem

215 2841 280 2904 gicis
305 2839 452 2890 identidem
478 2843 628 2892 memorata
654 2845 693 2904 et,
721 2844 743 2894 si
780 2841 830 2903 (Or.
844 2839 1173 2906 idhlsororemappellat
1190 2843 1304 2892 Furiam:

217 2917 252 2966 ita
278 2915 368 2965 dicere
396 2913 470 2977 licet,
496 2917 615 2980 poetica,
641 2917 691 2969 sed
716 2919 742 2969 in
779 2913 887 2977 Medae·
910 2915 952 2979 μί’
971 2905 1048 2965 οὖσα
1064 2912 1122 2965 τῶν
1138 2913 1217 2980 ἐμῶν
1230 2910 1261 2965 ’ll
1278 2932 1305 2967 e-

215 2989 305 3042 media
317 2987 385 3039 urhe
402 2991 498 3051 Rome,
517 2991 645 3044 veneficis
656 2992 743 3044 reler—
779 2986 869 3051 vtae,
887 2989 985 3040 Μέσον
996 2992 1026 3055 μ’
1039 2985 1190 3056 ὀχμάζεις,
1203 2986 1243 3053 ὥς
1253 2931 1306 3052 lici-

215 3069 256 3128 te,
282 3078 335 3116 nou
353 3065 462 3116 insanus
478 3067 508 3115 ut
530 3064 587 3128 ille,
614 3066 664 3117 sed
682 3080 743 3117 cer·
779 3062 832 3138 λῃς
857 3064 887 3127 ἐς
912 3063 1069 3137 Τάρταρον.
1108 3067 1156 3127 Qui
1180 3065 1305 3117 versiculi

215 3143 270 3190 mm
288 3141 350 3204 post
365 3137 586 3192 deliberationem
598 3143 741 3192 metreme
780 3153 862 3206 saepe
887 3139 986 3191 laudati
1012 3141 1093 3191 etiam
1118 3154 1133 3189 a
1153 3141 1305 3194 rhetoribus

214 3213 306 3266 medio
323 3212 444 3265 sustuli.»
473 3215 558 3280 Saepe
574 3216 665 3266 autem
677 3217 743 3266 Stoi-
780 3216 865 3278 (Dion.
884 3217 964 3280 Long.
987 3217 1037 3278 tt.)
1056 3214 1180 3268 omnihus
1206 3218 1305 3268 Horatii

215 3290 240 3340 ci
258 3289 358 3340 Orestis
373 3301 488 3352 persona
506 3289 658 3340 utebantur.
686 3289 739 3340 Cir.
779 3289 923 3342 lectoribus
940 3290 974 3340 ita
993 3291 1047 3340 noti
1065 3293 1154 3352 eraut,
1173 3293 1202 3341 ut
1219 3291 1305 3355 quivis

214 3365 317 3417 Arriani
334 3363 445 3428 Epictet.
466 3365 497 3424 2,
520 3365 566 3426 20,
589 3364 629 3414 li.
650 3391 679 3402 -
697 3365 741 3415 de-
779 3378 826 3417 eos
844 3365 985 3430 significari
1004 3367 1178 3431 perspiceret.
1214 3365 1305 3431 Pyladi

213 3438 292 3503 merie]
310 3437 593 3504 «uttraduntpottae,
612 3442 742 3504 postsec-
779 3439 888 3504 quidem
911 3441 937 3491 in
958 3439 1000 3491 illa
1022 3441 1157 3504 tragoedia
1175 3455 1228 3492 non
1245 3455 1305 3494 ma-

214 3514 257 3566 lus
288 3515 470 3578 perpetratum
501 3515 592 3564 mente
620 3517 739 3578 captus.»
778 3514 875 3566 ledioit.
901 3517 947 3580 (De
964 3515 1112 3568 maledictis
1130 3518 1155 3568 in
1172 3516 1305 3570 Electram

216 3619 244 3627 -
263 3589 303 3639 Ae
326 3593 355 3639 to
378 3591 443 3640 reris
464 3589 526 3654 cet]
552 3587 597 3640 lllo
617 3602 739 3654 quoque,
779 3593 859 3656 etque
885 3590 1014 3656 Pyladem
1037 3591 1138 3643 collatis
1159 3592 1194 3643 eh
1212 3593 1305 3644 Oreste

213 3665 302 3730 pergit
328 3665 481 3726 stertimus,
511 3665 564 3714 iam
590 3668 651 3714 ante
678 3663 742 3727 Cly·
778 3667 922 3718 inPacuvii
939 3665 1079 3718 Duloreste
1092 3680 1154 3718 cum
1172 3669 1304 3718 Dhntzero

214 3739 408 3790 taemnestrem
426 3741 542 3790 occisam
564 3740 673 3790 insanus
695 3739 743 3790 luit
779 3743 894 3806 cogitare
920 3741 1021 3804 nolim.)
1041 3769 1068 3777 -
1087 3741 1216 3804 maedan
1241 3741 1305 3806 itis]

213 3815 301 3879 aeque
318 3826 351 3864 ac
374 3815 429 3864 tum
463 3815 502 3864 De
519 3814 604 3865 verbo
629 3815 681 3865 reri
706 3813 739 3866 cl.
778 3819 851 3868 Pers.
872 3816 901 3876 3,
928 3817 959 3866 8:
991 3817 1109 3880 torpescit
1130 3817 1214 3866 citrea
1239 3816 1302 3868 hilis

214 3891 268 3940 Sat.
283 3891 310 3952 t,
330 3889 359 3951 9,
378 3888 418 3940 te.
778 3890 825 3942 Bili
846 3890 972 3942 morbose
995 3890 1175 3942 condensatae
1192 3894 1219 3942 et
1240 3904 1305 3955 pro-

248 3963 366 4016 tat-tm.
382 3965 466 4033 nmis]
478 3966 532 4016 deo
542 3979 650 4030 arpen,
663 3966 738 4016 Voss:
779 3970 870 4030 pterea
881 3964 993 4030 asphalti
1005 3967 1095 4030 specle
1107 3964 1304 4030 splendescenti

213 4041 269 4090 dee
293 4039 532 4091 schreclrliclten.
568 4040 617 4090 llic
642 4041 669 4090 et
694 4053 741 4092 se·
779 4054 793 4090 a
823 4041 935 4092 medicis
961 4038 1130 4089 tribuchatur
1159 4039 1304 4109 μελαγχο-

213 4127 301 4178 quens
328 4125 424 4165 versus
455 4115 513 4164 soni
544 4115 606 4165 sunt
631 4127 741 4178 prorsus
778 4114 833 4167 lde.
868 4116 940 4179 (Mire
968 4113 1082 4178 explieat
1113 4115 1193 4168 Voss:
1227 4123 1305 4168 etro-

212 4188 324 4240 heroici.
347 4215 374 4224 -
390 4188 488 4251 samen
503 4189 614 4253 tepefecit
630 4191 740 4254 αοιιιιιιιι]
777 4191 888 4255 pacha,
904 4189 1063 4252 poniptoyier
1079 4189 1170 4240 lom.»
1201 4189 1235 4240 So
1254 4189 1302 4241 Od.

211 4262 285 4326 Virg.
298 4265 365 4314 Aen.
380 4263 409 4324 a,
422 4263 483 4315 tis:
501 4264 575 4314 hatto
585 4291 600 4302 -
611 4291 624 4301 -
636 4265 741 4315 aoixto
777 4263 808 4324 l,
822 4265 850 4324 7,
869 4264 913 4315 st:
938 4261 1077 4327 splendida
1094 4262 1216 4326 arbitria,
1240 4263 1305 4314 Ara-

213 4363 227 4376 ·
241 4337 571 4404 taetittepelaetoceretro.
602 4339 676 4390 ovid.
690 4340 741 4390 lle·
777 4339 882 4402 spritalia
901 4351 950 4388 von
975 4337 1120 4390 erhabenem
1144 4338 1247 4403 letali.)
1275 4367 1302 4375 -
