3192 4974
290 425 352 490 lta
653 425 783 478 nomm
804 423 1023 477 arrsromnuu

334 584 368 650 Si
391 605 445 650 res
467 582 551 649 sola·
563 591 669 670 potest
690 582 796 650 lacere
819 591 851 649 et
873 601 1003 648 servare
1026 579 1174 659 beatum,

334 705 403 772 Hoc
425 705 548 793 primus
571 713 700 792 repetas
722 725 820 792 opus,
844 701 906 769 hoc
927 712 1111 791 postremus
1133 703 1269 770 omittas.

334 827 367 894 Si
392 827 586 892 fortunatum
608 827 736 914 species
759 836 792 892 et
813 824 914 913 gratia
935 833 1092 911 praestat,

335 950 517 1016 llercomur
538 969 683 1026 servum,
707 946 763 1035 qui
786 945 884 1012 dictet
905 947 1050 1026 nomina,
1074 945 1202 1013 laevum
1341 947 1383 1012 50

335 1070 397 1150 Qui
420 1068 540 1136 lodicet
560 1069 643 1136 latus
665 1078 698 1135 et
720 1077 817 1156 cogat
838 1076 926 1133 trans
948 1067 1094 1155 pondera
1115 1067 1261 1134 dextram

358 1249 399 1300 ia.
415 1251 563 1312 postrenus]
582 1253 709 1299 emisenus
720 1261 744 1298 c.
760 1275 788 1284 -
802 1247 843 1298 te.
852 1251 965 1310 praestet
982 1248 1010 1297 C.
1026 1271 1054 1284 -
1068 1248 1110 1297 iil.
1127 1248 1204 1311 fodiet
1221 1246 1310 1310 Empe
1325 1249 1353 1297 et

326 1335 460 1388 superacr.
473 1338 491 1373 o
507 1323 543 1385 b,
564 1323 647 1386 fodiet
663 1336 692 1384 c,
711 1319 821 1373 Bentleii
840 1322 1025 1386 esequioresp
1044 1323 1071 1372 et
1087 1323 1205 1386 quinque
1223 1323 1349 1384 Pottierii,

294 1473 383 1524 culum
401 1475 523 1523 avertere
540 1473 661 1537 possunt.
683 1499 710 1508 —
734 1471 819 1535 socero
856 1469 954 1522 Plinius
972 1472 1002 1521 H.
1016 1473 1047 1521 N.
1060 1471 1106 1532 29,
1126 1473 1154 1531 l,
1173 1470 1202 1521 8:
1223 1471 1309 1521 aliero
1330 1483 1384 1521 me-

293 1554 316 1598 et
336 1561 437 1598 seniore
459 1546 566 1610 Mum]
585 1544 727 1596 «Consulto
749 1546 818 1595 haec
855 1547 939 1595 moria
955 1545 1115 1610 solidamus.)
1150 1547 1206 1596 Hoc
1228 1548 1319 1596 autem
1339 1542 1383 1595 vel

294 1623 451 1686 repetuntur
472 1635 505 1670 ex
526 1619 645 1671 secundo
668 1633 762 1680 versu,
789 1621 819 1668 ut
856 1621 972 1670 maxime
981 1618 1169 1670 blandiebatur
1179 1619 1332 1671 hominibus
1345 1621 1385 1669 te-

293 1707 453 1760 perversum
489 1695 645 1760 cupidorum
679 1694 817 1747 hominum
857 1692 1288 1756 nnioribus,ubivirnobiliseos
1303 1695 1385 1746 etiam

293 1769 422 1820 iudicium
437 1783 571 1820 cumvera
581 1770 710 1834 sapientia
723 1769 818 1820 infesto
857 1771 1031 1835 praenomine
1055 1769 1189 1820 salutaret.
1226 1771 1279 1820 Sat.
1299 1769 1329 1830 Ξ,
1352 1771 1382 1830 5,

294 1845 442 1896 certamine
459 1848 659 1908 componatur.»
673 1845 792 1895 Dianam.
858 1845 898 1896 32.
929 1845 983 1895 Cic.
997 1844 1032 1894 ad
1043 1845 1094 1895 nrt,
1109 1843 1137 1905 l,
1152 1845 1179 1905 l,
1198 1845 1227 1894 5:
1247 1843 1285 1893 Ad
1296 1842 1383 1893 urbem

328 1919 416 1970 tit-5⁴.
440 1920 530 1982 species
553 1925 575 1969 et
597 1919 692 1984 praete]
712 1916 820 1983 «spien-
857 1921 895 1970 itu
911 1921 976 1981 ueni,
994 1924 1021 1969 nt
1037 1933 1108 1969 nerto
1119 1919 1194 1968 ullius
1205 1918 1383 1968 ordinisltomo

294 1992 344 2043 dor
367 1995 505 2054 externus,
532 1992 600 2044 latus
624 1991 727 2054 clavus,
755 1989 820 2042 sella
858 1993 1037 2043 amnenelatori
1053 1998 1127 2042 erotus
1142 1993 1231 2056 feeerit,
1259 1993 1302 2052 put
1324 1991 1385 2042 mill

294 2065 407 2128 curulis,
428 2067 527 2129 fasces,
546 2080 645 2118 nomen
663 2069 752 2131 ipsum
764 2079 821 2116 ma·
859 2069 957 2118 obviem
967 2068 1131 2117 convenerit.
1160 2066 1199 2118 ci.
1213 2079 1261 2130 pro
1274 2068 1384 2118 liusena

295 2145 433 2207 gistratum
453 2155 534 2206 quem
551 2144 621 2206 geris
638 2140 681 2192 vel
698 2141 819 2206 gessisti,
859 2143 905 2204 36,
924 2143 965 2192 77.
987 2167 1013 2178 -
1034 2142 1132 2192 herum
1148 2169 1162 2178 -
1178 2168 1191 2179 -
1207 2141 1288 2206 hius]
1313 2140 1386 2205 quod

295 2221 322 2267 et
339 2215 576 2280 aurapopuiaris.»
600 2217 654 2266 Cic.
668 2218 695 2266 in
712 2217 763 2267 Pis.
779 2217 819 2276 ll,
859 2215 1042 2267 nomenclator
1065 2217 1131 2266 hero
1153 2214 1271 2279 tegebat.
1297 2243 1323 2251 -
1346 2216 1387 2278 so-

295 2290 342 2342 il:
361 2293 584 2354 Mopsumnmnen
596 2297 822 2356 esnmepnaspe
859 2291 930 2355 dicei]
956 2290 1083 2342 fodicare
1107 2291 1141 2355 (id
1168 2293 1222 2352 est,
1249 2302 1330 2354 saepe
1357 2292 1384 2340 et

295 2367 369 2426 cies,
386 2378 482 2428 empna
499 2366 620 2428 dientem,
638 2365 822 2430 mamete·
860 2367 957 2416 acriter
974 2365 1079 2427 ledere,
1098 2379 1230 2430 pungere,
1250 2364 1384 2427 vellicare)

295 2445 347 2490 aar
362 2439 476 2488 consulis.
507 2439 560 2489 Cir,
575 2439 640 2503 Epp.
657 2441 687 2501 Ξ,
707 2441 737 2502 2,
756 2440 819 2489 203:
860 2439 982 2491 solebant
1003 2439 1083 2502 latua,
1108 2453 1162 2504 quo
1179 2441 1254 2504 signo
1271 2443 1386 2491 attentos

298 2513 409 2574 Virtam,
432 2513 546 2577 inperito,
570 2515 687 2576 specle,
713 2515 821 2576 virtute,
860 2513 1007 2565 redderent
1023 2513 1057 2564 de
1075 2511 1162 2578 aliqua
1174 2528 1204 2564 re
1222 2515 1381 2575 monendos,

296 2589 362 2650 loco,
375 2587 692 2651 resetrmitprtmomm,
705 2589 824 2639 ments
860 2590 887 2639 h.
901 2587 918 2638 l.
932 2591 962 2638 ut
983 2587 1130 2639 salutarent
1150 2590 1223 2639 hunc
1244 2587 1286 2638 vel
1312 2587 1385 2638 illum

296 2663 488 2724 usqnepn'oras.
509 2662 590 2712 Tacit.
601 2665 669 2714 nun.
680 2663 705 2726 l,
719 2663 748 2713 6:
764 2664 824 2728 (pri-
861 2663 998 2714 hominem
1027 2662 1061 2714 de
1092 2660 1241 2727 plebecula.
1279 2663 1384 2712 Terent.

296 2739 348 2788 mis
359 2735 456 2786 Tiberii
471 2737 596 2800 principis
612 2737 696 2800 aunis)
708 2751 755 2788 sua
766 2751 824 2788 con·
862 2739 926 2788 llec.
946 2737 975 2798 3,
998 2737 1028 2798 n,
1048 2735 1094 2786 ⁴6:
1120 2738 1199 2787 Lacu.
1226 2737 1274 2786 Dic
1290 2737 1388 2786 lutatam

296 2811 401 2875 salibus,
427 2825 474 2862 sata
492 2813 653 2874 praetoribus
672 2814 771 2875 spectes.
793 2841 821 2849 -
861 2817 891 2862 te.
919 2814 991 2862 Pam.
1019 2811 1077 2860 Noli
1095 2811 1187 2874 fodere.
1216 2808 1384 2876 Pseudoplat.

296 2889 438 2938 Mereemur
449 2887 511 2951 cet]
526 2887 640 2947 aQnodsi
652 2888 730 2950 igitur
740 2887 824 2937 hono-
861 2889 979 2938 Amator.
992 2899 1019 2950 p.
1034 2885 1090 2935 ⁴32.
1104 2885 1144 2935 it:
1163 2880 1286 2950 κινήσας
1297 2879 1387 2935 αὐτὸν

298 2973 342 3012 res
351 2962 462 3026 appetis,
472 2961 825 3012 omnibusambilionlsarti·
861 2959 901 3028 τῷ
918 2954 1027 3027 ἀγκῶνι
1050 2954 1175 3031 ἠρόμην.
1206 2961 1332 3011 Ceterum
1354 2973 1386 3009 er

297 3034 349 3086 hus
359 3037 444 3094 utere;
456 3049 522 3099 quas
532 3035 671 3086 evidenter
679 3037 715 3085 ita
724 3036 825 3086 descri-
862 3049 912 3086 usu
931 3037 1004 3084 certe
1023 3035 1159 3084 Ciceronis
1181 3035 1266 3098 (Tuae.
1286 3034 1314 3096 3,
1339 3035 1385 3094 46,

297 3109 336 3160 bit
353 3111 525 3161 Mamertinus
543 3113 640 3174 Panes.
662 3109 754 3161 lulian.
777 3111 821 3160 lii:
861 3110 913 3172 35.)
930 3109 1043 3172 fodicare
1059 3120 1112 3158 non
1130 3111 1172 3159 est
1194 3106 1316 3170 «leviter,
1341 3119 1387 3158 au-

299 3184 668 3248 compeditorumque,
681 3197 739 3234 eum
749 3185 825 3234 tono-
862 3183 971 3249 perflcle
984 3187 1062 3232 tenus
1075 3183 1182 3245 fodere,
1201 3187 1341 3247 tangerep»
1359 3185 1388 3233 nt

298 3273 338 3309 res
351 3260 439 3322 popuii
454 3261 561 3310 limmat
577 3259 707 3324 seffrapila
716 3261 825 3309 mandu-
862 3258 916 3310 volt
940 3257 1076 3309 Glossator
1106 3257 1176 3323 apud
1205 3259 1385 3318 Tenendum,

298 3331 405 3394 bamur,
426 3333 517 3382 malms
536 3333 611 3396 Ῑιιῑεω
631 3334 825 3384 eondtdatonim
863 3333 912 3385 sed
925 3333 1096 3384 contrarium.
1111 3359 1135 3372 -·
1149 3333 1229 3398 ceput]
1250 3333 1387 3396 «impenso

298 3407 413 3457 laborm
428 3408 567 3457 Edtseenda
583 3409 695 3458 onmium
705 3409 824 3468 comtum·
863 3407 951 3459 studio
977 3408 1093 3459 iubeat.»
1118 3432 1146 3444 -
1170 3415 1242 3460 trane
1263 3407 1387 3473 pondero]

297 3481 410 3533 tricarim
433 3495 516 3532 manes
538 3487 614 3544 utque
635 3484 713 3533 etium
732 3484 824 3547 sinpuli
863 3482 990 3548 «Propola
1016 3485 1042 3534 in
1069 3483 1180 3534 taberna
1204 3483 1303 3534 sedens
1326 3485 1387 3532 ante

298 3557 426 3608 salutandi
433 3569 442 3616 ;
472 3557 662 3618 prehensandae
694 3558 825 3609 obolorum
862 3571 892 3609 se
910 3557 993 3608 habet
1009 3559 1125 3622 positam
1143 3559 1269 3609 trutinam
1281 3571 1313 3607 ac
1321 3571 1388 3619 pon-

298 3645 403 3691 cunm
429 3631 541 3682 mundus
565 3633 745 3693 assidendum
773 3648 823 3684 non
862 3634 936 3695 dero.
950 3632 1066 3696 adquae
1079 3645 1275 3694 menomenas,
1288 3630 1386 3692 oleum,

298 3707 378 3758 solum
399 3719 456 3756 eren
479 3707 582 3771 inlinis,
608 3709 650 3758 sed
670 3708 746 3758 etium
767 3721 825 3757 man
862 3709 953 3773 piper,
978 3707 1054 3769 thus,
1079 3707 1212 3772 salgama,
1231 3709 1321 3758 cetera
1339 3705 1388 3756 ad-

299 3785 390 3848 ipnoiia
404 3783 589 3847 [madianitam
604 3783 825 3848 imapostmntan-
862 3782 1019 3834 vectoribus
1037 3783 1136 3834 vendit.
1166 3784 1222 3833 lam
1239 3783 1285 3846 qui
1302 3781 1388 3832 hono-

299 3860 342 3909 αα.
375 3885 401 3894 -
431 3859 544 3924 servtan]
578 3856 822 3920 nomenclatorem,
863 3869 907 3924 res
925 3871 978 3908 non
997 3859 1102 3922 captat,
1121 3857 1215 3908 transit
1232 3870 1265 3907 ne
1283 3857 1388 3906 intuens

300 3933 375 3983 cuias
393 3936 450 3982 erat
467 3933 588 3984 ediscere
606 3933 713 3983 nomina
734 3932 825 3996 singu-
862 3933 973 3996 quidem
996 3932 1105 3984 infimae
1128 3933 1207 3983 sortia
1234 3932 1386 3990 hominem;

300 4005 475 4072 lorumprope
487 4008 667 4070 damnisque,
678 4018 740 4057 cum
747 4021 826 4072 pren·
862 4007 1020 4059 ambitiosus
1037 4021 1052 4057 a
1070 4006 1164 4058 sedulo
1187 4005 1388 4057 nomenclatore

301 4083 373 4130 saret
404 4080 541 4146 dominus,
575 4091 658 4131 unum
686 4093 823 4145 quemque
862 4082 970 4134 iubetur
995 4083 1019 4133 ei
1043 4084 1118 4133 trans
1143 4079 1282 4132 sordidum
1309 4081 1388 4132 istum

302 4155 409 4206 nomine
419 4155 552 4222 appellare
564 4157 667 4222 posset,
680 4157 824 4220 postquam
863 4159 1021 4222 apparatum
1038 4156 1190 4223 ponderum
1203 4169 1235 4206 ac
1248 4167 1389 4206 mensura-

302 4241 397 4280 servus
417 4231 468 4280 hoc
490 4232 514 4282 ei
536 4231 664 4292 αᾶοὶωωι,
688 4231 745 4280 eius
766 4229 823 4280 auri
862 4243 923 4281 rum
941 4231 1079 4282 dexteram
1097 4243 1182 4293 aequo
1196 4231 1308 4281 comiter
1324 4243 1388 4296 per-

300 4305 502 4357 insusurrasset.
522 4307 568 4369 (De
580 4304 824 4358 nomenclatoribus
862 4305 964 4370 rigere,
983 4319 1015 4358 ac
1032 4307 1054 4357 si
1071 4303 1206 4358 iamdiaris
1218 4307 1304 4366 esset,
1323 4317 1388 4370 spe-
