3082 4968
276 417 338 486 460
659 423 987 480 666666666666666

318 578 533 667 Distorquens
555 578 683 658 oculos,
706 589 742 646 ut
763 601 816 647 me
839 580 989 669 eriperet.
1034 579 1115 648 Male
1138 580 1242 648 salsus
1324 583 1365 648 65

319 699 437 769 Ridens
460 699 680 768 dissimulare:
704 723 813 770 meum
837 703 927 770 iecur
949 723 1046 770 urere
1067 701 1150 770 bilis.

320 823 414 890 Certe
437 822 548 890 nescio
571 822 650 910 quid
672 833 800 892 secroto
822 822 905 891 velle
929 823 1016 912 loqui
1039 835 1071 892 te

318 943 436 1013 Aiebas
459 963 596 1012 mecum.
641 945 769 1012 Memini
791 945 905 1024 bene,
918 945 978 1013 666
1000 944 1134 1014 meliore

265 1119 269 1128 '
341 1125 382 1175 68.
400 1125 502 1176 cultore
518 1126 546 1186 S,
572 1137 634 1175 cum
654 1137 708 1174 uno
732 1122 871 1187 alteroque
889 1139 904 1175 e
922 1126 977 1176 suis
998 1124 1082 1176 codd.
1104 1124 1252 1177 Bentleius:
1280 1141 1334 1179 466-

310 1201 369 1251 licei
385 1200 571 1266 capacitati.

276 1322 312 1372 66
327 1327 384 1373 crte
399 1321 541 1385 spmaolcte
558 1319 686 1385 Gargallo.
716 1320 801 1372 Minus
839 1321 904 1372 Tisri
923 1321 1015 1386 quinto
1032 1321 1151 1384 decimo,
1170 1323 1368 1388 primosceno·

276 1399 349 1448 recte
374 1396 543 1448 Torrentius:
571 1407 661 1458 aquae
686 1393 802 1458 obsequi
840 1397 994 1459 peplorum,
1025 1409 1094 1461 quae
1124 1411 1234 1463 semper
1261 1401 1368 1452 constat

276 1470 409 1532 nollent»,
433 1473 463 1520 ut
479 1471 523 1520 664
538 1468 610 1534 apud
633 1470 714 1520 Tacit.
733 1471 801 1519 Anu.
840 1470 989 1522 castissime
1006 1471 1142 1522 celebrata
1158 1475 1198 1534 ei,
1218 1474 1291 1536 quod
1309 1488 1368 1526 ma-

276 1546 307 1608 4,
326 1547 374 1597 aa:
392 1546 473 1596 466466
489 1545 623 1594 adversam
634 1543 742 1606 imperia
753 1557 803 1593 66-
838 1546 902 1595 nimi
919 1547 1048 1617 momenti
1071 1550 1126 1608 esi,
1153 1549 1279 1600 itomanis
1303 1551 1368 1600 satis

274 1631 325 1670 ros.
345 1646 372 1656 -
395 1618 571 1681 Maternum]
597 1629 695 1681 «prave
721 1619 803 1682 atque
839 1621 900 1670 nota
931 1619 1021 1672 luisse.
1072 1622 1154 1673 Levit.
1181 1621 1230 1682 23,
1260 1622 1365 1674 34-44.

276 1695 463 1758 intempestive
483 1693 600 1742 iocans.»
631 1691 707 1742 iiaud
725 1693 801 1742 Turs.
838 1691 972 1744 Plutarch.
991 1696 1115 1760 Sympos.
1135 1696 1181 1756 lV,
1200 1695 1231 1757 6,
1250 1697 1275 1747 ².
1301 1699 1369 1749 llici-

276 1769 318 1819 ili.
337 1781 364 1832 p.
383 1766 441 1818 684.
463 1793 490 1803 -
509 1765 586 1830 iecor]
606 1767 636 1816 H.
653 1764 670 1816 l.
689 1768 730 1816 est
747 1767 802 1816 irae
839 1770 882 1818 tur
904 1769 985 1819 etiam
1009 1769 1107 1820 testum
1132 1769 1369 1822 tabernaculorum

277 1842 372 1903 sedes,
390 1844 420 1892 ut
437 1840 485 1892 0d.
499 1842 527 1902 4,
548 1840 593 1902 43,
612 1841 645 1891 3;
663 1853 803 1891 cormeum
839 1837 902 1908 (τὴν
919 1844 1061 1914 προτέραν
1075 1839 1128 1908 τῆς
1139 1839 1243 1915 ἑορτῆς
1254 1841 1369 1911 σκηνὴν

275 1915 726 1980 Pen1endifpalsotternmriaeor;
740 1915 802 1966 aiibi
839 1911 1042 1982 ὀνομάζουσιν.
1073 1915 1140 1969 Ρ164.
1161 1917 1177 1968 i.
1194 1917 1222 1981 i.)
1245 1922 1274 1969 et
1297 1919 1370 1971 comss

276 1991 384 2042 amoris.
415 1989 475 2040 4446.
499 1988 533 2039 66
557 1989 604 2039 06.
629 1990 658 2050 4,
684 1991 731 2052 25,
760 1991 800 2040 aa.
838 1989 963 2056 plectitur
974 1993 1205 2057 integrossepiem
1215 1993 1367 2045 diesalil'.

276 2065 305 2126 t,
319 2066 347 2124 4,
362 2065 401 2114 is.
418 2091 445 2100 -
457 2076 532 2113 urere
543 2063 605 2124 bilis]
623 2065 729 2114 aristot.
740 2067 804 2115 Pro-
838 2067 904 2117 Tisri
922 2078 1007 2129 usque
1025 2066 1059 2117 ad
1072 2067 1136 2118 lilii.
1146 2059 1260 2118 Primus
1277 2072 1368 2119 autem

277 2137 358 2189 blera.
369 2137 414 2188 30;
434 2127 517 2199 ὅσοις
527 2135 559 2186 es
570 2134 635 2187 λίαν
646 2133 738 2202 πολλὴ
753 2138 804 2188 καὶ
840 2139 918 2190 66466
943 2140 1121 2191 hebdomadis
1138 2141 1196 2192 dies
1218 2143 1244 2192 et
1261 2141 1370 2194 ultimus

276 2208 371 2284 θερμὴ
395 2207 425 2278 (ἡ
447 2207 521 2277 χολὴ
547 2207 722 2282 ἐνυπάρχει),
745 2227 803 2278 μα-
840 2215 957 2265 maxime
969 2215 1039 2266 sacri
1051 2216 1128 2265 eraut
1139 2217 1166 2265 et
1176 2218 1284 2280 praeter
1294 2219 1370 2269 cete·

277 2289 353 2340 νικοὶ
380 2287 431 2338 καὶ
458 2282 578 2349 εὐφυεῖς
600 2287 649 2336 καὶ
671 2285 802 2358 ἐρωτικοὶ
839 2301 884 2339 666
901 2287 1061 2340 dicebantur
1077 2289 1216 2340 sabbata.»
1251 2291 1364 2341 4466666.

277 2365 327 2414 καί
344 2357 489 2428 εὐκίνητοι
510 2356 583 2432 πρὸς
604 2357 673 2424 τοὺς
688 2358 804 2427 tapete
839 2361 956 2414 Eximius
965 2362 1123 2426 Theologus,
1137 2365 1182 2428 qui
1195 2376 1266 2415 nunc
1278 2365 1368 2429 ipsum

277 2440 326 2490 καὶ
344 2433 396 2500 τὰς
413 2435 577 2502 ἐπιθυμίας.
838 2437 865 2486 46
882 2449 915 2488 66
928 2439 983 2500 664,
1003 2440 1032 2488 64
1049 2438 1192 2490 obscuram
1205 2438 1303 2489 iudaici
1315 2441 1367 2489 ita-

310 2511 417 2563 09-74.
442 2511 568 2560 tricesima
589 2509 703 2576 6666646]
722 2511 804 2562 «Sob-
837 2508 948 2561 lendarii
971 2513 1103 2564 rationem
1126 2511 1235 2565 4666666
1258 2513 1367 2565 6664664

278 2588 338 2638 boto
354 2586 388 2637 66
406 2598 459 2636 uno
471 2584 577 2636 sabbati
594 2584 637 2636 die
656 2585 746 2637 6464446.
759 2587 801 2648 22,
838 2588 919 2649 alque
937 2586 1062 2648 illustret,
1086 2599 1102 2637 a
1124 2599 1168 2638 me
1186 2587 1288 2638 66666
1306 2585 1367 2638 4666

278 2665 303 2714 i.
322 2661 403 2712 ilorci
423 2661 451 2720 4,
469 2661 511 2710 st.
529 2661 636 2725 ioseph.
654 2662 763 2725 antiqq.
776 2660 801 2722 3,
840 2659 975 2712 consultus
1001 2673 1063 2711 cum
1088 2663 1173 2722 esset,
1205 2674 1259 2712 non
1289 2674 1368 2724 pror-

279 2738 324 2798 40,
344 2738 375 2786 t:
394 2730 469 2786 κατὰ
485 2733 516 2786 δὲ
533 2732 663 2801 ἑβδόμην
680 2730 801 2807 ἡμέραν,
839 2746 885 2784 666
904 2735 1064 2800 improbavit
1084 2735 1197 2786 itoederi
1218 2735 1367 2794 rationem,

277 2805 342 2879 ἤνις
372 2806 510 2872 σάββατα
540 2809 678 2861 καλείτω.
721 2813 803 2864 ttecte
839 2809 892 2859 boc
909 2810 999 2860 tamen
1021 2809 1151 2860 adiunxit:
1179 2810 1295 2870 «Quodsi
1317 2810 1367 2861 ad-

278 2887 340 2937 inita
366 2886 494 2950 temporis
518 2887 716 2950 computatione
738 2885 803 2938 sab·
840 2884 1037 2936 numerandum
1054 2887 1097 2935 est
1118 2886 1145 2934 et
1162 2887 1366 2936 controversum
1456 2892 1459 2900 ·

277 2961 340 3012 bata
357 2960 391 3010 ab
409 2961 481 3011 initio
499 2961 560 3010 anni
577 2962 647 3011 sacri
668 2962 803 3012 tricesima
839 2956 902 3008 illud
915 2955 1370 3031 sabbatiamomrsponporovtbu-

278 3035 397 3087 incidunt
421 3036 447 3085 in
471 3037 562 3100 ipsum
587 3036 705 3100 primum
730 3037 803 3087 diem
840 3047 889 3086 cae
906 3035 936 3097 6,
956 3036 1001 3100 4.),
1020 3037 1060 3086 43.
1079 3035 1137 3086 6466
1155 3035 1255 3086 mensis
1275 3034 1366 3094 Nisan,

278 3110 501 3174 scenopegiorum
513 3109 566 3159 XV.
579 3109 606 3159 6.
621 3109 728 3162 Octobr.
744 3111 804 3162 Ete-
839 3110 870 3158 ut
879 3109 998 3171 videtur,
1011 3111 1080 3160 teste
1092 3110 1206 3174 losepbo
1216 3106 1365 3174 (66666664.

277 3186 333 3235 nim
350 3197 398 3235 sex
414 3196 524 3235 meuses
547 3181 654 3235 lunares
671 3184 706 3235 ab
722 3184 804 3249 Aprili
840 3182 870 3244 3,
889 3183 936 3246 40,
960 3185 985 3234 b.
1015 3183 1061 3246 43,
1080 3185 1110 3244 8,
1129 3183 1164 3247 i.)
1185 3196 1235 3248 pro
1253 3181 1368 3233 sabbato

278 3260 313 3310 66
335 3257 479 3311 Octobrem
503 3259 717 3324 complectuntur
739 3259 804 3310 sab·
840 3256 1009 3320 celebratus,
1039 3263 1066 3309 64
1094 3258 1152 3310 6466
1180 3259 1367 3316 Pentecosten,

277 3334 341 3384 6646
358 3335 447 3396 viginti
465 3334 592 3396 murique.
622 3333 804 3392 Quemadmo-
841 3333 864 3382 6.
874 3332 934 3383 6466
946 3333 1047 3384 mensis
1058 3333 1146 3396 sivan,
1160 3333 1296 3384 tricesima
1307 3330 1370 3383 sab-

278 3407 344 3457 dum
360 3409 451 3455 aulem
468 3405 599 3468 septimus
615 3407 730 3469 quisque
746 3405 804 3457 6466
840 3405 903 3457 bata
920 3408 947 3458 iu
964 3407 1038 3458 diem
1050 3409 1090 3458 40.
1109 3409 1210 3458 mensis
1227 3407 1292 3457 Tisri
1304 3419 1369 3472 per-

278 3479 421 3532 sabbatum
439 3481 495 3540 est,
515 3481 550 3529 446
568 3478 642 3548 466446
654 3479 805 3531 diebusse-
840 3493 923 3544 quam
944 3483 1005 3545 apte
1026 3482 1159 3533 incidunt:
1190 3483 1291 3533 etenim
1316 3481 1370 3531 hcc

277 3554 353 3620 ptimi
379 3554 480 3603 mensis
505 3551 540 3602 66
567 3565 652 3603 uuum
679 3554 804 3607 omnibus
840 3555 884 3606 die
910 3556 969 3619 ipso
996 3569 1123 3620 magnam
1148 3554 1211 3607 iliad
1237 3554 1368 3607 sollemne

278 3627 453 3680 sabbatorum
486 3637 586 3676 nomen
625 3625 803 3679 tribuebatur.
841 3631 1021 3694 expiationum
1038 3629 1241 3692 celebrabatur,
1260 3629 1294 3680 de
1312 3641 1368 3693 quo

277 3703 357 3765 Atqui
373 3701 476 3766 primus
493 3699 615 3752 Octobris
627 3701 685 3752 6466
698 3705 740 3753 ast
750 3702 805 3754 sol·
841 3705 924 3754 Lavit.
937 3703 983 3766 2³,
996 3705 1037 3756 27.
1051 3705 1192 3756 4666466666
1203 3705 1271 3756 6666
1282 3703 1368 3754 verba

277 3777 367 3828 lemae
392 3775 553 3827 buccinandi
578 3777 635 3826 sive
661 3776 805 3828 sabbatum
840 3779 979 3842 leguntur:
1008 3781 1109 3830 «046646
1125 3781 1225 3842 murno,
1244 3791 1311 3841 6066
1326 3779 1369 3842 af-

278 3851 366 3902 xxvi.
397 3850 450 3901 Cir.
464 3851 599 3912 Numae,
614 3852 638 3900 4.
665 3852 747 3902 berit.
761 3853 803 3916 23,
839 3853 910 3917 [44646
925 3867 976 3903 noo
990 3853 1068 3918 466644
1084 3855 1124 3905 alie
1146 3855 1207 3916 4466,
1230 3851 1323 3916 peribit
1339 3853 1370 3903 66

279 3925 320 3977 ii.
357 3926 482 3988 Sequitur
506 3925 564 3976 dies
588 3927 654 3977 Pisri
679 3928 803 3991 quintus,
837 3927 939 3991 populis
953 3928 1020 3987 euim
1040 3933 1064 3978 64
1080 3929 1124 3990 orsi
1140 3929 1222 3991 664446
1238 3927 1370 3990 ommium

277 3997 386 4062 volgare
397 3998 540 4050 sabbatum
557 3999 668 4062 xxvii,
687 4002 806 4065 664666-
840 4003 940 4066 (ment,
965 4003 1048 4054 664606
1068 4016 1125 4054 m
1147 4005 1177 4054 66
1195 4003 1291 4065 populo
1312 4015 1367 4053 666.

279 4073 406 4124 nitentiae
420 4071 462 4123 vei
479 4073 679 4138 supplicationis
693 4075 803 4127 xxviii.
841 4079 906 4128 Tam
923 4078 998 4128 464646
1016 4078 1094 4141 igitur
1110 4077 1254 4140 sollemne,
1275 4079 1369 4128 notum

279 4149 358 4198 Num.
376 4143 421 4208 39,
441 4148 465 4197 7.
496 4148 577 4198 Lavit.
595 4147 641 4210 23,
664 4149 704 4200 447.
731 4150 806 4200 Duo-
842 4153 924 4203 etiam
939 4153 1078 4213 itomanis,
1106 4151 1297 4218 superstitiosis
1316 4151 1370 4202 uu-

279 4221 401 4271 dectmus
422 4219 564 4273 sabbatum
588 4221 694 4285 volgare
715 4223 803 4274 xxiii.
841 4239 894 4290 que
906 4239 1014 4276 sacrum
1031 4227 1168 4290 quendam
1186 4229 1320 4278 terrorem
1332 4225 1371 4278 46-

280 4297 329 4347 Cui
340 4297 490 4348 succedunt
506 4297 632 4350 4446664666
643 4297 749 4350 6606646
761 4299 804 4350 646
841 4301 934 4351 664666
952 4303 1065 4364 poterat.
1100 4300 1209 4354 Plurimi
1225 4313 1368 4354 assensere
