3082 4968
278 419 340 488 tte
657 419 787 472 nourrii
804 419 985 472 sarralauu

320 579 374 648 Sic
394 577 500 646 habet.
545 575 719 654 locandis,
742 595 845 664 quare
867 575 997 664 cupiam
1018 575 1121 662 magis
1144 573 1186 641 illi

269 785 286 792 ἐ
320 700 489 768 Proximus
511 719 595 766 esse.
639 696 725 766 Velis
746 696 983 765 tantummodo:
1006 715 1093 786 quac
1115 706 1171 763 tua
1191 695 1310 780 virtus,

320 819 543 910 Expugnabis3
566 829 599 888 ct
620 829 672 887 est
693 819 750 908 qui
770 819 855 888 vinci
878 819 997 908 possit,
1021 838 1130 907 eoque
1326 818 1368 882 55

321 941 475 1011 Difficiles
497 941 603 1010 aditus
624 941 748 1030 primos
769 939 877 1008 habet.
922 940 1018 1008 Haud
1039 939 1117 1008 mihi
1139 939 1259 1009 deero:

321 1065 508 1133 Muneribus
530 1083 643 1131 servos
666 1083 888 1151 corrumpam;
911 1083 988 1143 non,
1011 1062 1109 1131 hodie
1132 1064 1159 1130 si

320 1186 478 1254 Exclusus
500 1185 608 1264 luero,
631 1183 803 1266 desistam3
825 1193 973 1272 tempora
996 1205 1168 1274 quaeram,

344 1375 385 1428 ti.
404 1374 484 1437 quae]
502 1374 569 1436 qood
584 1386 611 1439 p.
638 1397 668 1410 -
694 1373 737 1423 bb.
761 1371 927 1438 Eapaptuttt
943 1384 971 1438 p,
988 1373 1155 1438 separantis
1171 1347 1339 1438 superstent

312 1449 529 1577 ἓὲίξέἕζρηαὸιι
544 1459 680 1512 superscr.
699 1459 711 1496 r
728 1447 753 1497 S.
785 1448 824 1511 lUt
840 1459 905 1509 nos,
924 1449 958 1511 c.)
978 1475 1005 1485 -
1020 1449 1102 1511 poscit
1126 1449 1205 1500 lanus
1229 1449 1336 1508 Dousa,

280 1677 328 1728 tim
345 1677 436 1727 tamen
453 1672 643 1726 necessitudini
666 1673 721 1723 tam
738 1672 805 1724 sim·
842 1671 905 1723 inde
922 1675 983 1724 nata
1001 1676 1055 1735 est,
1080 1672 1152 1738 qnod
1176 1671 1373 1725 sententiarum

279 1749 342 1818 plici
369 1753 451 1814 atque
477 1749 612 1801 innocenti
640 1761 670 1800 se
696 1759 804 1812 quoque
842 1761 942 1799 nexum
959 1761 1012 1799 non
1030 1749 1095 1800 satis
1114 1751 1322 1814 perspexerunt.
1340 1771 1371 1786 «-

280 1826 408 1891 adaptare
416 1824 682 1877 cummarcanis
693 1823 745 1874 cet.
763 1822 807 1874 Nl-
843 1837 920 1886 coorta
940 1825 1004 1887 cet]
1021 1824 1168 1875 «Conscius
1185 1821 1288 1875 scilicet
1304 1835 1375 1874 suae

279 1899 423 1952 hilominus
438 1897 482 1950 vel
500 1899 597 1950 invitus
613 1909 707 1950 rursus
727 1909 807 1948 mon·
843 1896 973 1949 facilitatis
985 1899 1142 1960 Maecenas,
1158 1896 1243 1950 aerei
1259 1899 1375 1951 invitum

280 1977 360 2038 strat,
384 1989 414 2026 se
431 1974 488 2026 aliis
506 1986 588 2040 quam
609 1971 686 2023 malis
703 1970 806 2022 artibus
844 1973 990 2038 expugnari
1005 1985 1086 2039 posse
1104 1971 1139 2024 ab
1156 1972 1287 2038 improbis
1300 1973 1377 2038 ssagl-

280 2051 307 2102 in
325 2048 502 2115 expugnando
522 2048 675 2099 Maecenate
692 2047 807 2096 utinen
844 2049 987 2110 tatoribus,
1016 2047 1118 2098 aditum
1144 2048 1275 2100 adversus
1304 2047 1374 2100 talos

279 2137 370 2192 posse.
391 2150 418 2160 -
439 2125 482 2174 Sic
505 2121 588 2187 babet]
613 2113 706 2182 οὕτως
730 2112 806 2181 ἔχει,
844 2121 1009 2185 intercludit,
1028 2123 1145 2185 ianitori,
1163 2123 1374 2186 nomenclatori,

281 2214 315 2251 ex
331 2211 457 2250 sermone
473 2195 594 2248 familiari
612 2208 662 2260 pro
678 2196 713 2244 sic
729 2207 755 2245 sc
768 2205 809 2244 ree
845 2197 1022 2259 cubiculario,
1043 2197 1118 2249 duris
1135 2201 1163 2249 et
1179 2199 1295 2249 morosis
1313 2211 1378 2250 ser-

280 2273 361 2325 baim
382 2299 411 2311 -
427 2270 555 2335 dorcadis]
578 2282 677 2333 «auges
699 2267 809 2319 deside·
844 2272 927 2332 vulis.
946 2271 1114 2336 mandando,
1133 2287 1167 2324 ne
1182 2286 1265 2337 quem
1277 2275 1328 2326 nisi
1340 2289 1378 2326 ex

281 2349 364 2410 rium,
377 2359 440 2398 cur»
451 2349 502 2398 cet.
516 2371 543 2382 -
554 2344 696 2409 lboximm]
710 2357 808 2408 «quam
845 2349 937 2400 intima
954 2349 1069 2399 amicitia
1081 2349 1115 2399 ad
1128 2361 1158 2400 se
1169 2349 1376 2400 intromittant..

281 2420 570 2476 maximelamiliarisn
588 2418 809 2483 Malitiosepoeta
845 2425 938 2476 letrt..
967 2423 1051 2488 quue
1073 2424 1144 2475 adeo
1163 2425 1222 2488 ipse
1246 2427 1378 2490 expertus

282 2497 473 2564 superlativum
495 2497 520 2548 ei
543 2494 647 2556 tribuit;
671 2507 734 2544 nam
756 2494 809 2544 hoc
846 2501 905 2550 erat
925 2500 1048 2550 Horatius
1071 2501 1132 2564 post
1151 2501 1266 2564 primam
1287 2500 1380 2563 Virgi-

282 2575 371 2639 lpsum
387 2569 495 2622 volebat
515 2571 613 2631 horno,
640 2581 701 2621 sese
723 2567 809 2633 appli—
846 2574 873 2625 lii
894 2573 1157 2625 commendationem
1174 2587 1245 2624 nono
1263 2573 1376 2625 demum

283 2661 345 2701 care
362 2646 522 2708 Maecenati,
548 2644 627 2704 alios,
654 2643 700 2708 qui
720 2643 809 2692 minus
846 2663 941 2701 mense
958 2649 1027 2700 iuter
1043 2649 1203 2700 Maecenatis
1215 2650 1317 2700 amicos
1329 2661 1379 2698 re-

282 2723 333 2788 ipsi
357 2721 513 2788 placerent,
542 2718 670 2785 paulatim
695 2716 810 2769 submo·
847 2727 950 2791 ceptus.
974 2749 1003 2761 -
1025 2725 1146 2789 Difficiles
1167 2723 1377 2788 accus-tabat]

282 2811 357 2848 vere·
377 2823 407 2836 -
423 2797 494 2862 rua]
512 2797 566 2847 cur
583 2807 632 2860 nro
649 2792 810 2858 imperativo
848 2799 924 2852 conr.
935 2797 1212 2860 alamanniam:
1226 2799 1379 2850 ommam

283 2873 372 2937 potius
399 2884 481 2936 qnam
507 2883 557 2936 pro
585 2869 740 2920 condicione
767 2867 810 2918 «si
847 2875 891 2926 rtet
912 2873 1211 2934 aerumnarum,
1237 2878 1266 2923 ur
1288 2874 1380 2938 sardos

282 2947 364 3000 velis»
381 2946 544 3008 habeamus,
563 2943 683 2996 nondum
695 2943 759 2995 satis
769 2943 811 2992 vi-
848 2951 882 3001 aa
898 2955 922 3000 rr
938 2949 1022 2998 raom
1037 2947 1136 2998 latrat
1171 2949 1268 3000 Nostro
1284 2952 1377 3000 auram

283 3023 344 3074 deo.
363 3023 483 3087 Propert.
501 3020 533 3084 l,
556 3023 586 3084 t,
613 3021 642 3070 9:
671 3019 720 3070 lttn
737 3018 809 3081 velit,
847 3023 907 3076 loco
924 3022 1026 3074 aditum
1042 3023 1192 3074 tatanem
1212 3023 1284 3075 idem
1302 3022 1378 3086 quod

279 3098 374 3162 poterit
396 3109 500 3162 moratos
523 3111 575 3147 coa
596 3097 686 3146 ducere
703 3095 810 3159 [mun.
850 3098 1024 3165 aprnebere.»

284 3174 375 3225 Horat.
401 3173 467 3237 Epp.
492 3173 522 3232 l,
551 3171 595 3233 ⁴6,
622 3169 669 3222 di:
698 3171 738 3220 St'l
758 3181 812 3232 alm
880 3172 1375 3235 liti-bil.llaudmilridecro]conl.sat.

282 3247 403 3312 salbam,
436 3245 549 3297 miscebis
580 3259 658 3296 sacra
684 3244 810 3308 profanit-
848 3249 879 3310 Ξ,
907 3251 937 3310 t,
964 3248 1005 3299 ll.
1047 3246 1148 3298 Eadem
1176 3247 1306 3311 synizesis
1335 3250 1379 3300 est

285 3323 453 3384 Quamquam
479 3332 576 3371 sensus
604 3321 676 3370 idem
702 3329 812 3382 semper
849 3325 931 3373 etiam
947 3323 1043 3384 Sati,
1062 3323 1091 3383 ἱ,
1110 3321 1151 3372 98.
1179 3347 1207 3358 -
1231 3319 1380 3374 Mutantur

285 3396 348 3446 erit:
369 3394 494 3455 «Subicit,
506 3397 537 3445 ut
547 3391 629 3445 velis·v
641 3394 693 3444 cet.
704 3417 734 3430 -
745 3403 811 3454 quae
849 3397 911 3463 cet]
934 3397 1020 3448 Homo
1036 3397 1135 3448 suimet
1156 3395 1303 3446 admirator
1319 3393 1379 3458 glo-

285 3475 331 3520 taa
353 3467 441 3532 viras]
466 3481 515 3518 «ee
538 3469 610 3518 enlm
632 3468 674 3517 est
690 3469 734 3516 tue
756 3467 813 3516 vir-
848 3473 932 3523 riatur
943 3483 973 3523 se
985 3471 1087 3535 optime
1099 3468 1197 3522 callere
1208 3481 1305 3521 omnes
1321 3467 1378 3523 illas

285 3548 360 3604 tum»
385 3557 449 3608 «pro
466 3544 564 3594 virtute
584 3545 629 3593 tua
646 3555 678 3593 ac
695 3542 813 3594 dexteri·
849 3549 936 3608 artes,
957 3545 1055 3610 quibus
1071 3547 1180 3611 parasiti
1198 3546 1226 3595 et
1242 3543 1379 3597 ambitiosi

285 3622 367 3672 tate.»
401 3617 498 3683 sulpio.
517 3617 590 3682 apud
607 3619 662 3669 Cic.
682 3617 717 3668 ad
738 3619 810 3668 Fam.
849 3623 969 3688 irrepere
998 3621 1121 3674 solebant
1148 3623 1176 3671 in
1203 3617 1379 3684 locupletium

286 3693 317 3757 l,
335 3697 364 3757 b,
383 3694 410 3745 6:
439 3693 482 3755 otti
498 3691 566 3742 illias
581 3695 609 3742 tn
624 3697 648 3744 te
664 3705 738 3743 maor·
753 3693 810 3756 {trit
850 3698 956 3749 domus.
976 3721 1006 3734 -
1023 3697 1157 3760 Mactatur]
1180 3694 1255 3746 conl.
1274 3695 1328 3744 Sat.
1348 3695 1376 3758 t,

286 3771 342 3821 Cic.
361 3768 396 3820 ad
422 3769 494 3818 Fam.
515 3766 592 3829 ld,
617 3769 646 3818 l:
676 3769 720 3831 qai
744 3781 814 3820 mm
849 3773 880 3833 2,
900 3771 941 3822 67.
964 3767 1380 3834 a,³,abt.-tarporo]·op

286 3857 360 3894 mor
383 3843 411 3893 ia
439 3847 463 3892 te
487 3846 531 3892 est.
561 3871 589 3880 -
614 3843 695 3908 olna]
722 3843 814 3895 Conti-
850 3847 977 3912 portuna,
991 3843 1100 3897 cumab
1113 3841 1380 3896 omnimolosttava-

286 3919 383 3968 nnatur
409 3916 511 3981 ligura,
541 3930 610 3982 quae
637 3919 708 3970 inest
730 3919 758 3969 in
785 3931 811 3968 v.
851 3933 919 3972 onus
940 3921 991 3972 erit
1011 3921 1119 3984 otioque
1141 3918 1270 3969 fruebar.»
1296 3941 1326 3954 ·-
1352 3913 1380 3963 iu

285 3993 465 4056 supernatia
499 3995 622 4058 proprie:
661 4007 713 4045 rac
747 4007 812 4046 sane
849 3995 939 4057 triviis]
960 3993 1007 4045 ubi
1027 3997 1139 4059 propter
1159 3991 1299 4042 hominum
1321 3990 1380 4039 tur·

286 4066 359 4118 baud
376 4068 454 4118 nimis
471 4067 613 4120 difficulter
629 4068 753 4120 homines
771 4069 814 4121 dl·
849 4070 914 4122 bam
931 4069 1020 4121 mlnus
1030 4067 1106 4119 lacilc
1118 4066 1381 4118 devitanturoccur-

287 4155 353 4206 gnos
367 4155 445 4194 suam
461 4141 496 4194 ad
513 4144 658 4196 amicitiam
675 4143 812 4206 amitat»,
849 4146 950 4196 rentes.
972 4169 1001 4182 -
1019 4142 1149 4208 mamam]
1168 4141 1230 4193 «ubi
1248 4153 1281 4192 ex
1295 4139 1379 4192 domo

288 4229 332 4267 «er
347 4217 408 4268 ldrst
422 4218 474 4268 sict
489 4219 646 4282 pactam.»
680 4221 812 4271 Perverse
851 4221 878 4271 in
895 4221 982 4272 lorum
1000 4218 1165 4282 descendet,
1192 4218 1252 4268 eine
1275 4215 1382 4267 comiti·

287 4294 392 4351 uousae
418 4295 447 4343 et
469 4293 614 4346 lieinrlclaii
639 4295 708 4347 coni.
734 4295 815 4358 poscit
850 4293 902 4347 bus
920 4292 1148 4358 meadiungama
1182 4292 1239 4345 cic.
1252 4290 1288 4344 ad
1305 4289 1379 4342 Fam.
