3130 4966
278 461 319 525 38
579 529 582 535 ³
658 453 786 505 uomru
803 449 984 501 snrrmnuu

279 616 504 704 Contemplere
526 612 644 690 oeulis,
668 612 822 698 Hypsaea
843 625 972 674 caecior
994 603 1059 680 iiia,

279 742 371 820 Quae
393 736 477 803 maia
500 743 588 811 sunt,
613 740 751 821 spectes.
796 730 824 797 Ο
847 728 936 796 orus!
960 748 980 794 o
1002 724 1148 792 brachia!
1171 725 1289 791 Verum

280 861 439 949 Depugis‚
463 866 593 932 nasuta,
618 854 708 922 brevi
730 852 830 918 latere
854 871 892 918 ae
914 848 998 938 pede
1020 847 1117 934 longo
1139 855 1198 913 est.

280 984 443 1049 Matronae
465 987 594 1068 praeter
616 977 731 1043 faciem
753 973 795 1038 nii
819 991 953 1040 cornere
975 971 1097 1059 possiS,

281 1106 412 1180 Cetera,
437 1101 468 1166 ni
490 1099 578 1168 Catia
601 1106 664 1172 est,
689 1095 830 1163 demissa
851 1103 941 1160 veste
963 1092 1110 1179 tegentis.
1323 1090 1366 1154 95

281 1225 314 1293 Si
337 1223 505 1291 interdicta
527 1230 634 1309 petes,
657 1217 741 1285 vallo
763 1194 961 1284 circumdata
982 1251 1024 1262 —
1047 1235 1121 1279 nam
1144 1223 1175 1279 te

282 1349 352 1413 Hoc
373 1346 448 1414 iacit
468 1345 617 1410 insanum
638 1379 694 1418 -,
718 1338 837 1405 multae
860 1335 916 1404 tibi
939 1347 1006 1402 tum
1029 1334 1169 1402 officient
1189 1355 1258 1411 res,

283 1467 456 1544 Custodes,
480 1464 610 1540 lectica,
635 1461 818 1538 ciniflones,
842 1459 1019 1548 parasitus,

282 1589 330 1657 td
353 1587 433 1656 tulos
456 1585 538 1654 stola
560 1586 702 1653 demissa
725 1593 757 1651 et
779 1581 977 1650 circumdata
999 1579 1096 1668 palia,

283 1711 439 1788 Plurima,
464 1729 549 1798 quae
573 1706 735 1774 invideant
757 1725 838 1792 pure
861 1722 1021 1790 apparere
1043 1700 1099 1768 tibi
1122 1722 1200 1768 rem.
1307 1700 1368 1765 t00

348 1874 389 1924 st.
411 1873 465 1934 itio]
488 1869 592 1934 ipsud.
619 1897 646 1905 —
670 1869 710 1918 95.
730 1865 811 1930 Catia]
833 1864 907 1926 copia
928 1863 957 1913 B.
983 1887 1011 1898 -·
1035 1862 1075 1911 97.
1099 1862 1211 1926 affidavit
1233 1860 1286 1926 Sdp
1310 1866 1337 1912 et

315 1959 385 1998 corr.
403 1946 448 1996 bo.

284 2083 426 2151 ὀξύτατον
440 2077 549 2149 Ὃμμα.
585 2084 623 2134 ct.
643 2084 708 2148 Epp.
729 2085 758 2143 t,
777 2084 806 2141 t,
845 2085 939 2142 mutos,
958 2095 989 2131 ne
1004 2079 1211 2144 εινΐὸονοροεσίε.
1232 2081 1368 2146 -krtieul

282 2161 325 2210 28.
346 2187 374 2198 —
386 2161 529 2222 Hypsaea-
540 2159 593 2221 itta]
612 2157 707 2209 «Pintia
721 2156 808 2222 (Piau-
846 2169 899 2219 qua
920 2155 1013 2206 aulaeo
1037 2159 1130 2219 operta
1153 2169 1202 2220 per
1219 2155 1295 2208 Urbis
1312 2155 1370 2222 pia-

284 2235 327 2298 tia)
356 2235 481 2298 Hypsaea
505 2235 613 2285 vitiosos
638 2232 731 2283 oculos
758 2231 808 2280 ba·
846 2234 904 2280 teas
927 2231 1053 2293 gestatur.
1073 2255 1101 2266 -
1124 2231 1258 2296 mitione]
1283 2234 1370 2284 acini-

283 2309 375 2360 buisse
394 2308 502 2370 dicitur,
521 2322 603 2374 quam
619 2309 663 2358 bic
680 2319 771 2357 amare
782 2307 809 2355 iu
847 2305 931 2354 tiones
949 2307 976 2354 et
993 2303 1115 2354 cinerarii
1132 2303 1229 2356 eadem
1241 2307 1371 2371 signitica-

285 2385 397 2436 transitu
404 2385 562 2448 percussit.»
575 2383 810 2434 Ponam-rweior
846 2381 917 2430 tione
935 2378 1007 2444 apud
1017 2380 1123 2428 veteres
1138 2379 1316 2444 habebantur,
1335 2382 1369 2433 ab

285 2460 434 2523 ..spectra
458 2459 587 2510 «omuino
605 2471 657 2508 non
675 2461 808 2524 spectes.»
846 2453 934 2504 otticio
955 2452 1181 2515 calamistrorum,
1206 2456 1222 2505 i.
1242 2469 1266 2506 e.
1286 2457 1371 2508 terro-

285 2533 345 2583 Vid.
364 2532 398 2582 ad
416 2533 464 2582 Od.
481 2533 508 2594 3,
527 2535 557 2594 7,
575 2535 621 2583 at:
646 2533 748 2583 surdior
763 2558 778 2569 -
794 2559 810 2569 -
847 2542 908 2579 rum
935 2529 961 2579 in
990 2529 1080 2580 uiuere
1113 2529 1369 2595 calefaciendomm,

285 2608 365 2658 audit.
397 2632 424 2642 -
454 2608 563 2670 Oanis]
588 2611 726 2659 matronae
748 2607 809 2672 pui—
847 2603 945 2668 quibus
970 2605 1108 2654 matronae
1134 2604 1243 2670 capillos
1267 2607 1370 2671 crispa-

285 2682 463 2732 chsrrimumt
493 2682 664 2733 Philodemus
686 2684 712 2733 in
728 2683 807 2734 Antii.
846 2680 920 2730 bant.
938 2707 954 2717 -
970 2707 985 2718 -
1001 2680 1069 2730 Dioti
1086 2683 1176 2731 autem
1192 2681 1320 2747 ciniflones
1336 2681 1370 2732 ab

286 2755 341 2806 Pul.
361 2757 380 2806 1.
398 2770 425 2821 p.
446 2757 507 2807 ⁴20:
520 2751 558 2806 Ὢ
576 2753 679 2820 ποδός,
698 2751 810 2822 ὢκνὴ-
847 2769 892 2816 eo,
912 2755 1027 2820 quadiu
1046 2757 1165 2806 cinerem
1181 2755 1247 2808 tiaut
1266 2757 1301 2808 ad
1317 2757 1372 2808 ier-

285 2847 353 2896 μης,
370 2825 461 2880 ‹druiv
472 2825 609 2882 ἀπόλωλα
619 2830 737 2896 δικαίως
747 2833 811 2900 Ma]-
847 2843 908 2880 rum
933 2829 1167 2882 calefaciendum.»
1197 2833 1293 2882 Aenon.
1323 2830 1371 2883 niti

286 2900 353 2976 ρῶν.
369 2932 396 2942 -
406 2907 525 2971 Depaqis]
539 2908 709 2971 (tendentes.
721 2909 809 2976 Voss.)
848 2906 948 2958 nabent
959 2918 1009 2969 pro
1020 2905 1135 2966 ancillis,
1148 2907 1373 2958 Haorkrttasiart'n-

286 2975 809 3048 ‹inagisydpsvonSimonidesnmorg.
847 2995 908 3042 aaa,
927 2985 956 3031 ut
967 2983 1022 3033 iuv.
1036 2983 1066 3042 ii,
1085 2981 1145 3033 495:
1163 2982 1250 3033 Altera
1262 2981 1370 3046 (anciila)

288 3057 318 3117 7,
331 3057 377 3107 76:
388 3049 521 3124 Ἰπυγος,
533 3052 715 3124 αὐτόκωλος·
733 3049 812 3110 ‹irai-
848 3085 863 3096 -
879 3083 893 3094 -
906 3057 1032 3119 pectitque
1047 3069 1131 3106 cernat
1147 3063 1170 3107 et
1188 3059 1265 3108 volvit
1285 3059 1312 3108 tn
1329 3071 1373 3109 or-

287 3129 340 3195 λας
355 3125 444 3204 ἀνήρ,
458 3127 551 3197 Ὅστις
568 3130 659 3185 κακὸν
676 3133 811 3187 τοιοῦτον
848 3133 910 3183 beru.
941 3133 994 3183 Sed
1010 3145 1071 3182 voo.
1090 3131 1175 3182 torma
1198 3133 1309 3184 mascut.
1327 3147 1373 3184 re-

286 3202 475 3275 ἁγκαλίζεται.
493 3237 522 3247 -
537 3211 639 3275 aarum]
657 3215 686 3262 ut
703 3213 810 3272 aremare,
850 3208 900 3259 ieri
916 3219 1009 3270 genus.
1038 3206 1077 3256 Ci.
1096 3208 1198 3257 Becker
1214 3208 1301 3258 Galim
1319 3209 1369 3271 (ed.

289 3284 397 3347 amandi
408 3297 500 3335 nasos
515 3311 542 3323 -
555 3285 637 3350 caua]
651 3300 735 3350 «quae
748 3301 813 3352 pro-
850 3281 903 3344 alt.)
922 3283 952 3330 11.
972 3294 998 3344 p.
1019 3282 1074 3330 tte.
1096 3308 1125 3316 —
1139 3284 1281 3345 parasitos]
1294 3282 1374 3334 clien-

287 3361 348 3422 pter
363 3357 588 3422 pulchritudinem
600 3373 707 3410 crurum
720 3359 813 3423 negio-
849 3359 892 3405 tae
909 3353 1030 3417 tiliaeque
1048 3354 1162 3404 teminae
1181 3357 1301 3408 ienuiore
1312 3355 1372 3408 ioco

289 3435 332 3481 rto
343 3431 445 3494 pudore
457 3435 532 3482 veste
545 3433 664 3483 accincta
676 3433 810 3482 utebatur.
850 3431 936 3486 ortae,
962 3441 1031 3492 quae
1057 3440 1119 3478 eum
1145 3433 1266 3482 matrona
1292 3431 1373 3484 nobili

287 3531 302 3542 -
313 3531 328 3542 -
340 3505 412 3556 Haec
423 3506 593 3556 automedon
605 3507 738 3571 impudica
754 3507 810 3568 tuit,
848 3503 950 3554 versari
968 3501 1055 3553 soient
1071 3505 1099 3554 at
1115 3504 1149 3554 ab
1168 3519 1199 3555 ea
1217 3504 1315 3558 erebro
1332 3507 1373 3557 in-

289 3581 318 3629 ut
342 3581 369 3629 ia
396 3579 465 3630 aede
489 3580 602 3632 Veneris
627 3581 751 3632 Teatinae
777 3581 812 3631 ad
849 3580 973 3628 vitantur.
993 3579 1102 3642 Egregie
1115 3580 1164 3630 hes
1175 3580 1303 3633 describit
1315 3582 1373 3632 iiie-

290 3654 423 3705 theatrum
451 3655 654 3721 Pompeianum,
686 3655 757 3720 quod
786 3657 811 3706 in
849 3665 978 3716 ronymus
996 3655 1030 3704 ed
1048 3655 1221 3706 Eustochium
1238 3669 1315 3706 suam
1326 3657 1371 3716 ii,

289 3741 385 3793 campo
403 3729 462 3790 tuit,
481 3729 641 3781 adulterium
658 3744 721 3782 cum
734 3730 813 3782 Vale·
849 3729 890 3779 29.
910 3727 977 3778 baec
994 3729 1129 3780 scribens:
1159 3731 1211 3781 Eas
1226 3731 1337 3795 viraines
1352 3735 1375 3780 et

289 3805 329 3854 rio
346 3804 432 3855 Siculo
453 3803 560 3865 colono,
584 3804 691 3856 tribuno
710 3804 812 3872 piebis,
847 3805 951 3866 viduos,
970 3806 1143 3867 quaesiturae
1159 3806 1314 3856 etctaiosut
1329 3807 1375 3856 do·

289 3877 349 3928 veto
370 3877 488 3929 obducto
508 3881 697 3931 commiserit.»
726 3883 811 3932 court.
849 3893 903 3930 mos
923 3881 1077 3930 eimmutmt
1096 3885 1284 3942 mabsam,
1310 3893 1376 3943 quae

290 3955 368 4010 Cnoo.
849 3955 941 4006 rubore
962 3955 1053 4020 frontis
1069 3956 1157 4006 attrito
1172 3957 1302 4018 paradius
1317 3956 1375 4005 uia-

321 4026 425 4077 tte-too.
445 4028 569 4094 tiatodu]
588 4029 736 4095 rspadones
751 4043 812 4082 eam
850 4031 1067 4090 euntmimmm,
1080 4031 1153 4093 quad
1164 4031 1288 4092 qaaswm
1295 4034 1377 4094 patet

289 4103 443 4167 stipantes.»
469 4103 510 4154 Ad
528 4105 660 4156 eiusmodi
672 4105 813 4157 custodem
850 4105 937 4156 ubibo.
958 4131 986 4142 -·
1001 4105 1083 4169 potia]
1107 4104 1205 4166 Statue,
1231 4107 1262 4156 ut
1282 4106 1376 4155 notum

289 4177 389 4242 scripta
407 4179 449 4230 est
460 4177 543 4230 Ovidii
554 4181 645 4232 Amor.
658 4179 704 4231 lib.
718 4181 742 4231 i.
757 4180 813 4231 ele·
852 4181 904 4242 est,
920 4179 993 4242 pata
1004 4177 1243 4243 aupsnactebatur,
1256 4179 1283 4229 b.
1296 4179 1313 4230 1.
1326 4177 1376 4228 cir·-

290 4252 332 4315 gia
349 4253 373 4302 2.
393 4252 431 4303 Ci.
451 4256 482 4306 Α.
499 4257 529 4306 Α.
543 4255 571 4316 3,
590 4255 652 4305 etit:
669 4255 722 4320 listi
737 4256 816 4306 tristis
851 4253 1024 4304 imitatam.
1044 4254 1082 4305 Da
1095 4253 1299 4318 taaieeputiioiv.
1314 4253 1376 4304 For·

290 4328 404 4378 custodia
419 4331 493 4380 toni.
512 4329 573 4380 ets:
596 4330 693 4383 Scilicet
709 4330 815 4383 obstabit
852 4327 910 4381 osii.
930 4327 978 4380 Ed.
998 4331 1085 4380 Gorm.
1106 4331 1131 4380 iu
1152 4343 1177 4380 v.
1196 4329 1292 4392 Puta.)
1312 4328 1338 4378 b.
1356 4327 1372 4378 i.
