3082 4968
582 388 640 440 Llll.
659 389 679 438 l.
715 389 781 440 Shl'.
800 389 830 441 ll.

205 543 369 610 Interdum
391 541 523 622 urbani,
546 545 709 632 parcentis
730 545 854 622 viribus
876 555 975 634 atque

205 665 414 732 Extenuantis
436 685 493 732 eas
516 664 674 748 copsulto.
718 665 901 734 Ridiculum
922 669 988 736 acri

205 786 333 854 Fortius
355 797 388 854 et
409 785 524 854 melius
547 807 680 876 magnas
702 787 896 877 plerumque
918 799 1008 856 secat
1029 810 1092 857 res.
1211 792 1251 858 t5

205 907 267 984 llli,
291 908 412 996 scripta
433 907 553 996 quihus
575 908 747 976 comoedia
768 908 977 998 prisea,viris
999 922 1064 990 est,

207 1031 275 1096 lloc
297 1029 439 1107 stabant,
462 1027 525 1097 hoc
547 1040 622 1096 sunt
643 1029 804 1110 imitandi3
828 1051 912 1119 quos
934 1053 1042 1121 neque
1064 1034 1199 1121 pulcher

208 1151 430 1238 Hermogenes
452 1171 596 1238 unquam
618 1150 695 1239 legit
716 1172 824 1239 neque
847 1153 959 1220 simius
981 1153 1061 1232 iste,

167 1497 201 1548 til.
215 1500 244 1560 6,
263 1499 292 1560 3,
311 1500 340 1548 9:
364 1499 455 1550 Romam
470 1511 544 1563 saepo
558 1500 689 1552 mouimu-
725 1499 828 1564 λοντα,
847 1501 997 1568 πίθηκον
1013 1497 1252 1567 ὁΜυνλσκοςτόν

166 1587 223 1624 neu
238 1577 365 1624 momentu
379 1574 455 1624 uertit
471 1573 567 1638 (risus),
587 1580 617 1624 ut
632 1587 690 1624 mm
726 1574 923 1643 Καλλιππίδην
939 1573 1057 1644 ἐκάλει.)
1073 1577 1129 1638 vel,
1148 1580 1177 1628 ut
1194 1591 1253 1630 nor-

166 1650 249 1698 odtum
266 1649 382 1710 irum
399 1648 596 1711 [rectumtsatme
614 1649 691 1712 [rors-
726 1655 787 1702 rent
809 1651 984 1712 scholiastae¹
1013 1655 1140 1718 «propter
1162 1653 1253 1703 delor-

165 1729 217 1787 ραι.
242 1723 447 1788 -ptorumpoc1
473 1723 514 1772 ain
535 1724 592 1774 setis
611 1723 690 1774 oiston
726 1739 799 1777 mem
821 1739 853 1777 ac
874 1725 987 1777 brevem
1007 1729 1164 1778 staturam.»
1193 1729 1253 1778 hri-

166 1797 278 1847 Futteu.»
315 1796 391 1848 lland
416 1798 491 1848 Turs.
514 1799 557 1848 Ν.
581 1810 608 1863 p.
631 1797 688 1848 l'tl.
727 1801 814 1866 stoph.
833 1802 897 1852 Rau.
916 1801 980 1852 708:
999 1795 1017 1850 ὁ
1035 1801 1189 1866 πίθηκος
1206 1790 1255 1852 ot-

165 1869 222 1922 l'lh.
236 1899 263 1908 -
277 1872 352 1937 secut]
365 1871 492 1932 «dirimit,
505 1871 631 1922 decidit.»
648 1873 690 1923 Sic
726 1889 776 1937 νος
795 1901 823 1912 ·-
841 1873 995 1940 Κλειγένης
1012 1869 1030 1924 ὁ
1046 1871 1160 1945 μικρός.
1196 1875 1250 1926 Cir.

166 1945 230 2010 Epp.
251 1947 280 2006 l,
307 1946 351 2006 46,
379 1945 425 1997 lh:
454 1948 508 2009 ouo
522 1947 617 1998 mutue
632 1961 691 1997 mu·
727 1949 895 2012 Phrynichus
928 1951 955 1999 in
988 1949 1110 2000 lleinekli
1149 1951 1252 2012 Fragm.

165 2034 280 2083 priamus
295 2026 414 2070 secentur
430 2023 511 2072 iodim
528 2023 590 2072 titos.
728 2025 803 2074 Com.
830 2024 855 2074 λ.
882 2037 910 2088 p.
934 2023 991 2074 588.
1019 2025 1125 2088 Longus
1147 2023 1176 2085 3,
1203 2024 1252 2074 26:

197 2096 288 2145 ress.
316 2096 441 2160 illicet]
465 2097 518 2146 Sat.
544 2099 573 2159 t,
599 2096 689 2158 l„t:
726 2095 863 2159 pectem
875 2093 1083 2164 asyncretum
1095 2097 1256 2163 κένητικα-

165 2169 268 2232 Eupolis
289 2174 365 2232 utque
385 2170 517 2231 Orethus,
543 2172 691 2233 Artsmptu-
727 2171 767 2240 λῷ
791 2169 904 2238 μᾶλλον
928 2165 951 2238 ἢ
972 2168 1087 2240 πιθήκῳ
1114 2170 1253 2240 πλουσίῳ.

164 2257 255 2306 nemete
274 2247 365 2307 poetae
391 2246 472 2308 Atque
493 2246 551 2306 ulit,
584 2259 691 2308 quorum
729 2250 778 2299 «nl.
792 2249 959 2300 Demetrium
976 2247 1172 2298 modulatorem
1191 2262 1256 2312 pro-

165 2320 295 2370 comoediu
316 2320 403 2382 prisca
425 2321 540 2370 utrorum
564 2325 607 2370 est.
652 2323 690 2371 De
728 2325 789 2387 pter
805 2323 921 2373 maciem
938 2335 970 2372 uc
986 2323 1146 2386 parvitatem
1158 2335 1256 2386 corpo-

165 2396 365 2446 constructione
378 2395 446 2446 coni.
465 2396 549 2460 Epod.
563 2397 591 2457 λ,
610 2396 650 2446 ³7.
662 2423 689 2432 -
728 2399 765 2448 ris
787 2397 840 2447 hoc
862 2397 970 2448 nomine
992 2396 1133 2462 appellat.»
1159 2399 1254 2446 Poura.

164 2471 216 2520 lloc
231 2469 334 2520 suom
349 2469 413 2534 oet]
430 2471 491 2522 «ilis
508 2471 573 2536 ipsis
589 2471 693 2521 virtuti·
730 2471 793 2522 «llic
810 2472 918 2534 praeter
941 2469 1053 2521 Calvum
1078 2473 1106 2522 et
1123 2469 1256 2522 Catullum

165 2545 229 2605 hus,
248 2557 317 2608 quas
335 2546 387 2608 (w.
406 2545 506 2607 o-rt.)
525 2547 689 2606 enumeravi,
728 2547 822 2608 po'etus
833 2542 898 2596 ellos
910 2559 963 2596 uon
975 2544 1090 2609 legeret,
1110 2544 1145 2595 ed
1157 2542 1257 2595 nullam

166 2621 232 2670 scite
254 2621 324 2669 inter
340 2632 370 2670 se
387 2619 535 2670 coniunctis
552 2620 620 2670 adeo
641 2633 692 2684 po·
729 2633 788 2670 rem
813 2619 907 2670 doctus
933 2620 983 2670 nisi
1009 2618 1103 2670 Catulli
1130 2621 1157 2670 et
1182 2617 1256 2669 Calvi

165 2693 228 2760 pulo
246 2691 401 2757 placebant,
420 2696 450 2745 ut
466 2693 500 2744 uh
518 2695 591 2744 initio
605 2707 691 2758 usque
728 2707 824 2746 versus
842 2697 950 2745 cantare
962 2698 989 2745 et
1000 2695 1110 2756 imitari,
1130 2695 1175 2758 qui
1186 2691 1257 2764 ilpu-

166 2769 200 2818 ud
223 2769 306 2818 finem
329 2767 453 2833 plausum
470 2769 583 2830 terreum
611 2771 691 2833 etque
728 2765 892 2834 μανονοιὸς
909 2771 978 2832 erat,
1001 2770 1053 2820 hoc
1075 2772 1128 2830 est,
1153 2771 1258 2818 umato·

166 2845 321 2894 etiamnunc
352 2855 400 2892 eos
431 2856 480 2894 nos
514 2842 690 2904 admiramur,
729 2842 782 2891 rias
810 2843 949 2894 cantiones
977 2843 1152 2907 scripserat.»
1193 2842 1255 2891 Aen.

167 2919 215 2970 etsi
249 2915 398 2981 pulchellus
431 2915 473 2967 ille
504 2921 532 2968 et
564 2916 692 2968 delicatus
730 2917 797 2967 Satis
814 2917 925 2980 quidem
942 2917 1073 2974 absurde3
1091 2915 1198 2967 videtur
1207 2927 1258 2964 su-

166 2989 395 3058 {stutzerhastel
412 2991 595 3055 Hermogenes
606 2989 693 3056 Tigel-
729 2993 785 3041 tem
809 2990 967 3054 legendum:
995 2992 1038 3054 psit
1059 2983 1258 3058 ᾀσματοποιολ

167 3065 217 3118 lius
236 3065 343 3130 (Sat.l‚
362 3064 445 3126 ms.
466 3067 496 3127 l,
515 3067 544 3128 9,
562 3065 694 3129 ttinun-
730 3069 818 3126 mont,
846 3065 871 3115 h.
898 3079 938 3127 e.‚·
965 3067 1106 3116 emortus
1131 3065 1259 3114 contiones

168 3153 249 3206 quam
267 3140 318 3190 hos
335 3137 411 3203 legit,
435 3141 533 3204 quippe
551 3141 597 3203 qui
614 3141 693 3190 nimis
729 3141 890 3202 scripserant.
926 3139 978 3190 Cir.
993 3139 1090 3191 Merkel
1108 3138 1209 3190 Prolus.
1223 3139 1258 3188 ad

167 3212 290 3266 difficiles
312 3211 446 3264 intellectu
459 3215 509 3278 ipsi
526 3214 692 3265 videantur.»
731 3213 787 3264 lhin
815 3226 876 3278 pag.
895 3213 952 3265 356.
985 3241 1012 3250 -
1043 3215 1082 3265 De
1110 3215 1140 3264 C.
1159 3214 1258 3264 Licinio

168 3292 192 3340 ls
204 3289 296 3352 igitur,
310 3289 360 3338 etsi
372 3287 474 3338 locotus
486 3301 546 3340 esse
558 3289 693 3351 studebat,
732 3285 813 3339 Calvo
841 3289 948 3337 oratore
978 3288 1005 3337 et
1034 3289 1129 3352 poeta,
1164 3285 1258 3338 Catulli

168 3377 231 3416 vera
252 3363 410 3413 lecetierum
431 3361 593 3428 exemplaris
610 3362 695 3427 negli—
732 3363 832 3425 emico,
855 3364 1025 3428 praemature
1048 3364 1134 3413 morte
1152 3363 1259 3412 circiter

167 3437 256 3501 gebat.
300 3437 427 3501 (Verbum
443 3443 511 3488 stare
525 3439 635 3502 proprie
653 3437 695 3488 di·
732 3450 756 3488 a.
775 3450 801 3486 u.
825 3451 850 3488 e.
874 3437 932 3487 too.
956 3437 1085 3488 exstineto
1111 3437 1159 3488 cfr.
1184 3437 1260 3488 Wei-

169 3513 237 3563 citur
255 3511 290 3562 de
308 3510 415 3572 tabulis,
439 3525 508 3576 quae
526 3511 624 3577 populo
640 3511 695 3577 pla·
733 3511 809 3562 chent
832 3513 905 3562 Po'et.
929 3513 984 3562 hat.
1006 3525 1033 3577 p.
1056 3513 1088 3563 89
1106 3525 1165 3576 sqq.
1202 3511 1259 3560 Hoc

169 3586 277 3637 cebant.
307 3587 373 3650 Epp.
392 3588 421 3647 h,
447 3588 475 3648 l,
501 3588 557 3637 476.
587 3587 693 3638 Terent.
732 3587 823 3636 autem
840 3586 866 3636 in
878 3586 950 3636 costo
967 3585 1011 3636 illo
1023 3585 1197 3650 reprehendit
1207 3585 1259 3636 llo-

169 3662 276 3712 Phorm.
293 3660 362 3711 Prol.
375 3661 405 3710 9:
431 3661 523 3724 osredo
539 3661 694 3726 retemperet,
733 3659 829 3722 ratius,
848 3659 921 3722 quod
933 3659 1060 3724 neglectis
1071 3661 1182 3724 propter
1192 3658 1260 3708 diru-

169 3749 226 3784 eum
241 3736 308 3786 stetit
318 3736 378 3786 otim
388 3749 455 3786 nova
466 3735 582 3802 (fabulet,
599 3735 698 3786 Actoris
734 3732 845 3785 cultates
854 3733 1053 3799 exemplaribus
1062 3734 1169 3784 Graecis
1181 3735 1259 3782 unloe

170 3823 247 3873 opera
267 3811 350 3876 umato
372 3811 464 3862 stetim
484 3823 562 3874 quum
577 3823 625 3860 sua
642 3813 694 3860 cet.
734 3807 843 3859 laudare
872 3811 900 3860 et
926 3814 1033 3859 cariture
1065 3805 1260 3872 (chtrttlern)

170 3884 209 3935 rh
226 3885 326 3936 eodem
343 3885 467 3935 Terentio
485 3883 640 3935 translatum
655 3887 697 3936 est
734 3883 870 3934 consuerit
885 3882 1000 3934 leviores
1012 3881 1069 3933 illas
1081 3895 1178 3946 nugas,
1192 3894 1260 3945 quas

169 3957 202 4008 ad
220 3961 346 4010 lotorem
363 3957 464 4023 prologi
477 3957 521 4009 alt.
536 3961 656 4022 Hecyrae
669 3973 694 4009 v.
734 3957 876 4021 dicebant,
910 3957 1081 4023 (bopmettm)
1111 3955 1204 4009 Getulll
1233 3957 1261 4006 et

170 4033 205 4090 i.;
227 4033 263 4084 ah
282 4034 390 4083 Horatio
406 4033 432 4083 h.
452 4033 469 4084 l.
489 4033 523 4083 ad
540 4035 613 4098 ipsos
630 4039 697 4098 poe-
735 4033 816 4085 Calvi.
833 4061 860 4070 -
875 4033 914 4084 hd
928 4045 954 4083 v.
968 4038 1073 4083 castore
1083 4034 1171 4098 possis
1184 4043 1260 4082 oom-

171 4109 229 4170 tas.)
245 4107 375 4158 -simius
385 4109 431 4158 istc
442 4107 504 4172 cet]
520 4106 563 4158 vel
575 4109 697 4173 sineptus
735 4120 830 4172 porare
849 4107 903 4159 Cic.
919 4106 1028 4158 Tuscul.
1047 4107 1075 4169 3,
1099 4108 1143 4168 49,
1167 4107 1212 4158 ts:
1240 4107 1261 4156 0

171 4180 267 4244 Tigellii
290 4183 422 4233 imitator»
441 4183 479 4245 (ut
498 4183 603 4234 Aristot.
622 4185 695 4233 Post.
732 4185 836 4245 poetam
852 4183 981 4248 epreptmn
999 4181 1146 4244 (Enniumtl
1169 4193 1261 4243 pomn-

171 4255 202 4306 26
214 4256 274 4320 (Ξῖ),
293 4256 323 4308 l:
342 4250 382 4319 ὥς
399 4254 464 4308 λίαν
481 4253 535 4330 ycip
553 4251 697 4330 inspiloit-
736 4270 812 4321 poam
831 4255 862 4307 ab
879 4257 917 4306 tis
932 4256 1079 4308 cauterium
1094 4256 1262 4320 Euphorionis
