3130 4966
658 382 787 434 llORd'l'll
805 383 986 436 Sd'l'llidllUbl
1025 411 1027 416 ·

323 538 414 605 Miles
435 538 479 604 ait
499 515 598 604 multo
621 538 683 604 iam
707 538 826 606 fractus
848 539 993 606 membra
1016 539 1136 608 labore.

323 662 441 728 Contra
463 669 624 727 mercator
646 681 762 726 navem
784 660 976 727 iactantibus
997 662 1137 728 Austris:

322 781 431 849 Militia
453 793 503 849 est
524 782 638 870 potior.
684 781 769 862 Quid
792 781 903 849 euim?
925 783 1150 850 Concurritur:
1175 785 1283 852 horne

321 905 482 972 Momento
504 905 567 971 cita
589 924 677 970 mors
699 903 786 969 venit
808 913 863 969 eut
885 904 1019 969 victorie
1042 904 1134 971 lacta.

320 1025 501 1114 Agricolam
522 1025 631 1093 laudnt
652 1025 730 1091 iuris
754 1024 928 1112 legumque
951 1027 1092 1113 perituS,

343 1152 367 1202 6.
391 1165 481 1201 novem
497 1151 550 1200 bSc
568 1147 603 1200 ei
615 1147 710 1208 Betiti..
729 1150 759 1198 ut
776 1149 930 1199 constanter
947 1152 988 1200 est
1004 1149 1075 1214 apud
1093 1151 1272 1204 Ciceronem:
1293 1169 1347 1206 na-

308 1227 360 1276 nim
384 1226 559 1290 lidp‚LCthi.
581 1251 607 1260 -
626 1225 650 1273 7.
670 1214 730 1286 qnid
754 1225 831 1284 enim,
858 1237 993 1288 superscr.
1013 1225 1069 1276 «vel
1097 1228 1158 1288 qnid
1180 1229 1235 1289 nin,
1263 1230 1291 1280 d.
1315 1259 1344 1268 -

309 1301 334 1352 8.
354 1302 479 1352 Menento
495 1301 546 1349 cite
563 1298 690 1362 libscdp,
717 1296 827 1348 Bentleii
852 1301 966 1353 Codices
984 1315 1092 1366 omnes,
1120 1307 1182 1356 CtF:
1211 1307 1347 1360 Monieuo

308 1381 355 1426 ant
370 1377 422 1425 cita
439 1388 472 1426 ex
489 1374 615 1438 quattuor
632 1373 716 1424 codd.
736 1374 769 1433 L,
788 1373 937 1438 Bentleius‚
956 1379 990 1428 bi.

274 1479 343 1528 kann
363 1490 495 1528 manaen
517 1476 601 1527 beiden
621 1476 709 1539 gravis
725 1476 801 1526 urinis
836 1482 919 1528 mento
940 1479 1016 1529 enirn
1039 1480 1117 1531 borne
1140 1495 1229 1532 caenia
1255 1485 1378 1535 Somnia.

274 1551 373 1616 sapen.)
391 1577 420 1588 -
437 1552 543 1615 fractus]
562 1553 591 1601 ut
606 1551 677 1614 Virg.
694 1553 761 1601 Aen.
774 1552 799 1613 ι,
838 1551 903 1602 Plut.
917 1552 1009 1603 Aemil.
1020 1554 1092 1605 Paul.
1103 1557 1185 1606 cii:
1204 1547 1288 1629 ὥρας
1299 1557 1380 1624 μιιῐς

275 1627 319 1678 43;
345 1628 422 1691 {recti
439 1626 508 1677 betto.
544 1624 735 1677 Nonuuilorum
753 1641 801 1676 ex·
836 1627 939 1697 μοριῳ,
960 1655 987 1664 -
1006 1629 1071 1693 cite]
1090 1631 1121 1680 V.
1140 1637 1200 1693 eet,
1223 1635 1303 1697 quod
1329 1649 1379 1686 re·

276 1701 424 1767 plicatioui,
449 1701 588 1752 Horatium
604 1699 678 1764 loqui
695 1699 729 1751 de
751 1700 803 1752 las·
838 1703 969 1752 centioros
986 1701 1107 1768 plerique
1120 1707 1181 1756 ante
1194 1707 1247 1758 boc
1260 1708 1318 1760 adi.
1333 1711 1379 1760 in-

274 1776 390 1828 situdiue
419 1775 462 1826 dia
491 1774 579 1840 aliquo
603 1788 636 1825 ex
663 1774 801 1826 laboribus
837 1779 943 1836 serunt,
970 1775 1013 1826 vel
1036 1791 1069 1827 ex
1091 1781 1255 1844 optimorum
1282 1784 1375 1835 Codd.

273 1848 377 1901 bellicis
402 1853 468 1911 orta,
495 1851 544 1902 sed
568 1849 646 1900 brevi
671 1851 800 1914 temporis
836 1851 993 1901 auctoritate
1010 1853 1195 1915 reiicieudum,
1215 1859 1258 1907 est
1277 1872 1313 1908 ex
1326 1872 1378 1911 so·

274 1925 361 1988 spatio
387 1927 448 1988 post
474 1925 593 1986 quietem
616 1937 648 1974 ac
674 1936 800 1974 somnum
836 1924 888 1976 litis
899 1923 949 1976 illis
961 1927 1066 1978 mediae
1078 1929 1172 1980 aetatis
1183 1928 1282 1992 glossis
1292 1933 1379 1984 scho-

274 1997 433 2060 decedente,
447 2010 567 2061 prorsus,
578 2001 606 2048 ut
617 1997 743 2060 diximus,
754 1999 801 2050 ed·
837 1999 944 2062 iusticie,
961 2003 1032 2052 iuter
1042 2001 1126 2054 lineas
1136 2007 1254 2068 primum
1268 2006 1378 2058 adscri-

273 2073 396 2124 versatur
406 2086 432 2122 v.
442 2073 503 2133 inan
517 2071 631 2122 deberet
643 2073 713 2124 enim
727 2087 797 2126 esse:
836 2075 897 2137 ptis.
942 2077 1138 2140 nNequaqunm
1164 2076 1214 2141 leg.
1241 2081 1377 2134 Mornento

273 2159 346 2196 «enen
363 2146 500 2208 aliqnando
517 2151 552 2196 est
567 2147 665 2210 tinctus
681 2147 797 2210 laborem
836 2153 881 2198 ent
897 2150 962 2208 cita;
981 2151 1086 2202 enimus
1099 2153 1170 2201 enim
1183 2155 1283 2204 neutee
1296 2156 1376 2207 abie-

273 2222 302 2270 ut
319 2224 425 2272 taceam
442 2221 477 2271 de
493 2235 537 2272 vv.
555 2223 642 2286 pranis
659 2225 742 2274 annis.
836 2225 896 2272 ctus
913 2223 939 2273 in
956 2223 998 2273 his
1015 2226 1057 2273 est
1074 2224 1302 2288 considerandus,
1328 2233 1374 2280 cui

305 2295 361 2346 6-8.
379 2288 664 2370 nicomediensem,
684 2299 727 2363 qui
741 2299 798 2362 ipse
835 2296 889 2346 iam
915 2309 1002 2361 paene
1029 2297 1171 2361 desperata
1199 2299 1287 2351 salute
1320 2305 1373 2356 isia

272 2383 377 2421 merces
399 2372 464 2422 emit
486 2373 512 2422 iu
529 2374 590 2424 Asia
614 2376 677 2437 putu
695 2376 723 2424 et
744 2379 798 2424 Ae·
835 2369 1009 2433 tranquillitas
1026 2371 1179 2435 ambigendi
1197 2387 1250 2426 non
1263 2389 1372 2428 conve-

272 2447 353 2510 gypto
374 2447 539 2510 Romamque
556 2451 688 2513 apportat,
707 2449 799 2500 diver·
836 2446 900 2496 nit.»
927 2447 1012 2496 Rersrc
1024 2446 1202 2498 commentat.
1225 2449 1291 2500 Oed.
1308 2451 1369 2502 Col.

272 2533 318 2573 aus
340 2523 368 2571 et
383 2534 399 2571 a
415 2524 571 2586 negotiatore
593 2525 620 2574 et
641 2537 656 2574 u
677 2523 797 2586 propola.
835 2533 861 2582 p.
880 2519 938 2570 ato.
980 2519 1032 2571 Cir.
1058 2521 1135 2572 bland
1158 2521 1268 2575 Turseli.
1294 2527 1315 2576 1.
1342 2539 1370 2590 p.

273 2621 302 2635 ..
320 2594 426 2660 Amnis]
443 2598 545 2647 seneca
559 2597 606 2661 Ep,
621 2596 665 2648 tt:
685 2597 799 2658 Cnmpe-
835 2593 904 2655 536„
923 2595 969 2657 qui
986 2601 1031 2646 eret
1048 2595 1131 2648 semei
1149 2598 1267 2662 positum
1286 2603 1372 2652 vertit

271 2674 334 2721 teres
345 2670 468 2732 Siciliam,
487 2671 609 2721 ιναιοοίειι
624 2670 726 2733 fretum,
758 2670 800 2719 Te-
835 2670 907 2718 oder
923 2669 1011 2728 auctu
1029 2671 1122 2735 sicque
1140 2675 1182 2724 est
1198 2672 1309 2725 intrav.
1325 2677 1369 2727 72.

269 2745 397 2795 meatim
404 2743 799 2808 pimenemrcontempsitdnrni
835 2743 863 2800 et
879 2755 905 2792 v.
919 2743 976 2793 tot.
1012 2744 1088 2804 Quod
1106 2748 1196 2796 autem
1209 2741 1369 2802 omiuo‘sum

270 2821 368 2870 mines:
383 2819 425 2870 ille
435 2824 471 2870 est
481 2821 557 2881 enim,
575 2821 619 2882 qui
630 2819 743 2870 Sicadmn
750 2832 799 2881 pe-
835 2819 863 2867 et
879 2817 1023 2868 infaustum
1036 2831 1097 2870 esse
1109 2821 1167 2870 eine
1179 2819 1278 2884 duplici
1292 2829 1367 2888 part.

270 2895 344 2958 lapsu
360 2900 491 2956 acceperat
507 2900 529 2944 et
549 2895 576 2944 in
592 2896 696 2945 vertices
712 2900 796 2958 ceput.
835 2892 992 2944 disiunctiva
1004 2893 1069 2944 dicit
1080 2893 1223 2956 Bentleius‚
1237 2895 1273 2957 id,
1286 2901 1367 2962 puto,

273 2995 299 3007 -
326 2968 391 3029 Quid
414 2967 509 3030 enimi]
535 2969 611 3032 quasi
637 2970 798 3033 sequeretur
834 2967 899 3018 satis
916 2967 1045 3018 evertitur
1060 2969 1151 3019 stetim
1171 2969 1301 3023 subiectis
1318 2988 1365 3026 vv.

272 3044 380 3092 econtra
405 3041 494 3104 dices,
521 3041 669 3094 oblinisse·
699 3044 745 3095 Est
765 3058 798 3094 ex
834 3047 880 3093 ant
894 3042 1004 3092 victorin
1020 3043 1096 3094 laete.
1131 3045 1187 3095 Nec
1203 3057 1269 3095 vero
1287 3061 1368 3100 com-

270 3129 397 3170 sermone
422 3118 593 3182 quotidiano,
620 3121 650 3170 ut
673 3119 702 3171 τι
725 3114 798 3191 peip,-
834 3118 922 3182 parari
934 3117 1053 3170 debebat
1065 3117 1158 3170 Catuli.
1171 3119 1218 3181 oi,
1232 3121 1294 3171 ⁴02:
1314 3125 1369 3176 Ant

272 3189 332 3256 πῶς
342 3187 398 3264 γὰρ
410 3186 461 3253 on·
473 3194 551 3259 Apud
560 3194 718 3246 Ciceronem
728 3207 799 3245 sem·
833 3199 940 3246 mortem
960 3199 1085 3256 oppeteret
1103 3193 1204 3245 mec
1220 3201 1266 3246 ciet
1283 3210 1367 3258 prae-

270 3281 321 3334 per
331 3270 454 3330 sequitur
464 3268 547 3320 altera
559 3269 740 3332 iuterrogatio.
758 3270 797 3320 De
833 3269 888 3319 mic
903 3269 995 3318 laudm
1030 3266 1108 3318 Hand
1124 3266 1142 3317 l.
1155 3267 1172 3318 l.
1186 3269 1289 3320 conteri
1304 3273 1365 3324 Liv.

271 3343 344 3394 Fiuu.
363 3343 393 3401 ι,
411 3343 456 3402 22,
476 3343 519 3392 72:
549 3343 615 3404 Quid
633 3343 719 3394 enim?
741 3343 798 3408 sor·
834 3343 880 3402 at,
900 3341 945 3393 tt:
969 3342 1008 3392 bic
1024 3343 1174 3393 cincendmn
1190 3349 1234 3393 ent
1250 3349 1368 3399 monet-

271 3421 351 3466 temne
364 3428 496 3477 posennus
513 3417 595 3467 dicere
611 3419 715 3468 cundem
726 3417 798 3468 iiten
834 3417 904 3477 dum,
921 3415 1026 3478 milites,
1045 3421 1094 3478 est,
1112 3417 1156 3467 nbi
1168 3418 1283 3480 pdmnem
1299 3419 1367 3470 besti

274 3489 447 3552 Torquatmn?
464 3490 531 3542 ibid.
550 3505 575 3541 c.
593 3491 641 3553 28,
660 3493 704 3543 93:
733 3493 799 3556 Quid
835 3492 987 3542 occnmietis.
1023 3493 1161 3545 Demosth.
1178 3495 1253 3558 Lept.
1272 3494 1297 3558 5.
1315 3495 1365 3548 83;

183 3585 188 3590 -
273 3563 356 3615 mim?
372 3566 567 3616 mmmmdoler
579 3565 799 3628 pterndtesne-
835 3561 907 3638 ὑπὲρ
928 3555 970 3616 ὦν
990 3565 1099 3632 ἐκεῖνος
1117 3567 1272 3640 (quptag)
1289 3563 1366 3636 ᾤετο

272 3652 332 3689 πονο
346 3653 397 3689 non
409 3639 509 3703 potest?
537 3641 579 3690 Sic
596 3640 623 3690 b.
636 3639 653 3691 l.
667 3641 757 3693 dicere
771 3641 800 3692 li·
835 3640 895 3692 δεῖν
911 3635 1149 3710 incoveniens?
1169 3639 1260 3712 νικᾴν.
1292 3645 1366 3696 Auti-

273 3714 365 3765 cebnt:
385 3716 450 3777 Quid
466 3714 551 3766 enim?
568 3713 694 3780 (quidniil
711 3718 800 3768 Nonne
835 3717 919 3768 thesis
942 3719 1047 3781 autem,
1074 3731 1155 3782 quem
1177 3719 1291 3782 quisque
1313 3731 1365 3784 per

272 3791 433 3840 concinitur
456 3791 527 3840 cett
549 3789 602 3840 Cir.
624 3791 700 3842 Hand
722 3792 798 3842 Ture.
835 3805 865 3843 se
889 3790 1012 3843 facillime
1037 3794 1118 3844 sentit
1139 3805 1226 3855 neque
1249 3792 1363 3844 tortasse

273 3865 305 3914 ll.
319 3876 346 3927 p.
358 3863 415 3913 386.
451 3863 526 3928 (Wer
536 3863 697 3929 istriensi)
718 3867 801 3916 -ιο-
837 3865 1010 3931 explicatione
1028 3869 1097 3930 eget,
1119 3867 1186 3916 baec
1203 3867 1258 3916 est:
1285 3879 1364 3918 «cum

273 3951 320 3988 ree
343 3937 480 4003 Memento]
499 3941 617 4003 «puncto
643 3940 798 4004 temporis.»
836 3953 886 4005 ego
904 3943 1131 4005 mercatoreaape
1148 3938 1365 4004 multaeperbo-

275 4015 367 4064 Scuon.
386 4013 540 4079 Eppw,
559 4015 621 4066 tna:
637 4021 801 4079 pmcto-mo-
836 4029 895 4078 rae,
924 4015 1058 4068 interdum
1079 4027 1129 4080 per
1152 4015 1270 4078 integros
1294 4014 1362 4076 dies,

275 4089 330 4140 bitis
352 4090 438 4140 borae.
473 4091 571 4152 Liuii,
590 4092 619 4142 i:
644 4091 723 4142 borea
744 4105 801 4142 mo-
837 4091 914 4141 euxie
932 4089 1078 4142 conflictari
1094 4087 1286 4140 debeemcum
1302 4101 1365 4154 pro-

274 4169 356 4216 nene
377 4165 453 4216 manni
472 4179 590 4231 apperens
606 4180 638 4216 ac
653 4167 740 4217 cineae
755 4193 770 4202 -
786 4193 802 4202 -
838 4162 920 4225 cellia.
940 4163 1065 4214 diuturno
1083 4165 1176 4214 mortis
1187 4162 1307 4228 periculo
1319 4175 1364 4213 ex·

275 4239 417 4290 incendium
437 4241 527 4292 bausit.
563 4238 601 4290 ld.
621 4239 649 4300 9,
674 4241 717 4290 to:
744 4253 801 4290 mo-
839 4240 967 4305 positus.»
