3090 4974
324 429 385 495 m
755 451 758 458 ,
805 429 934 483 eoniru

366 585 504 654 Colchus
527 605 567 650 an
590 585 756 675 Assyrius,
781 584 898 652 Thebis
920 585 1057 652 nutritus
1079 605 1119 652 an
1142 585 1244 674 Argis.

365 710 426 774 Aut
447 708 563 773 lamam
585 727 725 794 sequere
747 716 802 772 eut
824 704 885 774 sihi
909 707 1131 774 convenientia
1152 707 1247 794 finge.

366 829 509 917 Scriptor
530 827 721 895 honoratum
744 828 771 893 si
794 827 874 894 torte
897 829 1027 915 reponis
1049 826 1216 902 Achillem,
1348 827 1405 892 iio

389 1007 444 1058 449.
458 1007 514 1058 420.
525 1009 604 1072 pope,
623 1007 745 1069 Scriptor.
759 1007 915 1056 Honoratum
927 1005 1092 1069 distinguunt
1102 1007 1164 1064 LCt,
1175 1007 1242 1070 Aropo
1253 1005 1374 1069 Scriptcr.

354 1083 502 1134 tiemonem
518 1080 652 1133 Bentleius
669 1081 830 1131 coniectari.

321 1229 446 1295 parebat,
471 1232 501 1280 ut
522 1231 549 1280 in
572 1227 709 1281 Menandri
726 1225 844 1300 Γοωογῷ
885 1223 1076 1292 «acipiens,
1096 1230 1175 1291 prout
1191 1227 1276 1280 semel
1293 1228 1329 1280 ab
1346 1231 1407 1280 nnti-

322 1305 393 1370 apud
418 1306 543 1356 Orionem
565 1304 729 1355 Schneidew.
752 1316 778 1368 p.
798 1302 844 1353 te:
884 1302 945 1364 quis
971 1305 1013 1352 est
1037 1303 1164 1364 trodihrs,
1192 1305 1303 1356 servetis
1330 1305 1405 1355 etiarn

322 1379 391 1443 Εἰμὶ
415 1378 469 1444 μὲν
489 1371 641 1449 ἄγροικος,
668 1373 775 1440 καύτὸς
792 1371 846 1426 οὐκ
884 1388 1061 1439 personarum
1077 1378 1199 1430 moribus
1214 1381 1407 1442 etquetotaiu·

322 1447 414 1517 ἄλλως
439 1450 507 1524 ἐρῶ,
535 1453 591 1504 Καὶ
612 1451 669 1503 τῶν
692 1454 753 1503 κατ’
771 1443 845 1502 doro
885 1449 958 1512 dole,
977 1452 1003 1501 iu
1020 1451 1155 1515 tragoedia
1172 1465 1302 1516 sequere,
1322 1465 1406 1517 neque

321 1524 498 1600 πραγμάτων
514 1523 548 1579 οὔ
567 1525 711 1591 παντελῶς
726 1521 846 1592 ”epesi-
883 1537 948 1574 vero
961 1524 1098 1588 addendo,
1112 1526 1262 1589 demendo,
1281 1527 1406 1578 metendo

320 1617 388 1675 ρος·
415 1597 432 1652 ὁ
458 1601 489 1653 dt
513 1600 621 1675 χρόνος
642 1605 670 1654 τι
691 1605 722 1668 μ’
742 1600 846 1653 εἰδέναι
884 1611 948 1650 eum
964 1599 1097 1658 delorem
1117 1613 1195 1662 nem,
1213 1602 1301 1663 quiin
1313 1599 1406 1652 telihus

321 1681 400 1727 ποιεῖ
417 1675 533 1744 iiiios.)
554 1703 582 1714 -
607 1675 722 1743 ον’νοαιίε]
746 1679 845 1740 Agrum
884 1687 928 1726 res
945 1687 1029 1724 noves
1047 1673 1166 1736 molitur,
1190 1674 1352 1739 plerumque
1369 1675 1407 1725 ol·

321 1754 447 1816 pinguem
464 1755 544 1816 atque
561 1751 676 1803 uberem
689 1750 766 1802 nohis
784 1751 845 1801 onte
883 1749 1154 1813 leuditspectatores,
1168 1751 1213 1814 qui
1224 1748 1407 1802 voluutAmhil-

265 1875 273 1888 .
321 1826 413 1877 oculos
436 1827 524 1890 ponit:
552 1840 614 1890 oper
635 1827 720 1891 viperea
736 1825 770 1875 nb
787 1825 844 1889 ipsa
884 1823 938 1874 lem
963 1837 1023 1875 esse
1048 1835 1144 1874 verum
1170 1823 1243 1875 illum
1269 1824 1405 1884 Achillem,

321 1902 459 1951 Latinitate
469 1902 559 1965 respui
568 1901 683 1952 videtur.
696 1925 722 1938 -
735 1898 844 1963 Coelos]
883 1911 936 1949 non
954 1909 1083 1962 perverse
1100 1899 1214 1951 mixtum
1228 1911 1290 1950 cum
1303 1898 1363 1959 elia,
1381 1901 1408 1948 ot

320 1974 453 2026 barbarus
470 1975 542 2026 ierus
559 1977 586 2025 et
603 1980 677 2037 trux,
695 1977 726 2026 ut
738 1975 843 2024 Aeetes.
882 1975 960 2037 puta,
987 1975 1106 2025 Nestoris
1128 1973 1171 2024 vel
1194 1973 1257 2026 Ulixi
1277 1987 1405 2038 personui

323 2077 350 2086 -
369 2049 492 2114 mose]
520 2051 683 2101 «Astutem»
710 2050 846 2113 exponunt
884 2051 930 2098 aut
946 2049 969 2100 si
988 2050 1175 2112 argumentum
1198 2047 1281 2112 eliges
1304 2046 1407 2099 enulh

320 2122 491 2174 scholiastae.
529 2124 575 2174 Est
599 2125 687 2188 potius
714 2124 845 2188 «macris
884 2123 972 2174 adhuc
997 2125 1140 2174 tractatum
1155 2123 1199 2174 vel
1215 2137 1232 2174 ο
1249 2126 1335 2174 temet
1352 2125 1407 2188 ipso

320 2209 436 2262 persona
452 2198 580 2260 Asiatica,
598 2197 699 2259 mollis,
718 2197 781 2248 luxu
798 2197 846 2248 dil·
884 2199 1020 2249 inveutum
1047 2199 1088 2261 (ut
1111 2199 1138 2248 in
1163 2199 1307 2261 Agathocle
1336 2196 1406 2248 Flore

321 2273 420 2333 linens,
439 2270 525 2336 pusilli
543 2272 635 2333 animi,
655 2274 681 2322 in
697 2273 780 2323 rebus
796 2273 846 2322 ed·
884 2273 912 2322 et
928 2273 997 2323 lacte
1014 2275 1042 2322 et
1059 2273 1164 2323 nomine
1182 2273 1245 2323 licta
1259 2275 1338 2334 sunt,
1356 2275 1408 2324 Arl-

320 2347 405 2395 versis
430 2345 620 2407 meticulosa.»
652 2350 682 2396 ut
706 2349 732 2398 in
758 2349 845 2398 Persis
884 2350 944 2397 stet.
958 2349 1030 2400 Poet.
1044 2348 1075 2409 9,
1094 2347 1144 2410 l),
1164 2347 1219 2407 lac,
1238 2350 1269 2397 ut
1284 2347 1407 2400 omnihus

320 2420 436 2481 Xerxes,
456 2421 481 2470 in
494 2420 587 2471 Oreste
600 2422 696 2484 Phryx.
710 2423 843 2486 Aristoph.
884 2423 942 2472 eius
960 2421 1081 2486 pertibus
1099 2422 1168 2472 inter
1184 2434 1214 2472 se
1226 2423 1406 2473 conveniatne

320 2495 390 2542 Aves
409 2493 486 2544 iiii:
506 2491 613 2565 πότερα
628 2492 725 2546 Λυδὸν
739 2489 846 2566 ἧΦρύ-
883 2509 1059 2560 personarum
1077 2493 1257 2568 χαρακτῆρες
1272 2499 1340 2548 scite
1352 2509 1407 2548 ser-

320 2579 359 2630 γα
384 2567 472 2617 Ταυτὶ
494 2566 620 2635 λέγουσα
646 2567 845 2641 poppedius·
884 2572 994 2629 ventur;
1013 2570 1039 2621 id
1057 2572 1143 2635 quod,
1163 2583 1258 2623 verum
1275 2572 1405 2628 utlatenr,

321 2640 393 2692 edm
403 2639 515 2707 dome,-
535 2671 561 2682 -
577 2645 770 2710 Their-Arpis]
783 2648 846 2696 Bam
882 2642 960 2707 longe
978 2643 1109 2696 difficilius
1126 2649 1168 2698 est
1184 2659 1265 2711 quarn
1279 2647 1359 2711 sequi
1371 2645 1407 2696 ts·

321 2715 393 2767 heris
405 2722 575 2782 opponuntur
585 2721 686 2780 Graeci,
700 2721 770 2770 inter
778 2733 846 2783 quos
883 2730 956 2768 mam
974 2719 1110 2782 antiquam
1127 2719 1267 2784 semelque
1279 2720 1314 2771 eh
1327 2721 1407 2770 omni·

307 2793 394 2862 'ipsos
410 2807 503 2845 rursus
521 2798 562 2845 est
577 2795 734 2858 discrimen,
758 2799 788 2845 ut
805 2797 846 2846 in·
883 2792 935 2842 bus
944 2790 1222 2857 receptam‚pridova
1233 2795 1318 2858 poetis
1327 2797 1407 2844 Grae-

320 2869 362 2917 ter
377 2868 532 2928 Thebanos,
552 2870 687 2920 Eteoclem
705 2872 846 2922 etcreon-
883 2868 922 2917 cis
939 2867 1066 2918 traditum
1083 2867 1273 2932 (tradition,
1291 2868 1405 2934 Sego).-

319 2945 390 3006 tem,
419 2945 446 2994 et
469 2945 593 3007 Argivos,
620 2944 726 2996 illorum
742 2947 843 2996 hostes.
883 2943 949 2993 Rem
974 2945 1080 3006 egregie
1105 2941 1219 2994 illustret
1238 2942 1315 2994 locus
1335 2943 1406 2995 Anti·

321 3018 359 3068 Cl.
373 3018 499 3082 Aeschyli
516 3020 625 3083 Septem
637 3020 767 3074 adversus
779 3020 846 3070 The-
883 3017 978 3080 phanis
990 3015 1062 3081 opud
1073 3017 1168 3066 Athen.
1180 3018 1204 3078 6,
1215 3018 1226 3066 4
1239 3031 1245 3066 :
1258 3011 1406 3089 Moroipcdr

319 3093 369 3144 bes
387 3094 415 3143 et
431 3093 563 3157 Euripidis
586 3093 733 3159 Supplices.
763 3095 845 3144 Prae-
882 3089 961 3141 ἐστιν
987 3084 1006 3155 ἡ
1031 3087 1176 3162 τραγῳδία
1191 3089 1313 3157 Ποίημα
1334 3085 1405 3142 κατὰ

320 3170 393 3218 terea
411 3168 480 3218 heac
496 3167 588 3231 regule
605 3168 684 3218 ducto
699 3171 740 3219 cst
752 3182 785 3219 ex
796 3167 845 3220 illis
883 3162 981 3216 πάντ’·
1001 3163 1030 3216 cl‘
1042 3181 1075 3232 γε
1086 3162 1199 3237 πρῶτον
1211 3165 1243 3216 ot
1251 3163 1334 3233 λόγον
1343 3161 1405 3215 'Yaed

321 3242 476 3305 tragoediis,
504 3243 530 3292 iu
556 3242 653 3306 quibus
679 3245 774 3308 po'etaa
796 3257 845 3308 pro
882 3235 940 3290 τῶν
964 3239 1076 3292 θεατῶν
1099 3241 1172 3292 εἰσὶν
1192 3241 1404 3312 ἐγνωρισμένοι,

321 3317 488 3382 temporibus
500 3316 651 3382 quibusque
662 3317 793 3368 amicitiae
802 3317 845 3368 vel
882 3314 955 3387 Πρὶν
979 3317 1030 3365 καλ
1054 3317 1105 3365 τιν’
1130 3316 1237 3366 εἰπεῖν·
1268 3309 1310 3378 ὥς
1335 3311 1404 3367 rixo-

320 3392 381 3442 odio
404 3393 605 3442 Atheniensium
628 3393 758 3444 adversus
781 3392 845 3446 aiios
882 3387 994 3457 μνῆσαι
1017 3386 1111 3456 μόνον
1135 3389 1187 3440 Aci
1204 3387 1256 3441 τὸν
1272 3387 1403 3456 ποιητήν.

319 3466 845 3531 gentesGreecasveliflcahantur,quem·
883 3463 1020 3517 Οἰδίπουν
1030 3460 1085 3535 γὰρ
1094 3459 1133 3514 ἄν
1142 3460 1237 3530 μόνον
1247 3461 1305 3526 Φῶ,
1318 3456 1405 3516 τᾶλλα

319 3540 466 3591 admodum
478 3542 504 3590 in
517 3541 648 3606 Euripidis
657 3543 843 3592 Andromache
882 3537 963 3590 πάντ’
973 3537 1083 3590 ἴσασιν·
1096 3535 1330 3610 ὁκατὴρΑάῖος,
1343 3535 1404 3603 Μή-

320 3615 547 3678 despicetissimac
565 3619 628 3668 snut
643 3619 734 3681 portes
751 3619 779 3668 et
791 3617 844 3666 Me-
881 3611 1095 3687 capicitatem,
1119 3613 1290 3686 θυγατέρος,
1309 3611 1404 3674 παῖδας

319 3688 389 3740 nelei
406 3693 434 3740 et
449 3691 625 3750 Hermionae,
650 3693 742 3755 utpote
760 3693 844 3740 Laco-
881 3695 968 3753 τινες,
996 3691 1029 3741 rt
1054 3689 1161 3740 xerces
1184 3679 1285 3752 οὗτος,
1312 3692 1339 3740 τι
1355 3703 1403 3738 σε·

318 3777 393 3816 uum.
421 3764 475 3814 Cir.
489 3766 569 3815 etiarn
580 3765 754 3828 Welclrcrpr.
767 3767 840 3830 παρ.
882 3767 1009 3831 ποίηκον.

319 3851 345 3902 p.
355 3839 413 3889 29⁰.
431 3839 565 3901 (Ceterum
579 3840 647 3890 haec
656 3841 743 3888 omnin
754 3852 844 3890 exem·
915 3839 1051 3890 reo-its.
1078 3839 1202 3904 scriptor]
1228 3839 1255 3888 h.
1275 3837 1291 3889 l.
1312 3841 1403 3902 «poete

318 3912 354 3978 pli
363 3913 588 3964 dumtaxatcause
597 3912 738 3974 attull‚non
749 3916 844 3964 utcre-
881 3915 1022 3978 tragicus.»
1035 3939 1061 3950 -
1074 3913 1270 3964 honoratum·
1281 3911 1402 3974 Aelittlsm]

322 3989 385 4038 dem
403 3989 451 4038 hes
467 3989 539 4052 ipsas
555 3988 705 4052 tragoedias
717 3988 787 4040 soles
798 4003 844 4040 ne·
881 3991 987 4040 llorneri
999 3981 1124 4056 ἀγανὸν,
1142 3983 1249 4038 κλοιὸν
1262 3983 1401 4052 Ἀχιλλῆα,

318 4076 371 4128 que
383 4061 523 4114 vercellas
538 4066 600 4116 ente
612 4064 711 4114 Horatii
723 4065 841 4115 mentem
881 4062 1003 4137 (πρῶτον
1010 4057 1146 4124 Ἑλλάδος
1154 4065 1232 4112 vocat
1243 4066 1329 4114 meter
1339 4062 1403 4112 l'ha-

318 4140 842 4205 obversetesesse,cumhnecscriheret.)
881 4141 913 4190 tis
925 4140 996 4203 opud
1005 4139 1093 4203 Eurip.
1106 4137 1233 4188 Androm.
1243 4137 1335 4200 litt),
1348 4139 1401 4188 dea

352 4214 408 4264 449.
437 4215 486 4265 Aot
508 4216 606 4279 saroam
623 4214 686 4278 cst]
714 4215 762 4265 Vv.
779 4215 843 4265 449-
879 4213 1064 4278 pesclorum
1085 4208 1402 4272 atemillustremutom-

319 4289 375 4338 iet.
396 4289 463 4338 haec
484 4290 608 4352 primorie
629 4289 760 4339 sententia
785 4290 839 4340 est:
879 4301 929 4338 nes
944 4289 1081 4352 tamqnam
1097 4285 1195 4338 summi
1214 4286 1304 4338 herois
1314 4297 1401 4336 exem·
