3178 4972
286 437 347 506 542
652 439 781 489 HOltA'l'll
801 437 1020 507 Epistulam

330 597 362 664 Si
385 595 543 684 prodesse
566 595 629 660 tuis
651 593 814 681 pauloque
836 592 1007 680 benignius
1028 593 1134 680 ipsum

329 722 371 785 Te
395 729 529 784 tractare
552 716 656 792 voles,
681 715 818 782 auoedes
840 716 947 782 siccus
970 714 1173 780 adunatum.

330 841 361 906 Si
385 839 558 926 pranderet
580 837 651 903 olus
673 837 846 924 patienter,
873 836 1006 923 regibus
1028 837 1075 902 uti

328 960 430 1026 Nollet
452 961 640 1047 Aristippus.
685 959 718 1024 Si
741 957 839 1024 seirat
860 957 992 1044 regibus
1014 957 1075 1032 uti,

327 1082 495 1148 Fastidiret
516 1080 603 1155 olus,
628 1080 684 1167 qui
706 1100 759 1146 me
781 1089 877 1145 notat.
923 1079 1030 1146 Utrius
1054 1078 1167 1146 borum
1334 1077 1371 1142 t5

326 1202 431 1268 Verba
452 1201 572 1290 probes
594 1211 627 1266 et
648 1201 743 1276 lauta,
768 1200 866 1276 doce,
890 1199 941 1266 vel
965 1201 1070 1266 iunior
1091 1200 1181 1273 audi,

327 1323 391 1390 Cur
412 1323 453 1389 sit
474 1322 624 1409 Aristippi
646 1322 752 1409 potior
773 1322 946 1401 sementim
969 1341 1108 1409 namque

284 1543 429 1616 ἐξιπέραο
451 1540 558 1632 ἀγνώς,
583 1539 703 1609 ἀκλεής·
732 1542 807 1607 Τοὺς
844 1549 978 1610 στιπιιον)
1002 1544 1115 1607 λάχανα
1139 1546 1252 1598 πλύνων
1268 1547 1370 1613 Διογέ-

283 1619 352 1671 d'a'v
369 1623 466 1685 τιμαῖς
483 1634 578 1684 ησσον
590 1617 673 1683 ζηλω
703 1619 807 1682 Signifi-
843 1637 896 1686 νης
907 1617 1027 1686 εσκωψε
1042 1624 1125 1672 καί
1103 1638 1207 1687 ηησιν
1226 1622 1262 1671 El
1279 1619 1370 1672 ταῦτα

284 1699 327 1746 eat
343 1695 448 1760 Epicuri
460 1693 523 1744 illud
534 1690 606 1744 lude
616 1689 742 1755 βιωοας
761 1694 808 1744 ad·
842 1689 950 1759 εμαιίες
963 1697 1196 1786 ιιρροφέρεσιίαι,
1210 1711 1264 1746 ουκ
1274 1690 1313 1745 ἂν
1325 1711 1371 1746 τυ-

283 1781 377 1819 versus
390 1769 462 1832 quod
474 1770 516 1818 est
531 1767 662 1818 Plutarchi
674 1766 808 1817 declama·
844 1767 955 1838 ροίννων
972 1766 1063 1833 αὐλὰς
1075 1767 1256 1859 ἐθεράπευες.
1283 1766 1367 1828 ‘ors

283 1842 398 1893 liuneula
416 1837 808 1910 Είκαλῶςείρηταιιὸλάιίε
844 1843 900 1893 Καί
919 1841 967 1903 οὐ,
994 1842 1083 1906 είιιεν,
1111 1844 1189 1934 stirap
1214 1840 1293 1914 ᾔδεις
1317 1841 1370 1895 ἀν-

282 1914 404 1979 βιιόσας,
428 1917 474 1966 ubi
492 1918 561 1966 inter
578 1915 627 1965 alia
645 1918 709 1980 Cap.
728 1915 756 1974 4,
776 1914 805 1965 4ῑ
843 1915 971 2008 θρώποις
988 1915 1108 1984 ὁμιλεῖν,
1127 1915 1182 1971 οὐκ
1198 1915 1239 1969 ἄν
1256 1917 1370 1980 λάχανα

282 1993 319 2042 Εἰ
335 1988 533 2080 Θεραστοκλῆς
548 1985 716 2055 Ἀθηναίους
728 1985 808 2040 ἐλάν-
843 1987 969 2057 ἔπλυνες.
994 1995 1032 2044 De
1045 1995 1187 2059 Aristippo
1189 1993 1242 2044 vid.
1255 1995 1288 2044 ad
1301 1997 1366 2059 Epp.

281 2067 383 2126 θανεν,
410 2060 464 2115 οὐκ
489 2057 568 2129 ανὴ
589 2059 728 2126 ‘'sttdg
710 2079 806 2114 αυεω-
844 2068 872 2128 4,
892 2070 921 2128 4,
935 2068 1024 2116 48.-
997 2069 1178 2130 -psuudorot
1194 2067 1255 2132 atus]
1274 2069 1366 2128 Sati,

282 2155 355 2191 οατο
372 2135 495 2224 Ξέρξην·
523 2141 549 2188 εί
561 2134 719 2204 Ῥωμαίους
745 2136 806 2190 Kot—
844 2141 872 2202 3,
886 2140 947 2191 ais:
970 2143 1097 2202 prandere
1107 2143 1232 2192 ίιιιοιιιιαι
1251 2143 1291 2192 De
1302 2143 1369 2192 olm

281 2212 396 2278 μιλλος,
423 2208 477 2263 οῦκ
501 2207 582 2262 ἄν’
565 2230 584 2277 η
602 2208 696 2278 Ῥώμη
723 2210 805 2275 πόλις
844 2216 1021 2272 00448344,
1041 2218 1070 2272 4,
1089 2215 1130 2266 at.
1146 2215 1367 2280 ——reqttudllio-

282 2283 405 2352 ἔμεινεν·
433 2288 459 2336 εί
474 2287 569 2336 Δίωνα
589 2284 724 2346 Πλάτων,
751 2283 806 2338 ουίι
844 2303 926 2352 genes
944 2288 1106 2352 intelligebat
1122 2290 1293 2352 Dionysium,
1318 2291 1370 2352 Sy·

281 2357 319 2412 ἂν
336 2357 521 2431 ἠλευθερώθη
539 2355 558 2425 ἡ
576 2360 699 2411 Σικελία.
843 2377 1035 2415 racusanorum
1061 2366 1220 2426 tyrannum,
1250 2377 1369 2428 quocum

315 2439 356 2486 it.
378 2437 417 2485 44.
446 2436 563 2497 prodassa
579 2437 638 2500 tuis]
659 2439 806 2499 «quatenus
843 2438 941 2488 dlutius
953 2441 1076 2488 versatus
1089 2441 1130 2488 est
1142 2440 1298 2503 Aristippus
1319 2439 1371 2488 Lu·

283 2511 308 2562 in
336 2511 396 2560 tuos
425 2511 552 2572 cognatos
580 2523 612 2559 ac
640 2511 806 2560 necessarios
843 2513 935 2562 cianus
952 2512 986 2562 de
1010 2515 1099 2562 Paras.
1119 2513 1164 2562 33:
1189 2507 1370 2582 Ἀρίστιππος

282 2587 355 2635 vario
372 2585 452 2635 modo
471 2584 603 2634 redundat
619 2585 694 2635 lavor
709 2587 806 2648 poten·
843 2580 861 2634 ό
878 2585 1068 2672 Κυρηναῖος·
1079 2585 1244 2672 -διέτριβεν
1261 2585 1292 2637 ἐν
1310 2587 1367 2638 Συ-

283 2662 315 2712 tis
340 2661 377 2710 tui
398 2661 551 2710 amici-s
573 2659 702 2722 beuipniur
724 2660 806 2720 ipsum
843 2657 1003 2730 ρακοιίοαις
1015 2659 1192 2748 παρασιτῶν
1215 2659 1367 2727 Διονυσίῳ.

282 2741 305 2786 ιι
321 2735 475 2798 tractam«
464 2733 574 2783 «lautius
591 2734 713 2793 vivere,
738 2732 806 2782 «lar-
843 2731 959 2784 πάντων
974 2749 1046 2801 γουν
1063 2729 1163 2799 ἀμέλει
1180 2733 1370 2822 τῶνπαρασί-

282 2811 340 2872 gius
358 2810 439 2860 Genio
458 2807 668 2870 indulgereu-
641 2773 807 2856 -s'tcausau
842 2824 900 2858 των
916 2803 1006 2870 αυτὸς
1026 2803 1178 2874 ηὐδοκίμει
1199 2809 1263 2880 παρ’
1279 2803 1367 2875 αὐτῷ.

280 2884 391 2947 unctum]
411 2895 530 2946 «pauper
546 2885 573 2930 et
589 2881 676 2932 tenuis
694 2881 729 2929 ad
741 2895 872 2945 opu--
845 2883 911 2932 -Sl
922 2884 995 2932 sciret
1005 2883 1105 2946 reptbus
1115 2884 1161 2948 uti]
1174 2884 1306 2934 Admonet
1317 2885 1370 2934 hoo

281 2958 382 3008 lentum
395 2959 422 3006 et
433 2955 619 3019 locupletem.
608 2957 803 3012 »Councnuq
844 2969 893 3007 nos
910 2958 1015 3021 Epicuri
1038 2959 1186 3008 sententiae
1209 2957 1290 3008 iltius.
1317 2959 1369 3008 καὶ

283 3034 374 3080 tinctus
399 3033 421 3081 is
444 3032 498 3090 est,
527 3030 572 3092 qui
598 3028 666 3078 lauta
693 3029 806 3093 praebet
842 3028 993 3102 μόναρχον
1015 3031 1046 3082 ἐν
1068 3029 1158 3102 καιρῷ
1179 3029 1370 3102 θεραπεύσαι

281 3106 414 3166 convivia,
434 3107 463 3153 ut
479 3106 545 3168 Epp.
568 3106 596 3162 4,
616 3105 663 3162 itt,
690 3103 736 3154 ti:
763 3103 806 3152 utt'
843 3103 906 3171 (τὸν
921 3102 1038 3170 σοφόν).
1064 3107 1366 3170 [ίίος.ιείίιί.4θ,44ί.

281 3181 341 3244 quid
356 3180 444 3228 melius
455 3179 575 3241 condupii
592 3179 735 3235 υιιιυοιίιιες
755 3191 805 3227 nec
844 3183 889 3231 Est
905 3183 996 3231 autern
1012 3183 1051 3230 uti
1068 3193 1145 3231 «cum
1163 3182 1195 3232 iis
1206 3182 1307 3231 versari
1319 3183 1370 3231 sci-

281 3255 315 3304 de
339 3254 481 3316 unguentis
506 3253 644 3301 dumtaxat
668 3250 805 3314 explicari·
843 3257 924 3319 taqua
941 3267 989 3306 eos
1006 3258 1148 3306 tractare·
1169 3281 1195 3292 -
1213 3255 1293 3319 nom]
1312 3269 1370 3305 ure-

281 3328 346 3378 dum
372 3332 422 3380 est.
461 3329 505 3377 liis
532 3327 701 3391 opponuntur
729 3327 803 3387 ιίοοί,
843 3327 1015 3392 preliandum
1034 3330 1141 3393 proprie
1153 3329 1188 3379 de
1200 3329 1366 3380 censoribus.

282 3415 345 3461 non,
364 3405 394 3451 ut
416 3401 588 3464 plerumque,
609 3400 762 3459 «abstemii,
789 3414 804 3449 a

281 3476 342 3524 vino
365 3475 560 3534 abstinentes»
584 3475 710 3524 contrarii
730 3475 806 3523 nuvi-
877 3475 916 3525 48.
931 3477 971 3525 ra.
990 3475 1113 3538 eludebat]
1130 3489 1171 3540 pr.
1186 3477 1220 3526 de
1238 3475 1369 3540 gladiato-

281 3551 337 3610 dis,
362 3547 489 3610 madidis,
513 3548 669 3598 vinolentis„
695 3548 750 3610 (od.
775 3550 804 3610 4,
843 3549 930 3610 ribus,
944 3551 989 3612 qul
1002 3551 1071 3600 ictus
1082 3550 1297 3601 adversariorum
1310 3563 1369 3601 uor-

282 3627 325 3686 48,
353 3623 377 3674 3.
404 3623 433 3684 4,
460 3625 491 3684 3,
518 3623 579 3686 aa),
606 3623 655 3673 sed
681 3624 804 3683 omnino,
843 3622 1367 3688 porisinclinationavitant.-utatuuti

282 3701 341 3764 aqui
377 3702 487 3763 propter
520 3699 705 3762 paupertatem
740 3697 806 3747 cibis
843 3696 877 3746 de
896 3697 1003 3746 historia
1020 3696 1156 3762 plerisque
1174 3699 1236 3748 nota
1254 3701 1281 3748 et
1292 3699 1369 3762 quasi

281 3775 392 3824 utuntur
407 3770 610 3836 simplicissimis
634 3770 804 3834 quibusque,
842 3770 974 3821 tralatitia.
1004 3771 1078 3821 coni.
1098 3775 1163 3835 Epp.
1177 3774 1207 3831 4,
1226 3772 1257 3832 7,
1275 3771 1316 3822 ta.
1337 3795 1367 3808 -

279 3847 494 3897 scommatum
510 3845 542 3894 ab
559 3846 625 3894 ουιιιί
642 3845 805 3904 sanamin-
842 3845 961 3909 Seurror]
980 3846 1062 3894 «Fieri
1079 3847 1199 3908 potesta
1218 3845 1371 3907 inquitAri·

280 3923 310 3970 ut
326 3922 363 3970 ait
379 3919 486 3971 Tertull.
506 3919 539 3969 de
558 3919 663 3968 ieiuniis
685 3921 707 3967 i.
727 3919 806 3968 Simi-
843 3920 947 3984 stippus
958 3921 1020 3968 κατ’
1031 3920 1190 3989 εἰρωνείαν,
1204 3921 1262 3978 «ut,
1275 3929 1370 3981 qnem-

281 3993 340 4044 liter
357 3996 475 4058 Cinpro
492 3995 518 4043 S.
533 3993 685 4052 naseinai,
705 3993 751 4042 rs:
770 3994 807 4042 ul-
843 3993 990 4044 admodum
1019 3997 1046 4042 tu
1077 4005 1120 4042 me
1149 4005 1244 4052 rocas,
1274 4003 1367 4042 scurra

280 4073 322 4118 ctu
338 4070 420 4118 aridn
843 4070 894 4118 sim
911 4081 941 4118 re
958 4081 1035 4126 verm
1055 4067 1104 4118 sed
1121 4081 1171 4130 ego
1186 4067 1258 4126 milri,
1278 4079 1368 4116 meam

314 4141 403 4192 43-45.
422 4140 804 4204 siprnndorat--Adsttppuq
843 4143 868 4191 in
890 4155 962 4198 rem.
990 4155 1111 4200 scurror3
1140 4146 1169 4191 tu
1194 4139 1366 4198 multitudini,

281 4215 368 4266 Verba
387 4217 511 4280 Dtoganis
528 4217 629 4280 cynici.
643 4216 716 4279 Diog.
731 4217 758 4266 L.
773 4217 803 4276 l,
843 4217 918 4266 cuius
935 4214 1093 4280 applausum
1111 4217 1138 4265 et
1155 4213 1214 4264 vilia
1233 4215 1304 4264 dona
1321 4227 1370 4264 oa-

282 4290 328 4340 68:
356 4285 504 4360 Παριόντα
527 4289 597 4340 ποτὲ
618 4283 709 4340 αὐτὸν
725 4283 805 4360 (Αρί-
843 4291 902 4354 ptus
913 4287 1014 4350 abollA,
1033 4301 1085 4352 qua
1103 4288 1212 4338 indutus
1224 4301 1267 4347 es,
1286 4285 1367 4348 dolio,
