3090 4974
599 433 656 482 itit.
678 433 707 482 ll.
745 433 842 484 EPlS‘l'.
861 436 893 486 ll.
1225 438 1287 502 669

239 585 398 664 Quocirca
422 605 547 654 mecum
574 586 691 674 loquor
711 588 792 656 haec
814 591 993 680 tacitusque
1016 594 1185 660 recordor:
1223 594 1284 660 445

237 705 270 771 Si
293 705 348 772 tibi
371 706 456 773 nulla
478 707 562 774 sitim
585 707 690 776 liniret
710 711 805 798 copia
826 710 993 800 lymphae,

236 828 390 895 Narraros
413 828 561 908 medicis;
584 830 688 918 quod,
712 841 832 919 quanto
854 831 948 921 plura
969 835 1103 921 parasti,

236 949 335 1015 Tanto
356 947 449 1037 plura
470 951 577 1038 cupis,
601 949 720 1018 nulline
742 953 871 1021 laterior
892 955 1019 1023 audes?

236 1069 269 1136 Si
291 1069 406 1137 volnus
429 1070 485 1138 tihi
507 1082 681 1140 monstrata
702 1073 813 1142 radice
833 1073 884 1142 vel
906 1075 1007 1144 herha

235 1192 304 1257 Non
326 1189 419 1260 fieret
439 1192 558 1270 levius,
581 1193 709 1282 lugeres
731 1196 841 1266 radico
861 1196 913 1264 vel
934 1197 1035 1266 herba
1220 1201 1282 1266 450

235 1311 424 1381 Proficiente
447 1314 522 1380 nihil
545 1315 698 1383 curarier.
742 1317 912 1396 ludicrae,
936 1321 987 1387 cui

235 1435 312 1502 ilem
335 1434 368 1501 di
390 1435 559 1515 donarent,
584 1435 627 1502 illi
649 1437 813 1507 decedere
834 1461 966 1528 pravam

234 1555 419 1638 Stultitiam;
442 1567 488 1636 et,
512 1578 586 1625 oum
607 1559 652 1626 sis
674 1559 772 1627 nihilo
795 1562 989 1648 sapientior,
1014 1585 1054 1632 ex
1075 1586 1141 1654 quo

234 1677 363 1745 Plenior
384 1699 430 1757 es,
453 1689 561 1746 tamen
583 1677 684 1749 ut'eris
706 1681 918 1750 monitoribus
941 1684 1069 1753 isdem?

226 1841 264 1904 (tit
281 1852 345 1899 nos,
362 1839 446 1901 hSod,
466 1841 582 1892 Pottierii
600 1843 627 1892 04
643 1842 769 1892 Schmidii
787 1845 901 1907 omnes.)
917 1869 943 1880 -
960 1846 1015 1896 453.
1034 1847 1172 1900 stultitiam
1188 1821 1246 1902 oron

224 1911 280 1963 det
298 1913 424 1964 Schmidii
441 1915 551 1979 primus.
567 1942 594 1951 -
609 1915 665 1967 4444.
678 1916 817 1966 4444044044
828 1917 855 1978 d,
873 1919 999 1970 Schmidii
1011 1922 1118 1984 tertius,
1138 1925 1203 1975 item
1220 1928 1248 1976 et

223 1987 241 2038 h
259 1989 331 2050 440,
351 1989 400 2039 sed
417 2003 552 2054 superscr.
570 1991 746 2052 monitoribus,
767 1993 920 2042 4444044044
939 1994 1066 2045 Schmidii
1084 1998 1228 2050 secundus.

191 2128 215 2188 4,
229 2128 269 2189 40,
282 2127 323 2179 40.
339 2155 366 2165 ·-
384 2129 462 2194 400444]
481 2131 611 2191 44004444,
630 2143 715 2194 quae·
753 2133 820 2192 tare,
830 2131 969 2194 cogitando
979 2136 1113 2199 repetere,
1123 2139 1276 2200 4044444440..

190 2215 269 2254 renen
291 2205 360 2264 oet.‘,
384 2204 482 2266 idest,
510 2218 635 2258 «summa
653 2219 715 2256 cum
752 2206 876 2256 Foncsuu.
892 2233 919 2264 -,-
938 2208 966 2257 st
983 2208 1107 2274 illicet]
1126 2210 1165 2261 Cl.
1184 2212 1276 2276 0444,

190 2291 253 2328 cura
278 2291 442 2343 componere
465 2281 582 2332 carmina
605 2280 715 2343 444404.»
752 2279 781 2340 2,
800 2280 831 2330 40
843 2292 904 2344 sqq.
922 2281 995 2332 Stob.
1009 2284 1055 2344 40,
1074 2283 1120 2334 46;
1139 2283 1277 2352 Διογένης

190 2353 242 2404 Cir.
265 2352 328 2404 Plat.
351 2355 429 2418 Gorg.
448 2354 497 2406 489
514 2356 557 2405 B.:
582 2350 716 2420 ὀνόματα
751 2347 865 2418 444μο400
893 2351 962 2418 τοὺς
992 2354 1187 2430 φιλαργύρους
1214 2367 1277 2424 τοῖς

189 2423 329 2498 θηρεύων.
352 2455 379 2464 -
408 2429 457 2480 Sed
479 2442 554 2480 utrae
579 2429 643 2494 cah]
668 2431 715 2481 lito
752 2422 933 2500 ὑδρωπικοϊς·
943 2429 1071 2496 ἐκείνους
1078 2431 1133 2497 μὲν
1141 2429 1198 2505 γὰρ
1208 2433 1277 2502 44λή-

188 2501 334 2554 verborum
359 2503 426 2554 ordo
451 2505 515 2556 satis
542 2503 664 2555 firmatur
679 2503 714 2555 ab
751 2515 810 2572 ρεις
842 2497 930 2567 ὄντας
959 2499 978 2554 ἀ
1015 2508 1097 2577 upton
1125 2508 1276 2574 ἐπιθυμεῖν

189 2577 296 2641 optimis
314 2577 398 2627 Codd.
418 2581 445 2628 44
460 2576 503 2628 vel
520 2577 581 2629 ideo
598 2579 715 2628 retinen·
751 2575 895 2640 τλείονος,
926 2579 1061 2644 [τοοτοος
1088 2579 1112 2629 d'
1142 2575 1275 2649 ridoroffi]

188 2649 239 2701 dus
257 2653 312 2712 eet,
335 2653 396 2714 quia
419 2653 458 2702 vis
480 2653 627 2703 sententiae
645 2654 716 2702 inest
749 2645 937 2723 ἀμφοτέρους
953 2651 984 2704 ot
995 2650 1180 2726 πρὸςκακοῦ.
1196 2685 1223 2694 -
1235 2660 1276 2723 so·

189 2726 249 2774 inv.
259 2738 343 2776 ueros.
357 2753 383 2762 -
397 2739 563 2788 numerosque
572 2726 713 2790 modosqtu]
749 2726 834 2790 404444]
851 2728 890 2778 De
902 2728 1019 2778 infinitivi
1032 2729 1115 2780 torma
1129 2731 1162 2780 cl.
1176 2745 1201 2780 v.
1216 2733 1272 2782 4444.

187 2796 319 2872 ῥυθμοὺς
342 2802 391 2852 καὶ
407 2801 490 2867 μέλη.
526 2801 566 2852 nd
583 2800 713 2852 moralem
750 2800 803 2848 Sat.
818 2801 846 2860 4,
862 2801 891 2862 4,
908 2801 948 2851 34.
965 2829 992 2838 -
1010 2802 1116 2867 moros]
1136 2803 1275 2868 «indigna-

188 2875 336 2926 dootrinam
353 2875 387 2926 de
405 2877 457 2927 vita
480 2877 553 2926 recto
571 2875 713 2924 constituta
748 2873 856 2925 hundus
869 2874 960 2936 nolles,
973 2889 1139 2928 recusares.»
1156 2879 1196 2928 De
1207 2891 1275 2930 con-

188 2952 216 3000 44
230 2963 324 3001 secum
345 2951 403 3016 ipsa
426 2951 579 3000 constanter
599 2961 714 2998 concor-
749 2949 894 3000 structione
921 2949 954 3000 ci.
977 2948 1026 2999 Od.
1049 2951 1076 3011 4,
1095 2951 1124 3011 9,
1144 2950 1189 3001 ts:
1214 2953 1274 3018 [υρο

187 3024 268 3076 dante
289 3025 417 3076 4444444044
437 3025 602 3075 musicorum
619 3023 713 3074 metri-
748 3034 878 3082 emerere.
900 3051 927 3060 -
950 3023 1081 3090 4444444404]
1103 3039 1118 3074 a
1137 3021 1221 3090 volgo.
1242 3055 1270 3066 -

187 3111 335 3164 corumque
360 3097 499 3150 vocabula.
533 3096 712 3150 Memorabilis
748 3097 878 3161 4404444444]
910 3097 1017 3148 Bentleii
1046 3100 1164 3150 4044044444
1190 3113 1273 3165 repu-

187 3172 262 3224 40044
288 3175 330 3226 cst
353 3172 396 3224 ills
421 3172 542 3224 Aristidis
562 3170 711 3233 Quintiliani
748 3174 1270 3239 guotractastemporumoonseoutioni

186 3247 242 3299 lib.
256 3249 277 3297 l.
295 3262 323 3312 p.
335 3248 377 3300 43.
397 3247 535 3299 4444004444
557 3245 637 3308 Τινὲς
653 3243 712 3295 τῶν
748 3249 892 3310 quaeest:
917 3247 1023 3308 audisti,
1049 3249 1091 3298 oui
1112 3261 1166 3300 rom
1182 3251 1272 3300 donent

186 3319 316 3373 παλαιῶν
341 3319 392 3372 τὸν
414 3321 470 3386 μὲν
492 3316 606 3393 ῥυθμὸν
624 3314 711 3389 uiritim
747 3319 790 3371 vel
807 3321 940 3382 donors'nt;
958 3323 1090 3384 00444444,
1107 3325 1149 3373 oui
1163 3325 1272 3376 44444440-

186 3391 363 3459 ἀπεκάλουν,
377 3393 413 3448 τὸ
424 3395 455 3447 dl
465 3394 554 3462 μέλος
565 3393 640 3460 θῆλυ
649 3391 709 3444 κτλ.
746 3401 837 3445 norant
847 3394 889 3446 tel
901 3397 1041 3447 4044440444.
1060 3398 1113 3448 Cir.
1122 3399 1193 3461 virg.
1202 3399 1267 3450 Aen.

187 3472 225 3522 Cl.
240 3473 320 3523 4444444
332 3473 406 3536 Diog.
419 3473 504 3522 Latrt.
516 3471 540 3530 6,
551 3470 592 3520 04.
605 3469 639 3520 440
651 3471 712 3520 Dio·
748 3473 777 3530 4,
796 3472 839 3521 ts:
863 3472 1007 3534 Propanisus
1022 3473 1064 3522 4444
1080 3473 1145 3522 onim
1163 3473 1271 3524 lhotono

186 3545 487 3611 3440844004440441404
496 3541 557 3611 μὴν
568 3543 712 3596 444444004-
747 3546 975 3609 0444444444οοί
990 3545 1153 3608 torserat,
1182 3547 1271 3608 4444404

185 3623 257 3684 μαζε
273 3617 343 3684 τοὺς
362 3617 524 3686 μουσικοὺς
539 3615 592 3682 τάς
607 3618 663 3685 μὲν
679 3619 710 3670 ἐν
746 3621 806 3670 olim
830 3633 895 3682 quoe
919 3625 1056 3671 verteret
1080 3633 1158 3670 04044.
1183 3647 1210 3658 ·-
1237 3635 1270 3672 eo·

185 3691 220 3764 τῇ
253 3691 326 3766 λύρᾳ
359 3691 467 3766 χορδὰς
497 3691 709 3767 ἁρμόττεσθαι,
746 3696 803 3760 orto]
823 3695 933 3745 4040040
946 3694 1270 3746 nondinissevidetursn

184 3764 356 3840 ἀνάρμοστα
380 3766 411 3820 ot
432 3761 512 3829 ἔχειν
533 3767 586 3835 τῆς
607 3766 710 3834 ψυχῆς
745 3783 794 3831 quo
811 3769 862 3819 hac
878 3769 988 3833 quidem
1000 3770 1128 3832 temporis
1141 3769 1270 3833 significa-

184 3840 301 3910 τάἥθη.
329 3846 430 3894 Seneca
442 3845 523 3908 Epist.
537 3844 582 3902 34,
598 3843 627 3892 7:
646 3843 709 3892 444440
746 3845 831 3902 44000,
854 3844 902 3894 sed
923 3857 957 3893 4ο
979 3855 1028 3904 quo
1044 3849 1161 3906 temporo.
1189 3843 1267 3908 Apud

184 3923 286 3972 elidad
302 3923 405 3972 00004444
419 3929 448 3970 ut
461 3920 573 3984 4404440444
582 3921 664 3968 uhtaus
678 3921 710 3968 n't
747 3920 847 3970 livium
875 3917 938 3968 nihil
967 3918 1158 3983 trequentius.»
1195 3919 1267 3968 444444

184 3996 372 4058 monumen
394 3993 710 4055 tonoruitornoromnt'o
745 3991 1267 4056 rurs.u.p.ot8.-monttorttruu-

184 4083 322 4120 consonans
337 4071 391 4120 44444.
745 4065 808 4130 dom]
827 4065 930 4117 «adhuc
946 4065 1022 4116 audis
1043 4064 1192 4130 opulentiae
1208 4065 1267 4118 lau-

218 4143 338 4195 440-449.
364 4143 492 4207 recordor]
520 4143 647 4206 «Proprie
668 4145 711 4192 ost
745 4139 864 4200 dotores,
883 4139 981 4202 quihus
994 4141 1048 4188 iam
1060 4139 1266 4192 semeloredeu-

183 4231 273 4269 runnu
287 4221 313 4269 tn
331 4231 519 4278 corrosorum,
539 4217 709 4267 utaitvarro
745 4215 780 4265 do
797 4213 926 4278 deceptus
939 4227 995 4264 es.»
1012 4217 1136 4264 Ponram.
1163 4217 1266 4267 Leodo-

186 4295 213 4343 L.
226 4294 254 4343 4..
268 4294 293 4355 0,
307 4293 362 4356 ld,
375 4292 427 4343 hoc
439 4295 492 4353 ost,
511 4293 537 4342 in
550 4293 640 4342 mente
652 4293 708 4354 agi-
744 4301 793 4340 nos
817 4288 958 4338 4444044440
982 4290 1010 4339 ot
1033 4289 1184 4341 4444404004
1203 4295 1266 4341 sunt
