3174 4974
265 431 327 497 554
626 431 755 484 ttoaartr
771 431 992 511 Ertsrccxaitu

308 591 441 657 Derisor
462 589 534 656 lecti
557 589 605 655 sie
626 596 738 654 nutum
757 587 863 654 divitis
885 585 1011 662 horret,

309 713 362 780 Sic
384 711 477 778 iterat
498 729 597 778 voces
622 719 654 776 et
675 709 774 776 verba
798 708 946 776 cadentia
966 707 1060 786 tollit,

309 834 349 902 Ut
369 853 507 921 puerum
530 852 629 899 saevo
651 831 767 899 eredas
789 830 907 898 dietata
928 830 1081 918 magistro

308 953 457 1022 Reddere
478 953 530 1021 vei
552 963 661 1042 partes
684 954 816 1019 mimum
839 962 975 1020 tractare
997 952 1168 1019 secundas.

332 1155 371 1202 it.
390 1152 486 1217 amma]
504 1153 601 1202 uetitum
616 1167 649 1213 φ.

265 1337 319 1382 ων,
339 1309 443 1382 καῦθις
460 1314 515 1369 σὺν
532 1315 668 1386 γελόωντι
684 1315 789 1385 γελῶν,
829 1319 905 1382 opico
915 1290 1294 1382 voennuiopoeumnostrun
1306 1322 1356 1373 im·

265 1391 338 1448 otri
346 1391 383 1446 cti
396 1409 428 1462 ys
436 1391 589 1459 κλαυθμοῦ
600 1394 789 1464 κεχρημένος,
829 1393 925 1457 pertiti
951 1393 1030 1456 Atqui
1048 1393 1075 1442 et
1091 1391 1163 1457 apud
1180 1394 1310 1448 cinctutos
1322 1394 1354 1445 il-

265 1463 332 1521 oira
356 1467 494 1536 γέλωτος,
519 1467 576 1519 Καὶ
602 1466 790 1540 κλαιωμιλίῃ,
829 1465 868 1517 ios
884 1480 975 1518 cerere
988 1466 1110 1518 absolute
1123 1467 1224 1520 dictum
1236 1473 1294 1520 erat
1304 1483 1354 1534 pru

264 1541 506 1614 καὶγελοωμιλλῃ.
523 1570 548 1582 -
563 1543 791 1609 imi-iecti1inquo
827 1555 890 1592 vere
905 1542 995 1592 dicere.
1024 1540 1220 1605 Gellius48‚2:
1249 1545 1355 1606 Quaest-

264 1632 317 1668 una
330 1631 392 1669 cum
406 1618 518 1669 convivii
532 1618 640 1669 domino
653 1616 722 1669 soliti
734 1619 790 1670 eius
827 1620 881 1666 tien
891 1621 940 1678 eet,
958 1616 1179 1678 cebennarum,
1195 1619 1263 1678 quoe
1278 1619 1355 1683 κρηθ-

265 1707 374 1745 scurrae
383 1691 589 1744 accumbebant.
609 1693 648 1742 Gt.
662 1694 715 1742 Sat,
728 1693 751 1755 2,
765 1693 790 1754 8,
826 1690 887 1754 ficet
903 1703 967 1740 vera
984 1690 1088 1752 dicunt,
1112 1693 1355 1754 quimercedem

266 1767 298 1818 to
310 1781 350 1832 sq.
374 1768 420 1819 Est
433 1769 523 1818 eutem
536 1767 668 1830 genitivus
679 1766 730 1818 loci
742 1779 792 1831 pc—
824 1767 961 1828 nmium
970 1765 1082 1816 dicer-tt?
1092 1781 1205 1818 --eemc
1214 1769 1355 1819 eetneeee-

265 1843 317 1892 tius
334 1855 416 1906 quarn
434 1841 544 1904 obiecti,
563 1855 612 1906 pro
629 1854 682 1905 quo
700 1854 715 1891 a
732 1839 792 1906 pie·
827 1841 976 1890 menineret
991 1841 1085 1891 dietiem
1101 1855 1152 1891 esee
1162 1855 1180 1892 a
1192 1843 1222 1904 0.
1236 1843 1318 1894 Baete
1328 1845 1355 1894 te

265 1919 356 1980 risque
375 1915 440 1967 saiso
457 1917 586 1978 habetur,
613 1917 705 1979 utsii,
730 1916 790 1979 equi
827 1913 967 1964 verbumst
977 1915 1041 1964 xm.
1054 1915 1191 1967 nemim
1203 1917 1355 1969 hiemem

266 1991 696 2056 medopatrenidictitarrideat‚
710 1990 791 2042 modo
827 2001 875 2050 eui¹
909 1990 977 2038 satie
1000 1995 1071 2041 cates
1098 1992 1192 2042 verant
1219 1997 1301 2042 aetate
1327 1994 1355 2044 te

265 2067 353 2130 ipsum
371 2065 517 2116 derideat.»
553 2067 606 2117 Sed
623 2065 732 2116 obstant
748 2065 789 2116 vei
828 2061 955 2127 amuda?
972 2065 1097 2128 Nequeas
1114 2066 1203 2129 itaque
1218 2068 1354 2118 transitive

264 2154 307 2191 vv.
321 2141 356 2190 sic
374 2145 463 2190 arcum
476 2141 560 2190 diuitis
575 2141 674 2192 iona:
694 2153 791 2204 quam-
828 2137 920 2188 dicere
942 2151 1033 2188 cerere
1052 2151 1136 2200 voees,
1159 2142 1189 2190 ut
1209 2154 1244 2191 ne
1266 2141 1354 2193 dicam

264 2229 346 2280 quam
363 2215 478 2265 efferunt
494 2217 547 2265 sat.
562 2217 588 2276 t,
602 2215 632 2278 t,
645 2217 745 2267 87-89.
764 2218 792 2266 et
828 2214 988 2264 senteutiam
1013 2214 1098 2278 ipsum
1124 2213 1195 2266 clare
1220 2211 1255 2266 τὸ
1279 2217 1356 2267 iteret

264 2292 382 2339 Senecae
398 2288 485 2340 iocum
497 2290 580 2353 Epist.
592 2289 639 2340 27:
658 2291 744 2340 Suasit
754 2289 791 2339 iiii
828 2287 973 2350 flagitare.»
991 2289 1083 2338 anrn.
1104 2315 1131 2324 -
1150 2291 1267 2340 ccdextie
1282 2289 1354 2356 tuttit]

266 2362 380 2426 (Sabino)
392 2364 509 2413 Setettiae
525 2365 684 2426 Quadratae,
702 2363 791 2414 stette-
829 2360 993 2413 «excidentia
1011 2366 1039 2412 et
1056 2367 1158 2415 temere
1175 2362 1277 2429 prelata
1294 2379 1356 2417 sue·

263 2449 323 2486 men
339 2438 444 2487 divitica
461 2450 605 2500 errator,
624 2443 661 2500 et,
679 2439 792 2499 quotae·
829 2435 891 2498 cipit
907 2449 955 2501 pro
974 2438 1101 2490 mirandis
1121 2441 1233 2505 propter
1253 2440 1356 2491 testivi-

265 2513 365 2573 quum,
392 2514 536 2573 aeriter,
560 2517 596 2574 et,
615 2515 681 2575 qaod
697 2513 792 2563 duabus
829 2513 912 2562 tatem
929 2525 961 2562 ac
978 2511 1124 2577 teporem.»
1143 2516 1235 2565 Senon.

264 2587 792 2652 itsudiuaetseaeet‚derieor,at9rem·
862 2585 903 2636 43.
917 2586 958 2639 ti.
976 2589 1240 2656 eeecc--myietch
1258 2591 1356 2654 «apie-

263 2661 369 2710 metiens
387 2660 487 2712 haberet
504 2661 640 2712 cneteetee.
666 2661 718 2713 Sed
731 2662 759 2712 h.
772 2660 790 2712 l.
828 2675 888 2726 aare
899 2661 989 2727 alique
1001 2663 1121 2714 cete.»
1140 2665 1215 2730 (app.
1228 2667 1253 2726 ἱ,
1268 2667 1354 2730 tto.)

265 2735 362 2785 deieer
379 2737 421 2786 est
437 2736 474 2796 is,
494 2737 569 2786 cuius
581 2736 657 2800 quasi
675 2737 791 2787 oiiicium
831 2763 858 2774 «-
872 2737 977 2801 dictate]
1000 2733 1036 2789 eci
1052 2732 1353 2806 ἀποστοματιζόμενα,

266 2813 325 2861 erat
341 2813 447 2861 ceteros
459 2823 567 2860 scurras
578 2813 658 2875 atque
671 2811 791 2872 umbras,
829 2809 893 2862 Piat.
910 2812 1025 2876 Euthyd.
1043 2827 1069 2878 p.
1082 2814 1140 2864 276.
1154 2815 1184 2865 C.
1204 2815 1258 2866 Cic.
1271 2815 1306 2866 ad
1322 2818 1353 2877 Q.

265 2885 389 2935 homines
407 2886 487 2936 etiem
504 2884 644 2946 absentes.
664 2886 741 2936 dictis
753 2885 793 2936 ta·
829 2886 860 2936 ir.
873 2888 916 2937 iii.
931 2889 958 2948 t.
976 2887 1005 2948 i,
1026 2889 1070 2939 tt:
1089 2901 1172 2939 emere
1189 2889 1354 2954 (amionem)

265 2961 330 3010 cetis
358 2962 385 3011 et
413 2959 585 3011 mordacibus
619 2960 791 3022 traducendi,
828 2961 856 3010 ie
877 2961 948 3011 were
964 2963 1001 3024 (L.
1023 2962 1147 3014 Pisonem
1167 2963 1354 3030 Caesoninnm)

264 3047 318 3098 quo
332 3035 487 3086 convivator
499 3037 583 3098 etqui
596 3037 669 3099 parts
682 3036 793 3087 aderant
825 3036 900 3098 pueri
925 3049 1009 3086 maaet
1028 3041 1160 3100 tamquam
1184 3039 1281 3090 dictate
1295 3053 1356 3102 per-

264 3110 428 3160 condieicnts
440 3109 659 3160 exhilararentur.
680 3112 793 3174 Compa—
828 3111 933 3161 discent.
949 3139 977 3148 -
989 3111 1101 3176 reddere]
1115 3111 1153 3162 Ci.
1167 3112 1202 3163 ad
1213 3113 1279 3178 Epp.
1293 3114 1317 3174 t,
1329 3116 1353 3176 t,

228 3229 240 3245 ,
264 3184 363 3236 raudus
381 3187 423 3236 est
439 3198 501 3237 eum
518 3186 570 3236 noc
587 3187 703 3250 parasito
722 3186 793 3235 The-
829 3185 1210 3248 ee.cic.dert.n.t,ae‚72:
1228 3188 1355 3238 Isteeein

264 3259 472 3322 substinent.
492 3263 520 3310 et
537 3260 741 3324 x.r‚t28sqq.
763 3287 790 3296 -
829 3273 847 3308 u
864 3259 1356 3324 urbinataeidtctutcreddtsttenqeee

263 3334 361 3397 emme]
373 3335 428 3384 Cic.
441 3335 571 3396 Parada,
583 3335 629 3386 ³9:
642 3335 793 3386 Hereditatis
829 3334 955 3396 speeiem
974 3335 1083 3386 oecitees
1102 3336 1245 3386 dedecuit
1260 3341 1304 3386 eet.
1325 3364 1353 3375 -

263 3421 365 3472 sceau
376 3421 449 3471 essert
471 3415 577 3460 eutem
593 3409 721 3472 manicis
737 3410 792 3460 orbi
824 3414 913 3471 partes
926 3410 1032 3459 micam
1046 3411 1297 3476 vectereeecrerdm]
1316 3413 1355 3462 De

263 3485 329 3534 secie
345 3497 395 3534 ece
416 3483 550 3534 meeum?
568 3482 738 3549 Pseudcpiut.
757 3484 791 3535 de
829 3485 918 3534 mimis
942 3486 1051 3549 proprie
1074 3484 1152 3536 dictis
1168 3487 1354 3550 accipiendum

264 3559 342 3609 edne.
356 3571 432 3622 puer.
446 3557 493 3609 tt:
512 3555 653 3622 Κόλακες,
673 3560 704 3609 οἱ
720 3556 792 3632 πρὸς
828 3562 893 3624 pute
917 3559 1005 3623 potius
1031 3571 1113 3624 quam
1139 3559 1173 3610 de
1199 3561 1351 3612 comoedis:

264 3629 297 3684 τὸ
320 3627 377 3682 τῶν
400 3630 546 3684 πλουσίων
567 3632 660 3700 νεῦμα
678 3631 790 3700 ζῶντες.
829 3645 891 3684 nem
905 3633 1357 3699 (actoritecwtdensepnrtiaensere

267 3737 293 3746 -
312 3709 408 3773 tonet]
432 3710 523 3758 etanta
541 3721 604 3759 curn
621 3708 791 3761 observantia
829 3707 941 3758 cautibus
964 3709 1048 3758 minis
1064 3709 1195 3771 peneus
1217 3710 1354 3772 aeneam

264 3797 373 3835 omnem
390 3785 494 3848 patrum
513 3787 606 3835 nutum
626 3786 790 3849 exsequitur,
829 3785 859 3834 ut
884 3783 921 3835 eit
937 3785 1031 3835 Festus
1056 3785 1082 3834 in
1099 3785 1178 3835 &teu
1193 3797 1235 3836 res
1250 3797 1278 3850 p.
1296 3785 1353 3836 326.

264 3858 790 3924 quasieumuttyrannumreiormidet.»
829 3857 916 3910 itueii.
943 3860 968 3909 is
990 3859 1069 3922 igitur
1086 3861 1239 3910 necessario
1256 3873 1356 3924 perpe-

265 3935 344 3984 -Sic
355 3935 419 3996 cet]
431 3936 498 3984 «Pro
510 3933 585 3984 iterat
595 3933 792 3985 uccesBarthius
829 3935 890 3984 tuus
915 3935 991 3998 quasi
1016 3935 1167 3985 assentator
1183 3935 1282 3984 actoris
1298 3935 1356 3998 pri·

264 4021 297 4058 ex
314 4009 511 4071 vetustissimo,
530 4013 560 4059 ut
576 4011 679 4071 narrat,
698 4009 791 4062 codice
828 4020 934 4059 merum
956 4009 1071 4074 partium
1093 4009 1150 4058 erat
1169 4011 1250 4072 atque
1267 4009 1355 4059 tinim-

265 4082 347 4132 Advv.
360 4082 402 4144 ³8,
415 4082 456 4134 as.
470 4083 591 4136 exhibet:
614 4083 793 4136 Quemne-
828 4082 871 4132 tor
896 4083 1011 4133 maxime
1031 4085 1122 4146 gestu,
1150 4083 1195 4146 qui
1212 4083 1354 4147 primariae

262 4169 316 4216 ces,
335 4157 386 4208 hcc
398 4161 451 4220 est,
470 4159 515 4220 ait,
530 4171 624 4211 «veras
636 4171 718 4212 voces
729 4173 790 4212 esse
828 4167 960 4220 personae
971 4156 1063 4208 verbis
1073 4158 1101 4208 et
1111 4156 1231 4221 gestibus
1241 4169 1356 4221 respen-

263 4230 345 4292 iubet,
356 4231 458 4284 caicato
466 4247 516 4284 suc
524 4233 671 4286 verificat-
689 4233 790 4287 Battum
828 4230 913 4282 deret.
940 4233 1027 4296 Atque
1048 4229 1149 4284 betium
1173 4231 1259 4283 hahes
1275 4229 1355 4283 huius

263 4319 329 4358 saue
354 4308 505 4370 homiuem,
532 4311 577 4373 qni
596 4311 650 4362 tam
668 4323 746 4362 caseo
764 4311 791 4360 et
827 4307 980 4360 imitationis
990 4305 1142 4372 exemptum
1153 4308 1179 4358 in
1189 4307 1355 4359 sustene*
