3090 4974
330 389 391 456 744
699 453 701 460 y
812 392 942 446 nonani

372 551 489 638 Sperat
511 547 612 624 idem,
637 546 733 615 sudet
755 547 888 614 multum
910 546 1093 637 frustraque
1115 548 1241 616 laboret

371 673 478 738 Ausus
493 669 603 758 idem:
628 678 750 736 tantum
771 669 875 736 series
897 670 1112 758 iuncturaque
1135 669 1250 759 pollet,

372 794 506 859 Tantum
529 790 571 858 de
593 790 701 859 medio
723 791 860 880 sumptis
882 792 1010 860 accedit
1030 791 1170 859 bonoria.

372 911 467 981 Silvis
490 911 621 980 deducti
643 921 779 980 caveant
799 932 852 979 me
875 911 982 982 iudice
1004 913 1121 990 Fauni,

371 1037 419 1100 Ne
440 1031 529 1100 velut
551 1033 648 1102 innati
670 1033 772 1100 triviis
794 1053 833 1101 ac
854 1055 960 1122 paene
981 1034 1128 1102 forenses
1359 1035 1413 1100 att

371 1158 433 1223 Aut
454 1155 587 1222 nimium
610 1153 729 1222 teneris
752 1155 944 1222 iuvenentur
964 1155 1114 1224 versibus
1137 1176 1300 1245 unquam,

395 1391 453 1445 243.
472 1393 570 1444 accedet
586 1393 606 1442 'l
623 1391 730 1455 allique.
749 1417 779 1429 -
798 1391 856 1442 ill.
874 1393 955 1444 educti
972 1391 1026 1444 duo
1044 1391 1129 1444 codd.
1149 1391 1232 1454 Feae,
1251 1393 1282 1444 ut
1300 1393 1388 1444 conie-

363 1469 399 1518 cit
414 1466 563 1528 Markland,
582 1479 637 1530 quo
654 1467 765 1518 auctore
782 1468 885 1531 recepit
901 1466 1015 1518 Schelle.

331 1656 421 1707 tatio.»
447 1655 501 1706 Sed
521 1655 566 1719 qui
588 1655 627 1705 sio
648 1654 856 1717 enarraverunt,
896 1667 928 1706 ex
954 1667 1007 1706 uno
1032 1655 1060 1705 in
1085 1653 1201 1706 alterum
1225 1655 1336 1719 tempus
1358 1655 1417 1706 leret

330 1731 368 1781 uti
379 1732 432 1780 iam
444 1729 506 1790 dixi,
519 1743 572 1779 non
585 1729 648 1780 satia
661 1729 855 1794 expenderunt,
896 1729 1031 1780 transitus.
1055 1755 1083 1766 ·-
1109 1728 1219 1793 lenem]
1246 1741 1318 1793 «per
1342 1741 1417 1794 genoe

331 1806 366 1856 ita
387 1805 452 1856 satie
474 1803 632 1856 inconcinne
652 1803 708 1865 bie,
733 1817 778 1853 vv.
794 1805 858 1854 225-
896 1803 1002 1856 dicendi
1020 1801 1133 1867 simplex
1151 1816 1182 1853 ac
1194 1815 1306 1866 verum,
1325 1803 1418 1856 aedu-

330 1877 400 1938 239„
418 1891 566 1941 rursusque
578 1891 622 1928 vv.
636 1876 758 1928 tlt-atto.
771 1876 806 1927 de
818 1878 859 1929 la·
896 1891 959 1928 men
984 1877 1104 1928 attidioee
1133 1875 1319 1940 eleboratum,
1346 1890 1418 1940 argu-

331 1950 410 2003 bulae
436 1953 568 2016 satyricae
592 1965 718 2003 sermone
736 1953 859 2001 acturum
897 1955 988 2003 mento
1005 1953 1086 2002 etiam
1103 1963 1237 2016 perquam
1256 1956 1324 2002 noto
1342 1963 1418 2003 novus

332 2027 413 2078 luisse
439 2027 595 2087 Horatium,
629 2027 672 2088 pel
697 2026 733 2076 nil
756 2025 861 2076 occider
897 2026 1001 2077 accedit
1010 2026 1263 2078 ornatum-Satis
1273 2025 1379 2077 urbane
1389 2025 1416 2074 ad

219 2123 222 2128 ·
331 2103 421 2164 inepte.
448 2102 581 2152 «Omnino
602 2112 750 2163 aequamur
765 2101 792 2149 in
808 2100 860 2150 hoe
897 2099 1110 2151 h.l.Wieland:
1137 2101 1210 2150 Dicae
1231 2101 1309 2151 Stella
1325 2101 1419 2152 irim

332 2187 432 2240 genere
449 2173 537 2238 leges,
556 2187 623 2238 quae
641 2175 734 2224 Graeci
751 2174 859 2237 eapien—
896 2175 1076 2240 merlrwdrdip.
1095 2174 1137 2224 ste
1152 2174 1418 2226 eotbdtteimondeu

333 2249 601 2308 tercoustituerunt,
629 2249 674 2310 qui
695 2247 729 2298 ab
747 2261 780 2298 eo
797 2247 860 2297 vitio
897 2262 1025 2314 pressea
1058 2249 1233 2311 llpateriec
1257 2249 1305 2299 der
1330 2252 1417 2310 Kena,

332 2325 463 2388 imprimis
481 2321 531 2374 sibl
543 2324 686 2383 caverunt,
706 2321 861 2373 nedecide-
897 2323 987 2374 welche
994 2324 1080 2374 Horon
1091 2324 1420 2387 panameeicbtlioteae·

333 2399 392 2449 rent
409 2399 435 2448 in
452 2409 537 2461 genus
552 2396 658 2446 dicendi
673 2399 807 2448 comicum
819 2398 861 2447 at·
898 2399 1040 2449 eebeoetzec
1056 2397 1153 2461 diane,
1172 2398 1233 2448 eloe
1244 2398 1353 2460 Foroba
1370 2400 1419 2448 dore

333 2485 387 2536 que
404 2469 521 2531 humile,
541 2481 705 2534 quamquam
724 2472 787 2521 item
805 2473 860 2520 tam
898 2487 927 2524 er
943 2468 1151 2538 αωιἍμυήτοις
1165 2478 1243 2523 awos
1257 2475 1419 2526 carretae·

333 2543 447 2610 simplex
464 2546 492 2598 et
508 2547 626 2595 nativum
644 2557 706 2595 esse
718 2545 814 2607 debet,
831 2547 862 2595 ut
898 2547 968 2599 lube.

249 2663 256 2686 ,
333 2618 486 2672 lacillimum
504 2620 613 2684 quidem
632 2621 715 2671 cuivis
729 2620 860 2680 videatur,
932 2622 1069 2675 alt-atto.
1096 2624 1172 2674 Stieis
1188 2621 1296 2688 much]
1315 2637 1330 2674 a
1348 2625 1419 2688 pcata

333 2709 396 2747 cum
420 2693 533 2749 multum
557 2692 678 2746 laborem
696 2693 861 2758 multamque
899 2700 926 2748 in
943 2711 1061 2749 scenam.
1089 2699 1139 2759 Qui
1160 2698 1318 2763 praeierunt
1336 2697 1418 2756 edwii,

333 2769 423 2821 limam
434 2769 577 2835 requirat.»
596 2768 686 2821 Paeoal
693 2769 860 2830 amoena:
900 2772 1032 2837 explicant
1049 2773 1202 2834 «educam»
1223 2773 1253 2822 ut
1268 2773 1343 2837 Virg.
1360 2777 1418 2824 Aen.

334 2847 380 2896 Les
388 2844 595 2896 meilleurelicree
605 2843 863 2906 emtceecpoeeta·
899 2847 930 2908 6,
949 2847 1015 2896 tet:
1040 2848 1135 2899 lidocet
1160 2846 1281 2912 (Silvium
1307 2847 1419 2908 Lavinia}

334 2921 563 2983 mememorato,
577 2920 639 2982 pou
649 2919 861 2983 carcitpufoire.
898 2921 967 2970 ailoe
982 2933 1067 2986 repen
1082 2935 1221 2986 reponique
1233 2929 1376 2985 pawn.
1395 2949 1417 2958 -

337 3020 363 3030 -
377 2995 466 3056 Spe-et
478 2995 542 3044 idern
559 2994 621 3059 cet]
640 2992 765 3045 Similiter
776 2989 863 3058 οἷμον
900 2995 982 3045 Fauni
1003 2997 1110 3060 proprie
1127 2997 1293 3060 respondent
1310 3001 1420 3049 Graeco-

334 3069 425 3134 poesis
442 3069 601 3133 Euripideee
624 3068 800 3120 Archimedes
813 3067 863 3117 de·
899 3083 960 3121 rum
980 3071 1111 3130 Panisos,
1139 3073 1185 3134 qul
1206 3085 1268 3124 eum
1288 3073 1378 3124 Sileno
1393 3083 1420 3120 ae

337 3141 430 3192 scribit
438 3141 542 3193 anthol.
553 3140 634 3193 Pelet.
645 3145 665 3193 1.
677 3157 703 3208 p.
715 3143 776 3192 aut:
791 3141 862 3207 Λείη
900 3146 1001 3208 Satyris
1010 3147 1132 3210 perpetui
1138 3146 1236 3198 Bacchi
1242 3147 1358 3198 comites
1366 3147 1419 3197 sunt

334 3216 388 3282 μὲν
398 3212 453 3288 γὰρ
469 3215 538 3268 ἰδεῖν
551 3217 776 3289 καὶέπικροτος·
787 3211 862 3282 dede
901 3219 942 3282 (cl.
956 3218 1004 3270 Od.
1018 3219 1048 3279 3,
1063 3221 1103 3280 ⁴8,
1118 3221 1152 3282 t.)
1171 3221 1214 3271 bic
1230 3222 1323 3272 autem
1337 3222 1420 3272 mani·

334 3305 377 3354 τις
386 3287 643 3363 αὐτὴνΕἰσβαινῃ,
661 3291 788 3352 χαλεποῦ
799 3307 864 3364 epp-
901 3292 969 3343 leeto
996 3293 1076 3344 iidem
1098 3299 1162 3345 sunt
1182 3297 1262 3358 atque
1279 3297 1377 3359 Satyri.
1396 3321 1418 3330 -

336 3368 442 3438 χυτέρη
452 3365 641 3430 cantionem·
649 3369 724 3418 sem'ee
734 3369 864 3418 tenctero-
900 3369 950 3428 Ne,
962 3369 1028 3418 celet
1039 3369 1121 3418 innoti
1132 3369 1214 3419 triviis
1224 3368 1288 3434 eet]
1304 3371 1348 3422 «in
1359 3368 1419 3419 urbe

335 3443 395 3508 poe]
421 3443 475 3493 Cir.
494 3457 536 3492 vv.
550 3441 582 3493 te
594 3454 654 3506 sqq.
678 3470 706 3478 —
732 3445 763 3494 de
782 3445 863 3496 oeedio
900 3443 988 3501 nati;·
1007 3443 1130 3494 sedcum
1142 3444 1260 3508 quodam
1272 3447 1419 3509 contemptu

336 3515 448 3581 compto]
465 3517 641 3582 opponuntur
651 3519 786 3578 capabile.
806 3520 860 3568 Cic.
900 3517 997 3568 dicitur
1014 3517 1048 3569 de
1062 3517 1202 3582 plebecula
1214 3518 1332 3578 arbaim
1347 3531 1420 3582 paene

336 3592 407 3642 Orat.
425 3591 470 3652 49,
491 3591 552 3642 tei:
582 3591 661 3642 Verbo
684 3593 788 3657 dependo
806 3598 863 3643 aunt
898 3593 1021 3656 screares,
1041 3594 1182 3644 «continuo
1194 3595 1334 3646 versantes
1348 3595 1374 3643 in
1385 3592 1418 3642 io-

331 3665 696 3729 potieeimmnbeneaooontie,
709 3668 861 3729 sedeanoc,
901 3681 967 3729 ro»,
986 3669 1181 3732 eireemsmooei
1198 3669 1346 3730 Ciceronis,
1368 3667 1419 3718 erle

335 3746 363 3789 ut
377 3743 480 3803 poetae,
498 3741 625 3803 accubito
647 3741 681 3790 cd
702 3754 804 3802 mum,
821 3743 864 3792 sed
900 3744 1011 3792 moroni
1020 3741 1101 3794 Caelii
1111 3743 1173 3807 (Cic.
1185 3743 1220 3794 ad
1229 3741 1417 3806 Fem.8,l,l.i.

334 3822 435 3879 canpto
450 3817 481 3866 de
495 3817 585 3868 medio.
604 3842 633 3852 —
656 3817 764 3880 accedit]
793 3818 863 3867 ·Bo-
900 3813 1416 3889 dyopecreaoll’latonielcratyl.p.l⁰8.

336 3891 406 3942 thius
424 3904 457 3942 ex
469 3890 553 3942 Codd.
568 3889 661 3941 maluit
678 3893 784 3952 accedet,
797 3905 864 3955 quc·
901 3893 940 3954 Α).
961 3893 1066 3954 «Fauni,
1083 3893 1165 3944 iidem
1174 3896 1256 3958 atque
1264 3893 1418 3943 Graecorum

336 3965 407 4016 niam
432 3969 511 4030 poeta
542 3979 573 4018 se
600 3978 789 4029 aggressurum
815 3965 864 4017 ali·
901 3968 1003 4031 Satml,
1026 3967 1140 4032 quibua,
1160 3969 1191 4017 ut
1206 3965 1363 4018 Theocriteo
1378 3975 1419 4027 ge-

336 4038 444 4102 quando
461 4041 607 4105 promittat.
631 4039 684 4090 Sed
701 4041 768 4091 baec
778 4041 862 4092 verba
901 4042 972 4102 neri,
996 4043 1123 4094 convenit
1137 4043 1213 4093 Nota
1228 4041 1324 4092 mace
1339 4044 1363 4091 et
1373 4051 1418 4102 pe·

337 4114 363 4164 in
385 4114 540 4166 universum
565 4115 702 4177 dicuntur,
726 4117 754 4166 et
769 4117 864 4166 cecedit
901 4117 1014 4180 rorata,
1033 4130 1099 4180 paee
1113 4131 1165 4167 eoo
1182 4117 1267 4180 [mea
1281 4115 1365 4174 medo,
1381 4123 1418 4161 re·

337 4186 434 4238 eodem
458 4189 515 4240 iure
538 4203 592 4253 quo
608 4189 684 4252 pollet
700 4191 863 4242 servandum
900 4205 960 4242 mm
980 4192 1062 4254 pm
1085 4192 1163 4242 morit
1178 4191 1265 4242 aeden
1279 4187 1418 4254 nfoeuidul

337 4263 405 4312 est.»
416 4263 488 4312 itan.
509 4265 596 4327 Atque
607 4266 801 4328 ingratissimus
814 4265 863 4318 iste
903 4264 1017 4330 (Quintil.
1033 4265 1073 4330 to,
1087 4268 1111 4330 t,
1124 4265 1190 4330 ob),
1208 4264 1313 4318 dnobus
1328 4261 1416 4314 natue
