3082 4968
568 437 628 488 um.
647 438 666 488 Ι.
702 439 770 490 sir.
789 439 831 490 ix.
1181 439 1243 507 449

196 591 280 668 4444,
304 589 451 678 inquam,
476 590 553 658 mihi
575 592 649 660 eris.
684 594 800 662 Misere
824 593 995 664 discedere
1017 617 1197 686 quaerens,

195 712 245 778 444
267 711 367 779 inodo
389 714 496 792 ocius,
522 713 681 782 interdum
704 717 897 796 consistere,
924 718 956 785 in
978 739 1090 786 eurem

194 833 310 900 Dicere
333 835 444 902 nescio
467 834 547 924 quid
568 856 688 923 puero,
714 857 788 904 cum
810 839 912 906 sudor
934 839 976 906 ed
999 841 1081 908 imos
1199 843 1241 909 40

194 956 337 1023 44444444
358 955 449 1024 telos.
493 958 592 1036 044,
616 959 753 1036 Belem,
778 960 905 1030 cerebri

216 1117 240 1166 0.
260 1119 323 1167 Ρ444
347 1117 418 1168 hunc
440 1130 549 1168 versum
567 1118 658 1170 Codex
676 1119 694 1169 d
717 1119 808 1171 delicit
824 1134 910 1186 usque
927 1121 962 1173 ud
979 1124 1032 1174 Set.
1053 1123 1098 1186 40,
1118 1125 1158 1177 re.
1179 1153 1206 1164 —

185 1191 224 1242 40.
239 1205 329 1254 puero.
358 1193 560 1244 cim-telos:
579 1195 600 1244 0
617 1199 640 1244 44
656 1193 774 1245 distinxit
790 1195 933 1246 Bentleine.
954 1223 982 1234 -·
1002 1198 1042 1247 44.
1062 1199 1159 1251 Belcae
1178 1214 1206 1266 p,

182 1266 286 1318 64444444
310 1266 435 1330 Aldinae,
462 1269 523 1320 LCt.
553 1268 692 1332 (4404444444
718 1269 774 1322 lere
797 1284 892 1324 omnes
912 1273 1008 1324 34444444
1024 1286 1087 1326 cum
1103 1276 1209 1328 4444444

183 1340 311 1393 habenta
328 1343 431 1406 44444444.)

150 1463 215 1514 certi
240 1463 340 1515 homini
361 1461 475 1516 44444444
501 1465 674 1532 promittitur,
715 1467 785 1529 444444,
811 1469 933 1532 inquam,
959 1474 1043 1520 4444444
1067 1469 1148 1522 teceri
1170 1473 1240 1524 44444-

149 1538 178 1586 44
194 1537 250 1588 4444
268 1551 335 1589 nes:
363 1539 600 1590 84444404404444
626 1539 677 1589 Ol>-
713 1545 764 1592 4444.
800 1542 875 1594 Conl.
894 1543 970 1595 44444
995 1545 1070 1597 Ture.
1089 1547 1131 1596 lll.
1150 1559 1177 1612 p.
1196 1548 1237 1600 70.

148 1611 331 1676 0444444444444
347 1613 430 1665 444444.
445 1617 518 1666 Pers.
532 1616 561 1676 44,
582 1615 609 1678 4,
628 1613 674 1668 rt:
713 1617 740 1666 et
759 1617 800 1668 82.
820 1644 849 1653 -
867 1619 949 1668 Pluris
969 1617 1034 1684 Hoc]
1050 1619 1110 1671 vlu.
1131 1621 1185 1673 Sat.
1207 1622 1237 1685 4,

149 1687 254 1750 04444444,
274 1689 438 1750 4444444444,
456 1689 582 1752 campio.
606 1688 673 1740 llud.
713 1690 741 1753 4,
755 1688 796 1741 te.
815 1693 885 1742 Dum
895 1693 1054 1758 respondet:
1074 1697 1200 1760 «propter
1210 1694 1238 1746 id

147 1761 177 1824 4,
195 1761 226 1825 4,
246 1763 274 1812 l:
293 1764 676 1828 44444444444044444444444
712 1766 800 1829 ipsum
822 1765 896 1830 quod
919 1766 1014 1818 doctus
1032 1781 1076 1830 44,
1104 1770 1134 1819 44
1156 1768 1237 1831 dicis,

146 1837 232 1898 444444,
249 1838 375 1888 mutieres.
710 1837 795 1902 pluris
812 1841 838 1890 44
860 1841 986 1902 inclem-
1012 1842 1086 1894 44444
1107 1842 1241 1908 significet

177 1911 252 1962 6-43.
280 1913 348 1964 Num
364 1913 426 1974 quid
440 1912 511 1978 4444]
530 1915 675 1977 Postquam
711 1925 741 1964 se
759 1927 822 1964 eum
839 1927 892 1965 nen
910 1916 960 1966 nisi
977 1917 1085 1967 nemine
1103 1930 1193 1969 444444.
1206 1943 1234 1954 -

146 1987 203 2050 ipse
221 1987 304 2048 44444,
323 1989 353 2038 44
369 1987 492 2052 putebat,
519 1988 620 2038 homini
637 1989 675 2039 44-
710 1989 808 2051 uisere]
835 2003 868 2040 ex
886 2003 937 2042 444
957 1991 1111 2055 quotidiano
1130 1992 1157 2042 ln
1178 1990 1238 2059 pie·

145 2059 286 2124 gnifiecret
307 2059 407 2112 nullum
432 2075 543 2126 prorsus
568 2075 598 2114 44
624 2064 675 2114 444-
710 2065 801 2128 risque
819 2064 959 2116 4444444444
974 2067 1236 2130 praeeminentes,

145 2133 211 2186 bere
229 2149 294 2186 cnm
311 2150 344 2186 4ο
361 2134 531 2201 colloquendi
549 2149 672 2200 causum,
710 2140 821 2190 nimium
842 2142 998 2204 quantum.»
1022 2141 1065 2192 Sic
1080 2141 1238 2192 dicitureni-

146 2207 187 2259 ille
205 2213 299 2260 temen
310 2211 418 2262 44444444
429 2210 498 2264 letus
510 2213 582 2276 tegit,
600 2211 672 2264 nude
709 2227 763 2264 4444
776 2227 877 2275 entare,
895 2215 942 2278 qui
957 2215 1136 2266 vehementer
1152 2217 1233 2266 44444.

145 2283 267 2336 molestie
285 2299 315 2336 44
336 2284 450 2336 liberare
468 2287 579 2350 cupiens
602 2287 673 2338 comi
710 2290 815 2338 Terent.
836 2288 918 2340 Andr.
940 2289 968 2350 3,
988 2289 1020 2351 4,
1044 2288 1094 2341 tu:
1122 2289 1234 2352 84444444,

145 2359 312 2412 valedicendi
330 2360 441 2412 termule
454 2364 545 2416 utitur.
571 2364 614 2414 Sic
625 2364 673 2414 Te·
710 2377 788 2426 pum
808 2365 898 2415 44444444
919 2365 986 2415 lanc
1006 2365 1110 2416 44444444.
1139 2365 1233 2417 444444.

145 2436 212 2486 rent.
227 2435 438 2497 Ε444.4,3,40;
456 2451 533 2502 rope,
550 2438 673 2500 numquid
708 2440 737 2502 4,
757 2441 787 2502 4,
808 2440 855 2491 364
881 2441 1236 2494 4444444444444444444444444444-

143 2509 210 2560 ndu.
246 2509 669 2578 140044(48644044944Η44),4’440444’4.
707 2517 800 2580 940400.
835 2515 1004 2568 44010441
1031 2517 1122 2568 Histro
1142 2517 1233 2579 6444446-

144 2585 216 2636 4444.
253 2584 336 2637 Pleut.
353 2586 478 2638 4444444444.
498 2600 523 2638 v.
536 2588 602 2638 572:
625 2589 672 2638 Ps-
708 2589 787 2640 44444.
808 2591 928 2646 -,4444444
939 2590 1097 2656 -tntcr-dwn]
1110 2589 1235 2642 simililer

145 2675 196 2714 444.
232 2663 362 2726 Numquid
382 2662 442 2714 cin?
466 2666 564 2714 044444..
592 2663 673 2714 Ateus
707 2665 760 2715 snt.
781 2665 810 2726 4,
835 2665 880 2726 40,
905 2665 932 2714 44
958 2677 1020 2729 sqq.
1046 2663 1097 2716 sihi
1118 2678 1233 2730 respon-

143 2737 264 2788 444444444.
294 2739 345 2789 Ter
361 2737 489 2804 deinceps
510 2739 578 2789 44444
597 2737 672 2790 4444-
708 2740 772 2790 dent
787 2740 970 2802 niodo-saepe,
992 2741 1231 2790 nendo-interdum.

145 2811 252 2864 dicendi
273 2811 386 2864 44444444
412 2812 508 2877 legitur
533 2815 560 2864 in
585 2813 668 2866 Pinut.
708 2815 783 2866 Conl.
807 2813 884 2864 Hend
907 2815 983 2864 Ture.
1005 2815 1048 2864 444.
1071 2827 1098 2878 p.
1118 2812 1166 2865 647
1189 2825 1231 2878 sq.

143 2887 222 2938 Cure.
248 2885 277 2949 4,
303 2888 328 2938 2.
352 2889 386 2950 (v.
409 2888 451 2938 30.
475 2889 516 2940 36.
535 2889 596 2952 394,
623 2889 669 2940 ubi
709 2913 736 2926 -
750 2891 778 2940 444
793 2890 891 2954 auran]
907 2889 999 2953 4444444
1011 2888 1103 2939 444444
1114 2886 1179 2951 quid
1190 2899 1233 2938 44-

142 2961 323 3026 respondetur
338 2963 405 3014 444444
415 2963 472 3014 cate
483 2965 510 3014 et
526 2963 671 3026 Valentem
707 2967 781 3015 crete
799 2963 959 3015 manderem
984 2962 1147 3028 pedisequo,
1177 2973 1232 3025 qun

141 3037 217 3088 444444.
259 3036 334 3088 Coni.
362 3037 437 3088 llnnd
467 3038 543 3088 Turs.
570 3038 612 3088 lv.
639 3051 666 3102 p.
705 3040 801 3090 4444444
823 3038 960 3089 hominem
985 3036 1116 3089 insulsum
1139 3035 1232 3100 abige·

142 3111 198 3162 340.
211 3110 271 3162 344.
286 3110 428 3176 -44444441
447 3113 669 3178 «praeveniehe-
706 3127 779 3174 rem,
802 3110 931 3163 simulans
952 3110 1060 3176 aliquod
1081 3111 1146 3162 444444
1169 3123 1231 3162 4444

141 3187 245 3238 minem
255 3199 368 3250 rogans,
380 3190 526 3251 antequam
538 3186 579 3238 ille
592 3186 669 3253 quid·
705 3200 786 3252 greve
803 3186 966 3250 negotium·
987 3211 1015 3222 -
1032 3187 1096 3236 Post
1108 3197 1135 3234 v.
1149 3197 1232 3247 putum

141 3275 222 3327 quem
251 3263 312 3326 post
338 3261 453 3326 primum
481 3260 667 3313 salutationem
703 3261 783 3327 plene
792 3259 1033 3326 interpungendum
1042 3259 1232 3310 censuitBent·

141 3337 277 3388 dixerat.»
305 3363 333 3372 -
359 3337 436 3388 404444
460 3337 518 3401 nm]
545 3334 667 3401 Plerique
705 3336 772 3387 leius
798 3337 825 3386 et
850 3335 987 3399 Reisigius.
1030 3335 1086 3386 Non
1109 3333 1228 3394 uceed0;

141 3411 253 3475 iungunt
280 3421 344 3461 cnm
377 3423 420 3462 vv.
449 3411 579 3472 4444444444
608 3409 668 3462 uir?
705 3425 767 3462 nem
784 3413 896 3476 prepter
911 3409 983 3462 illem
1000 3411 1087 3474 ipsam
1103 3408 1231 3474 despera·

141 3486 211 3538 -lloc
228 3485 322 3550 cupio,
348 3486 379 3536 44
401 3487 428 3537 in
451 3488 525 3536 444444
547 3487 667 3538 notitiem
705 3488 819 3548 tionem,
846 3498 916 3551 quue
939 3485 1067 3538 sudorem
1089 3485 1115 3536 ei
1140 3485 1231 3552 expri-

139 3560 323 3623 perveniam·
341 3559 395 3610 sed
412 3573 474 3612 cum
492 3558 534 3610 ille
546 3573 621 3612 mera
633 3561 668 3612 444
704 3561 809 3624 memet,
828 3561 1014 3614 insusurrebut
1029 3559 1127 3626 eliqrrid
1144 3561 1171 3610 in
1183 3573 1231 3623 pe-

140 3633 268 3695 lormnln,
298 3635 325 3684 in
349 3647 402 3698 que
426 3633 569 3688 4444444444
594 3635 666 3686 44444
704 3637 808 3702 disequt
833 3649 936 3688 eurem.
966 3665 993 3674 -
1018 3638 1091 3698 044,
1119 3631 1229 3699 lictum]

140 3711 180 3760 444
197 3709 253 3759 inm
270 3709 412 3772 respicitur
434 3709 480 3772 (444
497 3708 583 3774 probe
596 3710 667 3760 4444-
704 3713 835 3774 «Utinam,
862 3725 957 3763 secum
973 3713 1021 3772 444,
1048 3713 1103 3760 tum
1125 3709 1231 3758 4444444444

140 3783 185 3834 bnt
202 3784 285 3835 etiem
304 3781 389 3845 niter),
407 3785 539 3848 praestet,
558 3784 665 3848 opiner,
704 3789 732 3837 et
747 3787 889 3838 cerebrosus
913 3787 991 3850 (quse
1008 3799 1050 3836 vv.
1070 3783 1153 3834 iunxit
1174 3783 1228 3832 iem

140 3858 307 3922 disiungere,
325 3858 356 3908 44
372 3859 418 3908 sit:
438 3858 502 3910 «Vix
519 3856 596 3909 444444·
607 3858 666 3910 lieri
703 3859 836 3924 Lucilius),
853 3855 992 3926 μανικός,
1012 3857 1168 3920 3444444444,
1187 3868 1230 3908 44·

139 3935 241 3998 petest,
260 3945 343 3996 quem
360 3935 390 3982 ut
405 3932 454 3984 tibi
470 3934 523 3984 inm
535 3932 667 3998 aliquete-
702 3949 775 3996 sem,
794 3949 876 4000 quem
889 3935 936 3986 iult
951 3931 1078 3984 Bclnnusl
1098 3931 1153 3996 (qni
1164 3924 1229 3996 ὀξύ-

139 4023 189 4062 nus
200 4011 281 4060 notus
291 4009 352 4060 sim.
382 4007 440 4073 (044
455 4009 575 4062 44444444
589 4011 667 4060 mici
702 4008 792 4074 χολος
809 4009 904 4060 4444444
918 4009 1032 4072 ineptias
1044 4005 1161 4068 terebat,
1179 4006 1229 4057 sed

134 4085 171 4146 444
194 4083 273 4134 well
300 4083 443 4148 4444444444.)
482 4085 550 4134 Nem
579 4083 665 4137 doctis
702 4086 791 4136 stetim
811 4083 854 4136 vel
878 4082 1022 4134 infaciem
1039 4081 1162 4145 quemvis
1184 4093 1230 4132 re-

140 4171 187 4222 egc
212 4171 322 4223 qnoque
348 4157 542 4210 adnumerum
567 4185 595 4196 -
619 4159 666 4210 llic
702 4157 888 4225 prehendebnt
903 4155 946 4208 vel
964 4157 998 4207 de
1016 4169 1049 4206 eo
1065 4155 1128 4220 quid
1145 4155 1230 4206 senti·

140 4232 350 4298 epo--tnpucml
370 4233 425 4285 Cic.
441 4233 475 4286 de
494 4235 613 4297 Fiunt,
632 4235 662 4298 3,
701 4237 744 4286 ret
754 4247 808 4284 non
820 4230 984 4284 dissimulate
1002 4230 1119 4283 dicebat.
1141 4231 1226 4282 Coun.

141 4307 169 4360 l:
194 4309 240 4360 4444
264 4309 348 4373 (Tuum
365 4321 426 4373 cpe,
444 4309 592 4373 Pourpentrts
609 4310 664 4373 4444-
702 4309 757 4371 Cn.)
783 4309 830 4372 qui
855 4306 1013 4360 iamdudum
1038 4304 1227 4368 exclamasset,
