3130 4966
657 397 787 448 Hortarii
804 395 984 448 sarmatiam

673 907 970 972 amn·

280 1063 532 1131 Ambubaiarum
554 1060 705 1152 collegia,
729 1057 1016 1164 pharmacopolae,

280 1184 433 1263 llendioi,
456 1184 588 1260 mimae,
613 1180 812 1258 balatrones,
838 1179 899 1248 hoe
920 1201 1023 1268 genus
1046 1204 1142 1251 omne

281 1307 438 1374 Maestum
460 1325 498 1374 ac
520 1303 689 1372 sollicitum
712 1312 762 1370 est
784 1302 924 1370 cantoris
947 1313 1049 1372 morte
1072 1304 1197 1394 Tigelli:

314 1516 345 1565 11.
381 1514 481 1564 satirae
499 1512 578 1562 buius
596 1511 677 1562 cardo
695 1511 807 1562 vertitur
842 1509 922 1561 better
943 1511 989 1562 der
1004 1513 1135 1564 lleucbut
1155 1514 1183 1563 tu
1204 1514 1260 1564 doru
1276 1515 1370 1564 Graues

282 1588 306 1638 in
325 1600 350 1636 v.
369 1583 414 1638 al:
442 1587 510 1636 mm
533 1587 616 1637 uitam
638 1586 707 1637 etuti
727 1586 805 1647 ottiu,
843 1585 1370 1639 moraturiuuuirmuuberueuom

280 1663 307 1712 tu
323 1662 456 1712 contrado
470 1665 589 1721 currum
608 1661 807 1712 cuiuesenten·
842 1659 944 1710 heieu
960 1660 1111 1714 dudum
1128 1662 1212 1712 durau
1232 1663 1284 1725 W.)
1319 1665 1370 1714 Pa-

283 1735 334 1787 liae
351 1738 425 1787 varia
437 1733 558 1800 exempla
571 1749 633 1787 oum
649 1736 807 1801 proposuis·
842 1746 905 1784 rum
921 1732 1069 1799 probabilis
1085 1738 1128 1786 est
1142 1735 1326 1788 Walckeuaeri
1340 1737 1367 1800 [l.

282 1815 324 1863 set
334 1825 378 1862 vr.
392 1811 475 1872 t-ai,
494 1811 559 1873 iam,
578 1814 609 1861 ut
619 1810 733 1861 eandem
745 1823 809 1861 con·
843 1822 869 1875 p.
884 1810 932 1860 aaa
943 1810 994 1874 sq.)
1007 1811 1110 1874 opinio,
1125 1812 1300 1876 praecipuum
1312 1813 1368 1864 lio·

282 1888 371 1938 armet
381 1889 461 1949 atque
473 1884 569 1937 clarius
580 1882 700 1948 illustret,
713 1887 809 1936 transit
844 1885 902 1935 ratii
919 1883 1059 1936 consilium
1071 1884 1166 1946 luisse,
1186 1887 1216 1935 ut
1226 1885 1325 1938 acerbe
1337 1888 1372 1937 ir·

283 1961 318 2012 ad
343 1959 506 2011 deridendos
531 1961 714 2011 matronarum
732 1973 809 2010 moe·
843 1957 945 2010 rideret
962 1971 1014 2009 non
1027 1959 1115 2024 ipsum
1127 1958 1237 2024 quidem
1249 1961 1370 2012 Octavia-

282 2037 362 2096 ohos,
382 2036 517 2085 amatores
534 2034 716 2086 libertinarum
734 2035 807 2086 domi
843 2045 908 2084 num
927 2033 987 2096 (boc
1004 2034 1076 2084 euim
1093 2033 1172 2085 nimis
1190 2033 1370 2099 periculosum

282 2123 347 2160 suae
375 2109 530 2172 degentium
558 2123 591 2160 ac
618 2123 668 2161 suo
694 2122 807 2175 corpore
844 2107 962 2157 laturum
986 2105 1075 2170 luisse)
1099 2110 1127 2158 at
1148 2107 1291 2174 plerosque
1313 2109 1371 2160 eiua

282 2187 424 2248 quaestum
433 2198 481 2236 suo
490 2198 539 2250 pro
547 2183 632 2236 lubitu
643 2184 805 2247 iacientium,
843 2181 959 2241 amicos,
994 2181 1188 2245 Curionum,
1223 2182 1366 2234 Salustium

282 2259 445 2310 adventores
479 2259 595 2322 donique
633 2259 807 2310 meretricum
843 2257 984 2318 aurorem,
998 2255 1121 2319 Galbam,
1135 2255 1254 2319 Villium,
1274 2259 1368 2310 Cedu-

281 2332 428 2396 rolgarium
439 2337 466 2384 et
482 2347 497 2384 a
514 2333 656 2386 lenonibus
672 2334 807 2385 interdum
844 2332 933 2393 thum,
947 2331 1128 2383 Maecenatem
1138 2332 1189 2383 sub
1200 2333 1262 2384 licto
1274 2331 1371 2385 llaltini

282 2406 325 2458 val
343 2409 502 2459 nutrituram
519 2409 661 2472 (iurand,
685 2408 747 2459 32⁰:
771 2409 808 2458 le-
845 2406 962 2456 nomine.
977 2407 1077 2457 Franks
1090 2419 1116 2471 p.
1130 2407 1171 2458 89.
1182 2407 1253 2458 bano
1262 2407 1371 2458 satiram

281 2495 376 2533 nouum
386 2481 523 2546 cucillae),
536 2481 578 2534 vel
588 2485 693 2535 mutum
702 2483 752 2536 sub
762 2497 809 2534 uo·
844 2481 879 2531 ad
891 2493 915 2530 a.
926 2480 1077 2533 rainelmi
1088 2483 1244 2534 etomnium
1255 2483 1370 2547 primam

284 2561 354 2608 ctam
366 2557 401 2607 ad
410 2555 606 2620 quaesticulum
617 2557 769 2610 laciendum
781 2559 807 2610 in
845 2555 957 2608 fortasse
967 2569 1029 2608 esse
1038 2556 1110 2619 dicit,
1121 2559 1298 2622 compositam
1309 2558 1371 2608 aute

284 2629 356 2682 cellis
367 2631 402 2681 ab
419 2630 468 2682 illis
479 2631 620 2684 conductis
635 2635 808 2698 exceptorum
845 2631 989 2683 amicitiam
1001 2643 1063 2682 cum
1078 2632 1232 2682 Maecenate
1244 2633 1370 2683 iunctam.

179 2720 186 2732 ·
285 2707 383 2770 (iuven.
394 2707 419 2767 6,
430 2707 489 2756 tii:
503 2707 655 2758 bruneam
665 2708 810 2760 iurndtmtt·
845 2704 951 2756 Scilicet
961 2707 984 2758 is
996 2718 1104 2770 quoque
1113 2707 1141 2756 ln
1152 2703 1257 2756 Maltino
1269 2707 1373 2758 Maece-

283 2781 808 2849 teutspuettae.),atqueadtriplioisbuius
845 2783 935 2832 uatem
950 2782 1021 2845 tangi
1039 2781 1174 2846 opinatur,
1193 2792 1246 2843 qua
1263 2780 1298 2831 de
1316 2781 1372 2846 opi·

283 2855 390 2920 generis
414 2858 592 2909 scortatorum
616 2871 728 2923 parem,
759 2861 808 2912 etsi
845 2858 925 2907 nione
947 2867 1057 2920 prorsus
1080 2853 1250 2919 improbabili
1277 2857 1371 2920 postea

284 2930 419 2981 diversam
441 2929 577 2982 stultitiam
598 2932 807 2998 traducendam,
845 2931 1020 2982 disseremus.
1060 2931 1117 2980 lam
1140 2941 1210 2980 anuo
1233 2929 1291 2980 7⁴3.
1311 2942 1371 2981 eam

284 3007 319 3054 ita
337 3005 439 3066 tamen,
458 3007 489 3055 ut
503 3005 614 3059 iuvenes
625 3008 808 3074 maximopere
846 3006 973 3070 scriptam
996 3005 1071 3068 putat
1087 3004 1231 3056 Grotelend
1248 3004 1370 3068 sutrina

285 3079 320 3130 ab
343 3077 480 3132 adulteriis
502 3095 564 3136 oum
586 3084 715 3135 metronis
733 3098 809 3136 com·
846 3079 935 3144 lauti.
954 3081 978 3130 d.
995 3079 1026 3130 H.
1040 3092 1067 3144 p.
1081 3079 1105 3128 9.
1118 3079 1159 3129 29.
1197 3079 1309 3131 Frankio
1325 3092 1372 3130 ac-

285 3155 421 3207 mittendis
432 3156 599 3209 dehortetur.
629 3160 687 3220 Quo
699 3159 809 3224 quidem
846 3153 1031 3207 ceditWeher
1047 3165 1074 3218 p.
1095 3153 1151 3204 tw.

284 3231 311 3281 in
328 3234 485 3294 argumento
497 3245 550 3283 nou
561 3234 619 3284 sine
631 3232 729 3285 lasciva
742 3247 810 3298 qua-
880 3232 903 3281 t.
917 3227 1125 3292 ambulaturam]
1139 3227 1321 3280 uimbubaiae
1333 3228 1372 3279 di-

284 3304 348 3356 dam
359 3305 503 3370 petulantia
515 3305 625 3358 liberius
637 3309 808 3373 exspatiatum
847 3307 944 3357 cuntur
954 3303 1081 3356 mulieres
1093 3303 1215 3356 tibicinae
1227 3303 1315 3369 lingua
1324 3307 1372 3370 Sy-

285 3378 313 3429 id
330 3379 403 3442 quod
425 3381 516 3443 negari
540 3381 645 3444 nequit,
673 3393 724 3432 nec
744 3395 810 3432 vero
845 3392 939 3430 rorum
962 3391 977 3428 a
1001 3391 1025 3427 v.
1045 3375 1123 3440 alud,
1149 3377 1252 3442 uribid,
1280 3379 1371 3431 tibia.»

285 3453 320 3504 ab
338 3453 384 3514 iis,
409 3455 454 3517 qui
471 3452 567 3516 Plauti,
592 3453 696 3518 Lucilli,
716 3454 809 3506 Catulli
846 3456 938 3504 Sauos.
979 3452 1048 3502 Cum
1072 3454 1161 3503 scortis
1185 3457 1373 3506 consociantur

284 3526 384 3579 similes
407 3529 480 3580 iocos
505 3530 689 3591 meminerint,
715 3544 811 3596 repre·
846 3527 918 3592 apud
942 3527 1013 3578 Suet.
1037 3529 1099 3578 Ner.
1124 3529 1164 3578 Ἡ.
1190 3531 1246 3581 lov.
1265 3531 1295 3592 3,
1320 3530 1371 3580 62:

286 3601 366 3652 bandi
378 3602 468 3654 debet.
487 3605 573 3667 Atque
586 3604 638 3655 hoo
650 3604 736 3668 ipsum
748 3618 811 3669 pro-
844 3604 899 3654 lum
911 3603 1012 3667 pridem
1029 3603 1102 3668 (inde
1121 3617 1136 3654 a
1154 3604 1260 3657 deuicto
1277 3606 1372 3657 Audo-

285 3677 386 3728 tervius
408 3681 594 3742 argumentum
617 3679 709 3742 utique
731 3677 809 3744 longe
846 3679 910 3739 cho,
930 3678 985 3728 Liv.
1003 3677 1048 3740 39,
1068 3679 1102 3742 6.)
1126 3679 1207 3741 surra
1222 3681 1250 3729 iu
1267 3677 1373 3730 ruerus

284 3751 438 3803 uberiorem
457 3751 560 3804 ridiculi
579 3753 720 3804 materiem
742 3759 810 3819 poa·
846 3754 951 3817 dulim
963 3752 1067 3804 Orontea
1082 3753 1116 3804 lit
1126 3753 1240 3820 Mpuum
1256 3758 1279 3804 et
1292 3765 1374 3804 morer

286 3829 327 3876 toe
345 3825 508 3890 praebebat,
527 3840 609 3891 quam
620 3828 642 3879 si
653 3831 716 3893 post
726 3843 752 3878 v.
765 3829 807 3879 ΞΤ.
845 3833 869 3880 et
885 3841 943 3878 crura
959 3827 1058 3878 ubiotm
1073 3829 1180 3878 chordas
1194 3828 1313 3891 Obliquus
1327 3841 1373 3878 occ

284 3899 359 3965 plura
376 3903 517 3964 praeterea
529 3905 724 3955 contrariorum
735 3904 810 3955 vitio-
845 3917 896 3954 uou
911 3903 1016 3968 partilio
1032 3909 1156 3966 tpnupuuu
1171 3915 1254 3953 aecum
1269 3903 1340 3953 Vuolt
1350 3909 1373 3954 et

285 3988 345 4026 rum
363 3975 484 4040 exempla
503 3974 606 4040 aliaque
624 3977 748 4030 stultitiae
765 3991 810 4043 ge·
845 3980 881 4028 ud
892 3979 992 4029 Circum
1002 3979 1084 4029 iussus
1090 3983 1210 4042 prostare
1219 3977 1324 4040 mullus.
1342 4003 1370 4014 -

285 4062 362 4110 nera,
380 4049 556 4102 ambitionem
573 4052 637 4116 puta
653 4051 697 4103 vel
717 4057 809 4104 trucu-
846 4055 960 4120 complu]
980 4055 1084 4111 iocose,
1103 4055 1180 4118 quasi
1196 4053 1293 4105 harum
1311 4067 1372 4106 mu-

284 4123 406 4186 lentiam,
427 4127 541 4176 tractare
553 4127 725 4191 perrexisset.
744 4128 810 4192 (ttet-
847 4127 1017 4181 liencularum
1038 4140 1146 4192 greges,
1174 4129 1273 4192 quibus
1292 4141 1373 4193 prae-

284 4199 322 4263 eip
344 4199 422 4262 fluitet
443 4200 470 4250 iu
493 4201 572 4252 dieser
596 4202 680 4253 Satira
703 4217 754 4254 nur
770 4204 810 4255 die
847 4205 924 4256 erant
938 4201 1060 4262 lenones,
1080 4205 1172 4254 assent
1188 4217 1221 4255 ex
1242 4205 1272 4254 iis
1290 4201 1373 4254 colle-

285 4273 355 4325 ctae
373 4275 498 4327 Tcndeuz:
516 4277 587 4340 Spott
603 4276 664 4328 iiber
680 4279 720 4330 die
732 4279 809 4330 iltor-
846 4280 895 4343 giis
913 4291 934 4330 s.
955 4275 1088 4331 sodaliciis
1106 4279 1234 4341 QVIBVS,
1254 4280 1283 4329 ut
1294 4279 1335 4328 est
1347 4279 1372 4330 in
