<?xml version="1.0" encoding="UTF-8"?>
<!DOCTYPE html PUBLIC "-//W3C//DTD XHTML 1.0 Transitional//EN"
    "http://www.w3.org/TR/xhtml1/DTD/xhtml1-transitional.dtd">
<html xmlns="http://www.w3.org/1999/xhtml" xml:lang="en" lang="en">
 <head>
  <title>
</title>
<meta http-equiv="Content-Type" content="text/html;charset=utf-8" />
  <meta name='ocr-system' content='tesseract 3.04.00' />
  <meta name='ocr-capabilities' content='ocr_page ocr_carea ocr_par ocr_line ocrx_word'/>
</head>
<body>
  <div class='ocr_page' id='page_1' title='image "./qhoratiusflaccu01baitgoog_0473.png"; bbox 0 0 3192 4974; ppageno 0'>
   <div class='ocr_carea' id='block_1_1' title="bbox 285 411 1016 475">
    <p class='ocr_par' dir='ltr' id='par_1_1' title="bbox 285 411 1016 475">
     <span class='ocr_line' id='line_1_1' title="bbox 285 411 1016 475; baseline -0.012 0"><span class='ocrx_word' id='word_1_1' title='bbox 285 411 348 475; x_wconf 76' lang='grc'>4544</span> <span class='ocrx_word' id='word_1_2' title='bbox 649 415 777 465; x_wconf 84' lang='grc'>44004444</span> <span class='ocrx_word' id='word_1_3' title='bbox 796 413 1016 467; x_wconf 81' lang='lat' dir='ltr'><strong>arrsrouaanu</strong></span> 
     </span>
    </p>
   </div>
   <div class='ocr_carea' id='block_1_2' title="bbox 329 570 1218 1025">
    <p class='ocr_par' dir='ltr' id='par_1_2' title="bbox 329 570 1191 660">
     <span class='ocr_line' id='line_1_2' title="bbox 329 570 1191 660; baseline 0 -23"><span class='ocrx_word' id='word_1_4' title='bbox 329 573 486 637; x_wconf 77' lang='lat' dir='ltr'><strong>Strenuus</strong></span> <span class='ocrx_word' id='word_1_5' title='bbox 509 581 542 635; x_wconf 90' lang='lat' dir='ltr'>et</span> <span class='ocrx_word' id='word_1_6' title='bbox 563 571 651 637; x_wconf 93' lang='lat' dir='ltr'><strong>lortis</strong></span> <span class='ocrx_word' id='word_1_7' title='bbox 674 573 847 660; x_wconf 84' lang='lat' dir='ltr'><strong>causisque</strong></span> <span class='ocrx_word' id='word_1_8' title='bbox 870 570 1035 659; x_wconf 87' lang='lat' dir='ltr'><strong>Philippus</strong></span> <span class='ocrx_word' id='word_1_9' title='bbox 1057 573 1191 659; x_wconf 81' lang='lat' dir='ltr'><strong>agendis</strong></span> 
     </span>
    </p>

    <p class='ocr_par' dir='ltr' id='par_1_3' title="bbox 329 691 1094 760">
     <span class='ocr_line' id='line_1_3' title="bbox 329 691 1094 760; baseline -0.001 -1"><span class='ocrx_word' id='word_1_10' title='bbox 329 691 442 759; x_wconf 83' lang='lat' dir='ltr'><strong>Clarus</strong></span> <span class='ocrx_word' id='word_1_11' title='bbox 465 691 505 757; x_wconf 90' lang='lat' dir='ltr'>ab</span> <span class='ocrx_word' id='word_1_12' title='bbox 528 691 641 759; x_wconf 83' lang='lat' dir='ltr'><strong>officiis</strong></span> <span class='ocrx_word' id='word_1_13' title='bbox 663 701 810 760; x_wconf 86' lang='lat' dir='ltr'><strong>octavam</strong></span> <span class='ocrx_word' id='word_1_14' title='bbox 833 693 960 760; x_wconf 75' lang='lat' dir='ltr'><strong>circiter</strong></span> <span class='ocrx_word' id='word_1_15' title='bbox 981 692 1094 760; x_wconf 92' lang='lat' dir='ltr'><strong>horam</strong></span> 
     </span>
    </p>

    <p class='ocr_par' dir='ltr' id='par_1_4' title="bbox 330 813 1218 1025">
     <span class='ocr_line' id='line_1_4' title="bbox 330 813 1200 902; baseline 0.005 -24"><span class='ocrx_word' id='word_1_16' title='bbox 330 815 415 880; x_wconf 88' lang='lat' dir='ltr'>Dum</span> <span class='ocrx_word' id='word_1_17' title='bbox 438 813 521 881; x_wconf 92' lang='lat' dir='ltr'><strong>redit</strong></span> <span class='ocrx_word' id='word_1_18' title='bbox 544 825 641 902; x_wconf 89' lang='lat' dir='ltr'><strong>atque</strong></span> <span class='ocrx_word' id='word_1_19' title='bbox 664 817 747 881; x_wconf 85' lang='lat' dir='ltr'><strong>Foro</strong></span> <span class='ocrx_word' id='word_1_20' title='bbox 771 815 903 881; x_wconf 90' lang='lat' dir='ltr'><strong>nimium</strong></span> <span class='ocrx_word' id='word_1_21' title='bbox 926 815 1045 882; x_wconf 88' lang='lat' dir='ltr'><strong>distare</strong></span> <span class='ocrx_word' id='word_1_22' title='bbox 1069 816 1200 882; x_wconf 87' lang='lat' dir='ltr'><strong>Carinas</strong></span> 
     </span>
     <span class='ocr_line' id='line_1_5' title="bbox 330 935 1218 1025; baseline 0.002 -23"><span class='ocrx_word' id='word_1_23' title='bbox 330 939 397 1002; x_wconf 90' lang='lat' dir='ltr'>lam</span> <span class='ocrx_word' id='word_1_24' title='bbox 418 935 549 1022; x_wconf 85' lang='lat' dir='ltr'><strong>grandis</strong></span> <span class='ocrx_word' id='word_1_25' title='bbox 572 947 648 1003; x_wconf 91' lang='lat' dir='ltr'><strong>natu</strong></span> <span class='ocrx_word' id='word_1_26' title='bbox 671 939 831 1024; x_wconf 90' lang='lat' dir='ltr'><strong>queritur,</strong></span> <span class='ocrx_word' id='word_1_27' title='bbox 855 938 1037 1025; x_wconf 78' lang='lat' dir='ltr'><strong>conspexit,</strong></span> <span class='ocrx_word' id='word_1_28' title='bbox 1061 947 1097 1003; x_wconf 95' lang='lat' dir='ltr'><strong>ut</strong></span> <span class='ocrx_word' id='word_1_29' title='bbox 1118 937 1218 1014; x_wconf 87' lang='lat' dir='ltr'><strong>aiunt,</strong></span> 
     </span>
    </p>
   </div>
   <div class='ocr_carea' id='block_1_3' title="bbox 281 1227 1380 4351">
    <p class='ocr_par' dir='ltr' id='par_1_5' title="bbox 284 1227 1380 1964">
     <span class='ocr_line' id='line_1_6' title="bbox 286 1227 1379 1293; baseline 0.004 -15"><span class='ocrx_word' id='word_1_30' title='bbox 286 1229 331 1278; x_wconf 90' lang='lat' dir='ltr'>Ge.</span> <span class='ocrx_word' id='word_1_31' title='bbox 345 1229 372 1286; x_wconf 77' lang='lat'>2,</span> <span class='ocrx_word' id='word_1_32' title='bbox 392 1229 449 1277; x_wconf 75' lang='grc'>446.</span> <span class='ocrx_word' id='word_1_33' title='bbox 480 1227 527 1278; x_wconf 89' lang='lat' dir='ltr'><strong>Alii</strong></span> <span class='ocrx_word' id='word_1_34' title='bbox 546 1230 633 1278; x_wconf 86' lang='lat' dir='ltr'><strong>urinus</strong></span> <span class='ocrx_word' id='word_1_35' title='bbox 644 1231 718 1278; x_wconf 92' lang='lat' dir='ltr'><strong>recte</strong></span> <span class='ocrx_word' id='word_1_36' title='bbox 732 1229 813 1278; x_wconf 77' lang='lat' dir='ltr'><strong>notio·</strong></span> <span class='ocrx_word' id='word_1_37' title='bbox 851 1234 966 1278; x_wconf 81' lang='grc'>0440044440</span> <span class='ocrx_word' id='word_1_38' title='bbox 985 1241 1110 1292; x_wconf 74' lang='lat' dir='ltr'><strong>«semper</strong></span> <span class='ocrx_word' id='word_1_39' title='bbox 1124 1229 1150 1279; x_wconf 92' lang='lat' dir='ltr'>ln</span> <span class='ocrx_word' id='word_1_40' title='bbox 1167 1229 1254 1280; x_wconf 89' lang='lat' dir='ltr'><strong>causis</strong></span> <span class='ocrx_word' id='word_1_41' title='bbox 1269 1231 1379 1293; x_wconf 86' lang='lat' dir='ltr'><strong>agendis</strong></span> 
     </span>
     <span class='ocr_line' id='line_1_7' title="bbox 285 1301 1380 1367; baseline 0.003 -15"><span class='ocrx_word' id='word_1_42' title='bbox 285 1315 360 1352; x_wconf 76' lang='lat' dir='ltr'><strong>sumn</strong></span> <span class='ocrx_word' id='word_1_43' title='bbox 379 1301 519 1366; x_wconf 81' lang='lat' dir='ltr'><strong>explicant.</strong></span> <span class='ocrx_word' id='word_1_44' title='bbox 555 1301 593 1352; x_wconf 89' lang='lat' dir='ltr'>Cl.</span> <span class='ocrx_word' id='word_1_45' title='bbox 616 1302 663 1352; x_wconf 91' lang='lat' dir='ltr'>Od.</span> <span class='ocrx_word' id='word_1_46' title='bbox 686 1303 714 1362; x_wconf 76' lang='grc'>6,</span> <span class='ocrx_word' id='word_1_47' title='bbox 741 1302 770 1362; x_wconf 93' lang='grc'>6,</span> <span class='ocrx_word' id='word_1_48' title='bbox 797 1303 812 1351; x_wconf 84' lang='grc'>4</span> <span class='ocrx_word' id='word_1_49' title='bbox 851 1305 1034 1366; x_wconf 63' lang='lat' dir='ltr'><strong>occupatum»</strong></span> <span class='ocrx_word' id='word_1_50' title='bbox 1059 1303 1144 1367; x_wconf 80' lang='lat' dir='ltr'><strong>sortis,</strong></span> <span class='ocrx_word' id='word_1_51' title='bbox 1172 1305 1327 1356; x_wconf 70' lang='lat' dir='ltr'><strong>«animosus</strong></span> <span class='ocrx_word' id='word_1_52' title='bbox 1352 1309 1380 1357; x_wconf 91' lang='lat' dir='ltr'>et</span> 
     </span>
     <span class='ocr_line' id='line_1_8' title="bbox 285 1372 1380 1440; baseline 0.003 -13"><span class='ocrx_word' id='word_1_53' title='bbox 285 1390 344 1440; x_wconf 89' lang='lat' dir='ltr'><strong>sqq.</strong></span> <span class='ocrx_word' id='word_1_54' title='bbox 371 1403 397 1412; x_wconf 91' lang='lat'>-·</span> <span class='ocrx_word' id='word_1_55' title='bbox 416 1377 520 1437; x_wconf 83' lang='grc'>40444440]</span> <span class='ocrx_word' id='word_1_56' title='bbox 546 1372 605 1426; x_wconf 79' lang='grc'>40444</span> <span class='ocrx_word' id='word_1_57' title='bbox 629 1377 716 1426; x_wconf 88' lang='grc'>0444040</span> <span class='ocrx_word' id='word_1_58' title='bbox 740 1379 813 1426; x_wconf 90' lang='lat' dir='ltr'><strong>tran·</strong></span> <span class='ocrx_word' id='word_1_59' title='bbox 851 1376 954 1428; x_wconf 81' lang='lat' dir='ltr'><strong>validus</strong></span> <span class='ocrx_word' id='word_1_60' title='bbox 983 1377 1017 1426; x_wconf 92' lang='lat' dir='ltr'>ad</span> <span class='ocrx_word' id='word_1_61' title='bbox 1046 1377 1225 1428; x_wconf 88' lang='lat' dir='ltr'><strong>resistendum</strong></span> <span class='ocrx_word' id='word_1_62' title='bbox 1250 1379 1380 1431; x_wconf 86' lang='lat' dir='ltr'><strong>adversa-</strong></span> 
     </span>
     <span class='ocr_line' id='line_1_9' title="bbox 285 1449 1376 1516; baseline 0.003 -14"><span class='ocrx_word' id='word_1_63' title='bbox 285 1450 365 1516; x_wconf 87' lang='lat' dir='ltr'><strong>quilla</strong></span> <span class='ocrx_word' id='word_1_64' title='bbox 382 1455 445 1501; x_wconf 91' lang='lat' dir='ltr'><strong>sunt</strong></span> <span class='ocrx_word' id='word_1_65' title='bbox 462 1450 644 1516; x_wconf 71' lang='lat' dir='ltr'><strong>etpumia».</strong></span> <span class='ocrx_word' id='word_1_66' title='bbox 666 1453 718 1501; x_wconf 88' lang='lat' dir='ltr'><strong>Sat.</strong></span> <span class='ocrx_word' id='word_1_67' title='bbox 732 1453 762 1509; x_wconf 76' lang='grc'>6,</span> <span class='ocrx_word' id='word_1_68' title='bbox 781 1449 811 1512; x_wconf 90' lang='grc'>4,</span> <span class='ocrx_word' id='word_1_69' title='bbox 852 1453 926 1512; x_wconf 76' lang='lat' dir='ltr'><strong>riis»,</strong></span> <span class='ocrx_word' id='word_1_70' title='bbox 949 1453 1037 1516; x_wconf 88' lang='lat' dir='ltr'><strong>potius</strong></span> <span class='ocrx_word' id='word_1_71' title='bbox 1059 1465 1140 1515; x_wconf 86' lang='lat' dir='ltr'><strong>quum</strong></span> <span class='ocrx_word' id='word_1_72' title='bbox 1162 1454 1240 1503; x_wconf 88' lang='grc'>4040</span> <span class='ocrx_word' id='word_1_73' title='bbox 1263 1453 1376 1505; x_wconf 89' lang='lat' dir='ltr'><strong>militari.</strong></span> 
     </span>
     <span class='ocr_line' id='line_1_10' title="bbox 285 1525 1379 1590; baseline 0.003 -13"><span class='ocrx_word' id='word_1_74' title='bbox 285 1526 331 1578; x_wconf 83' lang='lat' dir='ltr'>3l:</span> <span class='ocrx_word' id='word_1_75' title='bbox 349 1527 423 1576; x_wconf 80' lang='grc'>040440</span> <span class='ocrx_word' id='word_1_76' title='bbox 436 1527 579 1576; x_wconf 77' lang='grc'>4044444004.</span> <span class='ocrx_word' id='word_1_77' title='bbox 602 1526 693 1576; x_wconf 87' lang='lat' dir='ltr'><strong>luven.</strong></span> <span class='ocrx_word' id='word_1_78' title='bbox 707 1527 735 1586; x_wconf 83' lang='lat'>6,</span> <span class='ocrx_word' id='word_1_79' title='bbox 749 1525 811 1575; x_wconf 72' lang='lat'><strong>296:</strong></span> <span class='ocrx_word' id='word_1_80' title='bbox 852 1527 931 1576; x_wconf 84' lang='lat' dir='ltr'><strong>Recte</strong></span> <span class='ocrx_word' id='word_1_81' title='bbox 941 1527 1031 1576; x_wconf 89' lang='lat' dir='ltr'><strong>tamen</strong></span> <span class='ocrx_word' id='word_1_82' title='bbox 1041 1525 1173 1578; x_wconf 85' lang='lat' dir='ltr'><strong>Obbarius</strong></span> <span class='ocrx_word' id='word_1_83' title='bbox 1183 1527 1300 1590; x_wconf 87' lang='lat' dir='ltr'><strong>adnotat,</strong></span> <span class='ocrx_word' id='word_1_84' title='bbox 1311 1529 1379 1580; x_wconf 89' lang='lat' dir='ltr'><strong>baec</strong></span> 
     </span>
     <span class='ocr_line' id='line_1_11' title="bbox 285 1599 1379 1665; baseline 0.002 -15"><span class='ocrx_word' id='word_1_85' title='bbox 285 1601 382 1651; x_wconf 79' lang='lat' dir='ltr'><strong>Miletos</strong></span> <span class='ocrx_word' id='word_1_86' title='bbox 397 1601 476 1661; x_wconf 78' lang='lat' dir='ltr'><strong>Atque</strong></span> <span class='ocrx_word' id='word_1_87' title='bbox 493 1605 641 1650; x_wconf 86' lang='grc'>0040004004</span> <span class='ocrx_word' id='word_1_88' title='bbox 658 1606 681 1650; x_wconf 91' lang='lat' dir='ltr'>et</span> <span class='ocrx_word' id='word_1_89' title='bbox 698 1600 815 1661; x_wconf 82' lang='grc' dir='ltr'>44οι04004</span> <span class='ocrx_word' id='word_1_90' title='bbox 852 1600 905 1650; x_wconf 92' lang='lat' dir='ltr'><strong>duo</strong></span> <span class='ocrx_word' id='word_1_91' title='bbox 922 1599 1052 1650; x_wconf 87' lang='lat' dir='ltr'><strong>adtectiva</strong></span> <span class='ocrx_word' id='word_1_92' title='bbox 1071 1613 1119 1664; x_wconf 91' lang='lat' dir='ltr'><strong>pro</strong></span> <span class='ocrx_word' id='word_1_93' title='bbox 1137 1601 1213 1650; x_wconf 90' lang='lat' dir='ltr'><strong>solita</strong></span> <span class='ocrx_word' id='word_1_94' title='bbox 1231 1604 1307 1665; x_wconf 88' lang='lat' dir='ltr'><strong>quasi</strong></span> <span class='ocrx_word' id='word_1_95' title='bbox 1321 1603 1379 1653; x_wconf 86' lang='lat' dir='ltr'><strong>lau-</strong></span> 
     </span>
     <span class='ocr_line' id='line_1_12' title="bbox 284 1671 1376 1738; baseline 0.001 -12"><span class='ocrx_word' id='word_1_96' title='bbox 284 1676 462 1736; x_wconf 79' lang='lat' dir='ltr'><strong>madidumaue</strong></span> <span class='ocrx_word' id='word_1_97' title='bbox 486 1676 627 1726; x_wconf 73' lang='lat' dir='ltr'><strong>Tarentum.</strong></span> <span class='ocrx_word' id='word_1_98' title='bbox 665 1675 760 1724; x_wconf 89' lang='lat' dir='ltr'><strong>Athen.</strong></span> <span class='ocrx_word' id='word_1_99' title='bbox 779 1671 812 1732; x_wconf 89' lang='grc'>4,</span> <span class='ocrx_word' id='word_1_100' title='bbox 852 1674 892 1724; x_wconf 89' lang='lat' dir='ltr'>dis</span> <span class='ocrx_word' id='word_1_101' title='bbox 910 1671 1021 1724; x_wconf 85' lang='lat' dir='ltr'><strong>formula</strong></span> <span class='ocrx_word' id='word_1_102' title='bbox 1039 1675 1135 1725; x_wconf 85' lang='lat' dir='ltr'><strong>usitata</strong></span> <span class='ocrx_word' id='word_1_103' title='bbox 1147 1675 1237 1726; x_wconf 85' lang='lat' dir='ltr'><strong>luisse.</strong></span> <span class='ocrx_word' id='word_1_104' title='bbox 1267 1677 1321 1726; x_wconf 81' lang='lat' dir='ltr'><strong>biv.</strong></span> <span class='ocrx_word' id='word_1_105' title='bbox 1335 1679 1376 1738; x_wconf 81' lang='lat' dir='ltr'>at,</span> 
     </span>
     <span class='ocr_line' id='line_1_13' title="bbox 285 1746 1379 1820; baseline 0.002 -20"><span class='ocrx_word' id='word_1_106' title='bbox 285 1751 330 1801; x_wconf 82' lang='lat' dir='ltr'>ot:</span> <span class='ocrx_word' id='word_1_107' title='bbox 350 1746 384 1800; x_wconf 79' lang='grc' dir='ltr'>τὸ</span> <span class='ocrx_word' id='word_1_108' title='bbox 400 1747 458 1800; x_wconf 80' lang='grc' dir='ltr'>τῶν</span> <span class='ocrx_word' id='word_1_109' title='bbox 474 1747 592 1800; x_wconf 77' lang='grc' dir='ltr'><em>ἰδιωτῶν</em></span> <span class='ocrx_word' id='word_1_110' title='bbox 613 1747 813 1820; x_wconf 73' lang='grc' dir='ltr'><strong><em>(Ταραντίνων)</em></strong></span> <span class='ocrx_word' id='word_1_111' title='bbox 851 1747 880 1798; x_wconf 80' lang='lat' dir='ltr'>l:</span> <span class='ocrx_word' id='word_1_112' title='bbox 899 1749 942 1798; x_wconf 82' lang='grc'>044</span> <span class='ocrx_word' id='word_1_113' title='bbox 959 1749 1019 1811; x_wconf 76' lang='lat' dir='ltr'><strong>quid</strong></span> <span class='ocrx_word' id='word_1_114' title='bbox 1034 1749 1135 1812; x_wconf 79' lang='grc'>40444404</span> <span class='ocrx_word' id='word_1_115' title='bbox 1151 1763 1183 1799; x_wconf 87' lang='lat' dir='ltr'>oo</span> <span class='ocrx_word' id='word_1_116' title='bbox 1194 1755 1293 1801; x_wconf 83' lang='grc'>44400440</span> <span class='ocrx_word' id='word_1_117' title='bbox 1303 1765 1379 1815; x_wconf 82' lang='grc'>0400-</span> 
     </span>
     <span class='ocr_line' id='line_1_14' title="bbox 285 1821 1376 1897; baseline 0.001 -24"><span class='ocrx_word' id='word_1_118' title='bbox 285 1821 397 1889; x_wconf 63' lang='grc'>044904</span> <span class='ocrx_word' id='word_1_119' title='bbox 421 1821 467 1875; x_wconf 84' lang='grc'>0404</span> <span class='ocrx_word' id='word_1_120' title='bbox 494 1827 557 1897; x_wconf 75' lang='lat' dir='ltr'><strong>napi</strong></span> <span class='ocrx_word' id='word_1_121' title='bbox 585 1826 743 1887; x_wconf 77' lang='grc' dir='ltr'><strong><em>συνουσίας</em></strong></span> <span class='ocrx_word' id='word_1_122' title='bbox 763 1823 814 1873; x_wconf 68' lang='lat' dir='ltr'>zat</span> <span class='ocrx_word' id='word_1_123' title='bbox 851 1825 911 1874; x_wconf 83' lang='lat' dir='ltr'><strong>dum</strong></span> <span class='ocrx_word' id='word_1_124' title='bbox 935 1829 1002 1874; x_wconf 81' lang='lat' dir='ltr'><strong>esset.</strong></span> <span class='ocrx_word' id='word_1_125' title='bbox 1046 1825 1148 1874; x_wconf 89' lang='lat' dir='ltr'><strong>Seneca</strong></span> <span class='ocrx_word' id='word_1_126' title='bbox 1174 1826 1255 1889; x_wconf 87' lang='lat' dir='ltr'><strong>Epist.</strong></span> <span class='ocrx_word' id='word_1_127' title='bbox 1276 1827 1320 1888; x_wconf 81' lang='grc'>74,</span> <span class='ocrx_word' id='word_1_128' title='bbox 1347 1827 1376 1876; x_wconf 81' lang='lat' dir='ltr'><strong>t:</strong></span> 
     </span>
     <span class='ocr_line' id='line_1_15' title="bbox 285 1897 1379 1964; baseline 0.002 -16"><span class='ocrx_word' id='word_1_129' title='bbox 285 1897 393 1962; x_wconf 77' lang='grc' dir='ltr'><strong><em>πότους</em></strong></span> <span class='ocrx_word' id='word_1_130' title='bbox 409 1899 495 1951; x_wconf 77' lang='grc' dir='ltr'>ἐστίν.</span> <span class='ocrx_word' id='word_1_131' title='bbox 849 1898 950 1948; x_wconf 70' lang='lat' dir='ltr'><strong>Amitae</strong></span> <span class='ocrx_word' id='word_1_132' title='bbox 971 1903 1056 1948; x_wconf 81' lang='grc'>4400404</span> <span class='ocrx_word' id='word_1_133' title='bbox 1077 1899 1188 1960; x_wconf 85' lang='lat' dir='ltr'><strong>Stoicus,</strong></span> <span class='ocrx_word' id='word_1_134' title='bbox 1215 1901 1287 1950; x_wconf 85' lang='grc'>40400</span> <span class='ocrx_word' id='word_1_135' title='bbox 1306 1913 1379 1964; x_wconf 86' lang='grc'>0440-</span> 
     </span>
    </p>

    <p class='ocr_par' dir='ltr' id='par_1_6' title="bbox 281 1963 1380 4351">
     <span class='ocr_line' id='line_1_16' title="bbox 317 1963 1379 2040; baseline 0.001 -16"><span class='ocrx_word' id='word_1_136' title='bbox 317 1973 406 2025; x_wconf 68' lang='lat' dir='ltr'><strong>test.</strong></span> <span class='ocrx_word' id='word_1_137' title='bbox 433 1976 556 2026; x_wconf 76' lang='grc'>8440044444</span> <span class='ocrx_word' id='word_1_138' title='bbox 577 1975 639 2040; x_wconf 83' lang='grc'>004]</span> <span class='ocrx_word' id='word_1_139' title='bbox 660 1975 731 2026; x_wconf 85' lang='lat' dir='ltr'><strong>llaec</strong></span> <span class='ocrx_word' id='word_1_140' title='bbox 750 1987 813 2024; x_wconf 89' lang='lat' dir='ltr'><strong>nar·</strong></span> <span class='ocrx_word' id='word_1_141' title='bbox 850 1963 912 2037; x_wconf 72' lang='grc' dir='ltr'>444ιὲ</span> <span class='ocrx_word' id='word_1_142' title='bbox 923 1979 960 2034; x_wconf 87' lang='grc'>04,</span> <span class='ocrx_word' id='word_1_143' title='bbox 978 1979 1007 2024; x_wconf 87' lang='grc'>04</span> <span class='ocrx_word' id='word_1_144' title='bbox 1021 1973 1103 2024; x_wconf 80' lang='lat' dir='ltr'><strong>uerbis</strong></span> <span class='ocrx_word' id='word_1_145' title='bbox 1119 1975 1201 2036; x_wconf 86' lang='grc'>444400,</span> <span class='ocrx_word' id='word_1_146' title='bbox 1221 1976 1308 2037; x_wconf 81' lang='grc'>4044444</span> <span class='ocrx_word' id='word_1_147' title='bbox 1324 1977 1379 2025; x_wconf 86' lang='grc'>4440-</span> 
     </span>
     <span class='ocr_line' id='line_1_17' title="bbox 285 2048 1380 2114; baseline 0.001 -15"><span class='ocrx_word' id='word_1_148' title='bbox 285 2048 432 2100; x_wconf 88' lang='lat' dir='ltr'><strong>ratiuncula</strong></span> <span class='ocrx_word' id='word_1_149' title='bbox 451 2053 485 2100; x_wconf 90' lang='grc'>440</span> <span class='ocrx_word' id='word_1_150' title='bbox 504 2063 566 2101; x_wconf 88' lang='grc'>0040</span> <span class='ocrx_word' id='word_1_151' title='bbox 588 2049 813 2114; x_wconf 79' lang='lat' dir='ltr'><strong>praecedentibus</strong></span> <span class='ocrx_word' id='word_1_152' title='bbox 851 2049 909 2098; x_wconf 83' lang='grc'>44044</span> <span class='ocrx_word' id='word_1_153' title='bbox 925 2050 1015 2113; x_wconf 78' lang='lat' dir='ltr'><strong>diguus</strong></span> <span class='ocrx_word' id='word_1_154' title='bbox 1030 2055 1079 2110; x_wconf 87' lang='lat' dir='ltr'><strong>est,</strong></span> <span class='ocrx_word' id='word_1_155' title='bbox 1105 2050 1218 2110; x_wconf 79' lang='grc'>4004004,</span> <span class='ocrx_word' id='word_1_156' title='bbox 1244 2051 1285 2100; x_wconf 86' lang='grc'>044</span> <span class='ocrx_word' id='word_1_157' title='bbox 1306 2051 1380 2114; x_wconf 75' lang='lat' dir='ltr'><strong>sortis</strong></span> 
     </span>
     <span class='ocr_line' id='line_1_18' title="bbox 285 2122 1375 2189; baseline 0 -15"><span class='ocrx_word' id='word_1_158' title='bbox 285 2127 465 2184; x_wconf 88' lang='lat' dir='ltr'><strong>connectitur,</strong></span> <span class='ocrx_word' id='word_1_159' title='bbox 485 2127 516 2174; x_wconf 92' lang='lat' dir='ltr'><strong>ut</strong></span> <span class='ocrx_word' id='word_1_160' title='bbox 531 2123 624 2174; x_wconf 87' lang='lat' dir='ltr'><strong>Volteii</strong></span> <span class='ocrx_word' id='word_1_161' title='bbox 637 2123 759 2189; x_wconf 87' lang='lat' dir='ltr'><strong>exemplo</strong></span> <span class='ocrx_word' id='word_1_162' title='bbox 772 2137 814 2174; x_wconf 89' lang='lat' dir='ltr'>sa·</span> <span class='ocrx_word' id='word_1_163' title='bbox 851 2137 882 2174; x_wconf 84' lang='lat' dir='ltr'><strong>oc</strong></span> <span class='ocrx_word' id='word_1_164' title='bbox 892 2129 1016 2174; x_wconf 83' lang='grc'>44400004.</span> <span class='ocrx_word' id='word_1_165' title='bbox 1047 2123 1121 2174; x_wconf 90' lang='lat' dir='ltr'><strong>Conl.</strong></span> <span class='ocrx_word' id='word_1_166' title='bbox 1135 2122 1171 2173; x_wconf 88' lang='lat' dir='ltr'>ad</span> <span class='ocrx_word' id='word_1_167' title='bbox 1181 2124 1228 2174; x_wconf 89' lang='lat' dir='ltr'>Od.</span> <span class='ocrx_word' id='word_1_168' title='bbox 1242 2123 1271 2184; x_wconf 97' lang='grc'>4,</span> <span class='ocrx_word' id='word_1_169' title='bbox 1288 2124 1316 2184; x_wconf 94' lang='grc'>4,</span> <span class='ocrx_word' id='word_1_170' title='bbox 1335 2126 1375 2176; x_wconf 81' lang='lat' dir='ltr'>aa.</span> 
     </span>
     <span class='ocr_line' id='line_1_19' title="bbox 285 2196 1378 2263; baseline 0.001 -16"><span class='ocrx_word' id='word_1_171' title='bbox 285 2199 317 2249; x_wconf 93' lang='lat' dir='ltr'>tis</span> <span class='ocrx_word' id='word_1_172' title='bbox 341 2196 429 2262; x_wconf 86' lang='lat' dir='ltr'><strong>lepido</strong></span> <span class='ocrx_word' id='word_1_173' title='bbox 452 2197 621 2250; x_wconf 85' lang='lat' dir='ltr'><strong>demonstret</strong></span> <span class='ocrx_word' id='word_1_174' title='bbox 643 2201 731 2248; x_wconf 90' lang='lat' dir='ltr'><strong>virum</strong></span> <span class='ocrx_word' id='word_1_175' title='bbox 747 2211 813 2261; x_wconf 90' lang='lat' dir='ltr'><strong>pru·</strong></span> <span class='ocrx_word' id='word_1_176' title='bbox 854 2225 880 2234; x_wconf 91' lang='lat'>-</span> <span class='ocrx_word' id='word_1_177' title='bbox 904 2203 1021 2248; x_wconf 83' lang='grc'>00400040</span> <span class='ocrx_word' id='word_1_178' title='bbox 1046 2197 1147 2247; x_wconf 83' lang='lat' dir='ltr'><strong>circiter</strong></span> <span class='ocrx_word' id='word_1_179' title='bbox 1171 2199 1274 2263; x_wconf 83' lang='grc'>404040]</span> <span class='ocrx_word' id='word_1_180' title='bbox 1301 2196 1378 2249; x_wconf 89' lang='lat' dir='ltr'><strong>nobis</strong></span> 
     </span>
     <span class='ocr_line' id='line_1_20' title="bbox 285 2270 1379 2337; baseline 0.003 -16"><span class='ocrx_word' id='word_1_181' title='bbox 285 2272 407 2333; x_wconf 83' lang='lat' dir='ltr'><strong>dentem,</strong></span> <span class='ocrx_word' id='word_1_182' title='bbox 426 2272 473 2323; x_wconf 88' lang='lat' dir='ltr'>ubi</span> <span class='ocrx_word' id='word_1_183' title='bbox 491 2285 554 2323; x_wconf 86' lang='lat' dir='ltr'><strong>casu</strong></span> <span class='ocrx_word' id='word_1_184' title='bbox 568 2272 656 2337; x_wconf 86' lang='lat' dir='ltr'><strong>aliquo</strong></span> <span class='ocrx_word' id='word_1_185' title='bbox 669 2270 814 2322; x_wconf 89' lang='lat' dir='ltr'><strong>collocetur</strong></span> <span class='ocrx_word' id='word_1_186' title='bbox 851 2273 920 2321; x_wconf 90' lang='lat' dir='ltr'><strong>inter</strong></span> <span class='ocrx_word' id='word_1_187' title='bbox 936 2270 1084 2322; x_wconf 90' lang='lat' dir='ltr'><strong>secundam</strong></span> <span class='ocrx_word' id='word_1_188' title='bbox 1107 2274 1134 2322; x_wconf 88' lang='lat' dir='ltr'>et</span> <span class='ocrx_word' id='word_1_189' title='bbox 1157 2273 1261 2322; x_wconf 81' lang='lat' dir='ltr'><strong>tertiam</strong></span> <span class='ocrx_word' id='word_1_190' title='bbox 1282 2285 1379 2337; x_wconf 88' lang='grc'>440040-</span> 
     </span>
     <span class='ocr_line' id='line_1_21' title="bbox 286 2345 1379 2410; baseline 0.002 -14"><span class='ocrx_word' id='word_1_191' title='bbox 286 2348 311 2397; x_wconf 90' lang='grc'>40</span> <span class='ocrx_word' id='word_1_192' title='bbox 324 2349 394 2396; x_wconf 87' lang='lat' dir='ltr'><strong>statu</strong></span> <span class='ocrx_word' id='word_1_193' title='bbox 406 2353 471 2397; x_wconf 87' lang='lat' dir='ltr'><strong>snae</strong></span> <span class='ocrx_word' id='word_1_194' title='bbox 483 2347 632 2398; x_wconf 87' lang='lat' dir='ltr'><strong>condicioni</strong></span> <span class='ocrx_word' id='word_1_195' title='bbox 643 2348 723 2410; x_wconf 88' lang='lat' dir='ltr'><strong>atque</strong></span> <span class='ocrx_word' id='word_1_196' title='bbox 739 2347 814 2409; x_wconf 91' lang='lat' dir='ltr'><strong>inge·</strong></span> <span class='ocrx_word' id='word_1_197' title='bbox 851 2345 987 2396; x_wconf 87' lang='lat' dir='ltr'><strong>ridtanam.</strong></span> <span class='ocrx_word' id='word_1_198' title='bbox 1002 2349 1088 2397; x_wconf 88' lang='lat' dir='ltr'><strong>Locus</strong></span> <span class='ocrx_word' id='word_1_199' title='bbox 1097 2346 1282 2410; x_wconf 81' lang='lat' dir='ltr'><strong>primariosde</strong></span> <span class='ocrx_word' id='word_1_200' title='bbox 1291 2348 1379 2398; x_wconf 84' lang='grc'>004440-</span> 
     </span>
     <span class='ocr_line' id='line_1_22' title="bbox 285 2419 1375 2484; baseline 0.002 -14"><span class='ocrx_word' id='word_1_201' title='bbox 285 2421 329 2471; x_wconf 89' lang='grc'>4440</span> <span class='ocrx_word' id='word_1_202' title='bbox 344 2423 431 2473; x_wconf 84' lang='grc'>404000</span> <span class='ocrx_word' id='word_1_203' title='bbox 445 2424 634 2484; x_wconf 86' lang='lat' dir='ltr'><strong>conveaiente,</strong></span> <span class='ocrx_word' id='word_1_204' title='bbox 656 2421 735 2472; x_wconf 88' lang='lat' dir='ltr'><strong>etlam</strong></span> <span class='ocrx_word' id='word_1_205' title='bbox 751 2433 813 2470; x_wconf 90' lang='lat' dir='ltr'><strong>cum</strong></span> <span class='ocrx_word' id='word_1_206' title='bbox 851 2434 903 2484; x_wconf 91' lang='lat' dir='ltr'>que</span> <span class='ocrx_word' id='word_1_207' title='bbox 920 2421 1003 2471; x_wconf 89' lang='lat' dir='ltr'><strong>horae</strong></span> <span class='ocrx_word' id='word_1_208' title='bbox 1018 2419 1195 2471; x_wconf 76' lang='lat' dir='ltr'><strong>destinatione</strong></span> <span class='ocrx_word' id='word_1_209' title='bbox 1207 2424 1249 2472; x_wconf 89' lang='lat' dir='ltr'>est</span> <span class='ocrx_word' id='word_1_210' title='bbox 1265 2421 1375 2472; x_wconf 86' lang='grc' dir='ltr'>440444οΙ,</span> 
     </span>
     <span class='ocr_line' id='line_1_23' title="bbox 285 2494 1376 2560; baseline -0.002 -14"><span class='ocrx_word' id='word_1_211' title='bbox 285 2508 339 2546; x_wconf 90' lang='grc'>000</span> <span class='ocrx_word' id='word_1_212' title='bbox 357 2495 409 2546; x_wconf 87' lang='lat' dir='ltr'><strong>levi</strong></span> <span class='ocrx_word' id='word_1_213' title='bbox 426 2497 527 2546; x_wconf 89' lang='lat' dir='ltr'><strong>iactura</strong></span> <span class='ocrx_word' id='word_1_214' title='bbox 545 2510 576 2546; x_wconf 84' lang='lat' dir='ltr'>ex</span> <span class='ocrx_word' id='word_1_215' title='bbox 595 2509 627 2546; x_wconf 93' lang='lat' dir='ltr'>eo</span> <span class='ocrx_word' id='word_1_216' title='bbox 645 2509 706 2546; x_wconf 89' lang='lat' dir='ltr'><strong>sese</strong></span> <span class='ocrx_word' id='word_1_217' title='bbox 730 2497 812 2545; x_wconf 88' lang='lat' dir='ltr'><strong>extri·</strong></span> <span class='ocrx_word' id='word_1_218' title='bbox 851 2494 880 2556; x_wconf 92' lang='grc'>4,</span> <span class='ocrx_word' id='word_1_219' title='bbox 899 2497 923 2546; x_wconf 86' lang='grc'>8.</span> <span class='ocrx_word' id='word_1_220' title='bbox 955 2497 1066 2557; x_wconf 83' lang='lat' dir='ltr'><strong>(Becker</strong></span> <span class='ocrx_word' id='word_1_221' title='bbox 1083 2495 1171 2545; x_wconf 82' lang='lat' dir='ltr'><strong>Gallus</strong></span> <span class='ocrx_word' id='word_1_222' title='bbox 1186 2496 1229 2545; x_wconf 88' lang='lat' dir='ltr'>ed.</span> <span class='ocrx_word' id='word_1_223' title='bbox 1247 2494 1290 2544; x_wconf 88' lang='lat' dir='ltr'><strong>alt.</strong></span> <span class='ocrx_word' id='word_1_224' title='bbox 1304 2496 1334 2545; x_wconf 93' lang='grc'>44.</span> <span class='ocrx_word' id='word_1_225' title='bbox 1349 2509 1376 2560; x_wconf 90' lang='lat' dir='ltr'>p.</span> 
     </span>
     <span class='ocr_line' id='line_1_24' title="bbox 285 2569 1377 2635; baseline -0.002 -14"><span class='ocrx_word' id='word_1_226' title='bbox 285 2571 409 2621; x_wconf 87' lang='lat' dir='ltr'><strong>catorum</strong></span> <span class='ocrx_word' id='word_1_227' title='bbox 419 2585 489 2632; x_wconf 90' lang='lat' dir='ltr'><strong>esse,</strong></span> <span class='ocrx_word' id='word_1_228' title='bbox 503 2585 556 2635; x_wconf 90' lang='lat' dir='ltr'><strong>quo</strong></span> <span class='ocrx_word' id='word_1_229' title='bbox 566 2570 709 2635; x_wconf 87' lang='lat' dir='ltr'><strong>magissibi</strong></span> <span class='ocrx_word' id='word_1_230' title='bbox 721 2573 812 2634; x_wconf 88' lang='lat' dir='ltr'><strong>aptum</strong></span> <span class='ocrx_word' id='word_1_231' title='bbox 850 2569 897 2618; x_wconf 78' lang='grc'>494</span> <span class='ocrx_word' id='word_1_232' title='bbox 915 2571 985 2632; x_wconf 84' lang='grc'>04444.)</span> <span class='ocrx_word' id='word_1_233' title='bbox 1010 2597 1033 2606; x_wconf 89' lang='grc'><strong>-</strong></span> <span class='ocrx_word' id='word_1_234' title='bbox 1049 2571 1115 2619; x_wconf 84' lang='lat' dir='ltr'><strong>Foro</strong></span> <span class='ocrx_word' id='word_1_235' title='bbox 1126 2595 1140 2606; x_wconf 92' lang='lat'>·</span> <span class='ocrx_word' id='word_1_236' title='bbox 1152 2570 1245 2619; x_wconf 83' lang='lat' dir='ltr'><strong>distare</strong></span> <span class='ocrx_word' id='word_1_237' title='bbox 1262 2569 1377 2632; x_wconf 73' lang='grc'>43044004]</span> 
     </span>
     <span class='ocr_line' id='line_1_25' title="bbox 285 2639 1379 2709; baseline 0 -15"><span class='ocrx_word' id='word_1_238' title='bbox 285 2647 408 2709; x_wconf 90' lang='lat' dir='ltr'><strong>occupet.</strong></span> <span class='ocrx_word' id='word_1_239' title='bbox 443 2639 529 2697; x_wconf 86' lang='lat' dir='ltr'><strong>Totus&#39;</strong></span> <span class='ocrx_word' id='word_1_240' title='bbox 546 2649 635 2697; x_wconf 88' lang='lat' dir='ltr'><strong>autem</strong></span> <span class='ocrx_word' id='word_1_241' title='bbox 653 2647 732 2696; x_wconf 88' lang='lat' dir='ltr'><strong>huius</strong></span> <span class='ocrx_word' id='word_1_242' title='bbox 749 2657 813 2693; x_wconf 91' lang='lat' dir='ltr'><strong>ner·</strong></span> <span class='ocrx_word' id='word_1_243' title='bbox 851 2645 906 2705; x_wconf 87' lang='lat' dir='ltr'><strong>llic,</strong></span> <span class='ocrx_word' id='word_1_244' title='bbox 925 2643 971 2694; x_wconf 90' lang='lat' dir='ltr'>ubi</span> <span class='ocrx_word' id='word_1_245' title='bbox 988 2659 1014 2694; x_wconf 85' lang='grc'>44.</span> <span class='ocrx_word' id='word_1_246' title='bbox 1033 2647 1128 2695; x_wconf 77' lang='lat' dir='ltr'><strong>distare</strong></span> <span class='ocrx_word' id='word_1_247' title='bbox 1144 2645 1279 2708; x_wconf 89' lang='lat' dir='ltr'><strong>propriam</strong></span> <span class='ocrx_word' id='word_1_248' title='bbox 1297 2645 1379 2696; x_wconf 90' lang='lat' dir='ltr'><strong>babet</strong></span> 
     </span>
     <span class='ocr_line' id='line_1_26' title="bbox 285 2719 1375 2784; baseline 0 -14"><span class='ocrx_word' id='word_1_249' title='bbox 285 2720 394 2770; x_wconf 87' lang='lat' dir='ltr'><strong>rationis</strong></span> <span class='ocrx_word' id='word_1_250' title='bbox 417 2722 495 2770; x_wconf 89' lang='lat' dir='ltr'><strong>tenor</strong></span> <span class='ocrx_word' id='word_1_251' title='bbox 517 2733 628 2784; x_wconf 85' lang='lat' dir='ltr'><strong>prorsus</strong></span> <span class='ocrx_word' id='word_1_252' title='bbox 649 2733 693 2769; x_wconf 91' lang='lat' dir='ltr'>me</span> <span class='ocrx_word' id='word_1_253' title='bbox 716 2719 812 2769; x_wconf 86' lang='lat' dir='ltr'><strong>admo·</strong></span> <span class='ocrx_word' id='word_1_254' title='bbox 850 2719 1083 2782; x_wconf 81' lang='lat' dir='ltr'><strong>significationem,</strong></span> <span class='ocrx_word' id='word_1_255' title='bbox 1100 2720 1158 2783; x_wconf 78' lang='grc'>4040</span> <span class='ocrx_word' id='word_1_256' title='bbox 1175 2723 1216 2770; x_wconf 89' lang='lat' dir='ltr'>est</span> <span class='ocrx_word' id='word_1_257' title='bbox 1233 2719 1375 2780; x_wconf 77' lang='lat' dir='ltr'><strong>ablativus,</strong></span> 
     </span>
     <span class='ocr_line' id='line_1_27' title="bbox 285 2793 1378 2857; baseline 0.001 -13"><span class='ocrx_word' id='word_1_258' title='bbox 285 2797 331 2844; x_wconf 89' lang='lat' dir='ltr'>net</span> <span class='ocrx_word' id='word_1_259' title='bbox 352 2796 534 2844; x_wconf 85' lang='lat' dir='ltr'><strong>narrationum</strong></span> <span class='ocrx_word' id='word_1_260' title='bbox 557 2795 692 2844; x_wconf 88' lang='lat' dir='ltr'><strong>llacbonis</strong></span> <span class='ocrx_word' id='word_1_261' title='bbox 717 2795 811 2843; x_wconf 89' lang='grc'>00444404</span> <span class='ocrx_word' id='word_1_262' title='bbox 850 2796 951 2854; x_wconf 88' lang='grc'>000440,</span> <span class='ocrx_word' id='word_1_263' title='bbox 968 2794 1014 2844; x_wconf 90' lang='lat' dir='ltr'>ubi</span> <span class='ocrx_word' id='word_1_264' title='bbox 1027 2793 1159 2857; x_wconf 85' lang='lat' dir='ltr'><strong>significat</strong></span> <span class='ocrx_word' id='word_1_265' title='bbox 1171 2793 1306 2855; x_wconf 74' lang='lat' dir='ltr'><strong>«differre,</strong></span> <span class='ocrx_word' id='word_1_266' title='bbox 1325 2793 1378 2845; x_wconf 89' lang='lat' dir='ltr'><strong>dis-</strong></span> 
     </span>
     <span class='ocr_line' id='line_1_28' title="bbox 285 2868 1378 2933; baseline 0 -15"><span class='ocrx_word' id='word_1_267' title='bbox 285 2871 312 2919; x_wconf 93' lang='lat' dir='ltr'>et</span> <span class='ocrx_word' id='word_1_268' title='bbox 334 2870 452 2931; x_wconf 80' lang='lat' dir='ltr'><strong>magistri</strong></span> <span class='ocrx_word' id='word_1_269' title='bbox 474 2868 657 2933; x_wconf 77' lang='lat' dir='ltr'><strong>Aristophanis</strong></span> <span class='ocrx_word' id='word_1_270' title='bbox 677 2881 812 2932; x_wconf 86' lang='lat' dir='ltr'><strong>gramma·</strong></span> <span class='ocrx_word' id='word_1_271' title='bbox 850 2881 986 2933; x_wconf 73' lang='lat' dir='ltr'><strong>crepereo,</strong></span> <span class='ocrx_word' id='word_1_272' title='bbox 1008 2871 1088 2920; x_wconf 89' lang='lat' dir='ltr'><strong>ettam</strong></span> <span class='ocrx_word' id='word_1_273' title='bbox 1102 2870 1190 2920; x_wconf 90' lang='lat' dir='ltr'><strong>dativo</strong></span> <span class='ocrx_word' id='word_1_274' title='bbox 1202 2871 1329 2933; x_wconf 88' lang='lat' dir='ltr'><strong>iungitur,</strong></span> <span class='ocrx_word' id='word_1_275' title='bbox 1347 2871 1378 2919; x_wconf 96' lang='lat' dir='ltr'><strong>ut</strong></span> 
     </span>
     <span class='ocr_line' id='line_1_29' title="bbox 284 2941 1374 3008; baseline 0 -16"><span class='ocrx_word' id='word_1_276' title='bbox 284 2945 342 3004; x_wconf 88' lang='lat' dir='ltr'><strong>tici,</strong></span> <span class='ocrx_word' id='word_1_277' title='bbox 361 2955 428 3007; x_wconf 89' lang='lat' dir='ltr'><strong>ques</strong></span> <span class='ocrx_word' id='word_1_278' title='bbox 440 2955 472 2992; x_wconf 86' lang='lat' dir='ltr'>ex</span> <span class='ocrx_word' id='word_1_279' title='bbox 483 2944 620 2993; x_wconf 82' lang='lat' dir='ltr'><strong>Athenaeo</strong></span> <span class='ocrx_word' id='word_1_280' title='bbox 632 2941 736 3005; x_wconf 78' lang='lat' dir='ltr'><strong>collegit</strong></span> <span class='ocrx_word' id='word_1_281' title='bbox 748 2945 812 2992; x_wconf 88' lang='lat' dir='ltr'><strong>Gro-</strong></span> <span class='ocrx_word' id='word_1_282' title='bbox 849 2958 874 2993; x_wconf 84' lang='lat' dir='ltr'>r.</span> <span class='ocrx_word' id='word_1_283' title='bbox 888 2945 928 2994; x_wconf 77' lang='lat'>23.</span> <span class='ocrx_word' id='word_1_284' title='bbox 948 2943 995 2994; x_wconf 93' lang='lat' dir='ltr'>0d.</span> <span class='ocrx_word' id='word_1_285' title='bbox 1009 2944 1038 3004; x_wconf 89' lang='grc'>4,</span> <span class='ocrx_word' id='word_1_286' title='bbox 1056 2945 1086 3007; x_wconf 84' lang='lat' dir='ltr'>a,</span> <span class='ocrx_word' id='word_1_287' title='bbox 1099 2945 1140 2995; x_wconf 75' lang='grc'>49.</span> <span class='ocrx_word' id='word_1_288' title='bbox 1160 2946 1225 3008; x_wconf 79' lang='grc'>444444.</span> <span class='ocrx_word' id='word_1_289' title='bbox 1239 2947 1266 3004; x_wconf 94' lang='grc'>4,</span> <span class='ocrx_word' id='word_1_290' title='bbox 1286 2944 1331 3003; x_wconf 89' lang='grc'>48,</span> <span class='ocrx_word' id='word_1_291' title='bbox 1350 2942 1374 2994; x_wconf 92' lang='grc'>4.</span> 
     </span>
     <span class='ocr_line' id='line_1_30' title="bbox 285 3017 1377 3080; baseline -0.002 -12"><span class='ocrx_word' id='word_1_292' title='bbox 285 3019 336 3068; x_wconf 89' lang='lat' dir='ltr'><strong>tius</strong></span> <span class='ocrx_word' id='word_1_293' title='bbox 349 3018 411 3067; x_wconf 84' lang='lat' dir='ltr'><strong>Exo.</strong></span> <span class='ocrx_word' id='word_1_294' title='bbox 425 3030 451 3080; x_wconf 91' lang='lat' dir='ltr'>p.</span> <span class='ocrx_word' id='word_1_295' title='bbox 469 3017 525 3068; x_wconf 84' lang='grc'>849.</span> <span class='ocrx_word' id='word_1_296' title='bbox 545 3017 646 3068; x_wconf 87' lang='lat' dir='ltr'><strong>Eadem</strong></span> <span class='ocrx_word' id='word_1_297' title='bbox 659 3018 730 3066; x_wconf 89' lang='lat' dir='ltr'><strong>enim</strong></span> <span class='ocrx_word' id='word_1_298' title='bbox 742 3017 811 3067; x_wconf 89' lang='lat' dir='ltr'><strong>inest</strong></span> <span class='ocrx_word' id='word_1_299' title='bbox 849 3018 942 3068; x_wconf 72' lang='lat' dir='ltr'><strong>Fortun</strong></span> <span class='ocrx_word' id='word_1_300' title='bbox 958 3023 1048 3069; x_wconf 85' lang='lat' dir='ltr'><strong>autem</strong></span> <span class='ocrx_word' id='word_1_301' title='bbox 1066 3020 1172 3070; x_wconf 77' lang='lat' dir='ltr'><strong>eratin</strong></span> <span class='ocrx_word' id='word_1_302' title='bbox 1196 3017 1271 3072; x_wconf 88' lang='lat' dir='ltr'><strong>Urbis</strong></span> <span class='ocrx_word' id='word_1_303' title='bbox 1288 3017 1377 3080; x_wconf 89' lang='lat' dir='ltr'><strong>regio-</strong></span> 
     </span>
     <span class='ocr_line' id='line_1_31' title="bbox 285 3091 1377 3156; baseline -0.002 -13"><span class='ocrx_word' id='word_1_304' title='bbox 285 3091 411 3143; x_wconf 85' lang='lat' dir='ltr'><strong>lestivitas</strong></span> <span class='ocrx_word' id='word_1_305' title='bbox 420 3105 452 3142; x_wconf 91' lang='lat' dir='ltr'>ac</span> <span class='ocrx_word' id='word_1_306' title='bbox 461 3091 544 3156; x_wconf 91' lang='lat' dir='ltr'><strong>lepos.</strong></span> <span class='ocrx_word' id='word_1_307' title='bbox 563 3091 735 3142; x_wconf 86' lang='lat' dir='ltr'><strong>Coniundunt</strong></span> <span class='ocrx_word' id='word_1_308' title='bbox 746 3105 813 3142; x_wconf 91' lang='lat' dir='ltr'><strong>non·</strong></span> <span class='ocrx_word' id='word_1_309' title='bbox 850 3106 883 3142; x_wconf 91' lang='lat' dir='ltr'>ne</span> <span class='ocrx_word' id='word_1_310' title='bbox 895 3093 1008 3155; x_wconf 87' lang='lat' dir='ltr'><strong>septima</strong></span> <span class='ocrx_word' id='word_1_311' title='bbox 1019 3107 1025 3146; x_wconf 86' lang='lat'>;</span> <span class='ocrx_word' id='word_1_312' title='bbox 1044 3094 1168 3155; x_wconf 76' lang='lat' dir='ltr'><strong>Carinae,</strong></span> <span class='ocrx_word' id='word_1_313' title='bbox 1182 3095 1256 3143; x_wconf 81' lang='grc'>440444</span> <span class='ocrx_word' id='word_1_314' title='bbox 1267 3091 1377 3142; x_wconf 88' lang='lat' dir='ltr'><strong>celeber</strong></span> 
     </span>
     <span class='ocr_line' id='line_1_32' title="bbox 285 3165 1377 3231; baseline 0.001 -15"><span class='ocrx_word' id='word_1_315' title='bbox 285 3165 347 3216; x_wconf 88' lang='lat' dir='ltr'><strong>nulli</strong></span> <span class='ocrx_word' id='word_1_316' title='bbox 365 3167 524 3231; x_wconf 86' lang='lat' dir='ltr'><strong>interpretes</strong></span> <span class='ocrx_word' id='word_1_317' title='bbox 541 3169 569 3218; x_wconf 87' lang='grc'>4.</span> <span class='ocrx_word' id='word_1_318' title='bbox 583 3169 711 3218; x_wconf 79' lang='lat' dir='ltr'><strong>Marcium</strong></span> <span class='ocrx_word' id='word_1_319' title='bbox 720 3169 811 3230; x_wconf 80' lang='grc'>4444444-</span> <span class='ocrx_word' id='word_1_320' title='bbox 850 3169 961 3228; x_wconf 82' lang='lat' dir='ltr'><strong>Romae,</strong></span> <span class='ocrx_word' id='word_1_321' title='bbox 984 3168 1011 3217; x_wconf 89' lang='lat' dir='ltr'>in</span> <span class='ocrx_word' id='word_1_322' title='bbox 1028 3169 1137 3231; x_wconf 81' lang='lat' dir='ltr'><strong>regione</strong></span> <span class='ocrx_word' id='word_1_323' title='bbox 1161 3167 1214 3228; x_wconf 75' lang='lat' dir='ltr'><strong>tv..</strong></span> <span class='ocrx_word' id='word_1_324' title='bbox 1233 3166 1279 3217; x_wconf 87' lang='lat' dir='ltr'>ubi</span> <span class='ocrx_word' id='word_1_325' title='bbox 1305 3169 1377 3217; x_wconf 88' lang='lat' dir='ltr'><strong>tem-</strong></span> 
     </span>
     <span class='ocr_line' id='line_1_33' title="bbox 281 3241 1376 3309; baseline 0.002 -19"><span class='ocrx_word' id='word_1_326' title='bbox 281 3255 344 3304; x_wconf 82' lang='lat' dir='ltr'><strong>pum</strong></span> <span class='ocrx_word' id='word_1_327' title='bbox 365 3241 447 3292; x_wconf 79' lang='lat' dir='ltr'><strong>sitium</strong></span> <span class='ocrx_word' id='word_1_328' title='bbox 469 3255 524 3292; x_wconf 88' lang='lat' dir='ltr'><strong>cos.</strong></span> <span class='ocrx_word' id='word_1_329' title='bbox 544 3255 568 3291; x_wconf 93' lang='grc'>0.</span> <span class='ocrx_word' id='word_1_330' title='bbox 587 3256 614 3292; x_wconf 93' lang='lat' dir='ltr'>u.</span> <span class='ocrx_word' id='word_1_331' title='bbox 634 3256 657 3292; x_wconf 94' lang='lat' dir='ltr'>c.</span> <span class='ocrx_word' id='word_1_332' title='bbox 677 3243 745 3304; x_wconf 68' lang='grc'>696,</span> <span class='ocrx_word' id='word_1_333' title='bbox 765 3243 811 3306; x_wconf 91' lang='lat' dir='ltr'>qui</span> <span class='ocrx_word' id='word_1_334' title='bbox 850 3243 923 3309; x_wconf 92' lang='lat' dir='ltr'><strong>plum</strong></span> <span class='ocrx_word' id='word_1_335' title='bbox 945 3242 992 3293; x_wconf 91' lang='lat' dir='ltr'><strong>luit</strong></span> <span class='ocrx_word' id='word_1_336' title='bbox 1012 3242 1135 3305; x_wconf 84' lang='lat' dir='ltr'><strong>Telluris,</strong></span> <span class='ocrx_word' id='word_1_337' title='bbox 1163 3242 1244 3294; x_wconf 90' lang='lat' dir='ltr'><strong>aedes</strong></span> <span class='ocrx_word' id='word_1_338' title='bbox 1269 3241 1376 3292; x_wconf 87' lang='lat' dir='ltr'><strong>lunonis</strong></span> 
     </span>
     <span class='ocr_line' id='line_1_34' title="bbox 283 3316 1376 3381; baseline 0.002 -17"><span class='ocrx_word' id='word_1_339' title='bbox 283 3317 392 3366; x_wconf 86' lang='lat' dir='ltr'><strong>vitricus</strong></span> <span class='ocrx_word' id='word_1_340' title='bbox 409 3316 456 3366; x_wconf 91' lang='grc'>44444</span> <span class='ocrx_word' id='word_1_341' title='bbox 471 3318 595 3380; x_wconf 78' lang='lat' dir='ltr'><strong>Augusti,</strong></span> <span class='ocrx_word' id='word_1_342' title='bbox 614 3330 676 3368; x_wconf 88' lang='lat' dir='ltr'>oum</span> <span class='ocrx_word' id='word_1_343' title='bbox 694 3319 751 3368; x_wconf 91' lang='lat' dir='ltr'><strong>eius</strong></span> <span class='ocrx_word' id='word_1_344' title='bbox 762 3331 811 3381; x_wconf 87' lang='grc'>440-</span> <span class='ocrx_word' id='word_1_345' title='bbox 849 3319 979 3378; x_wconf 82' lang='lat' dir='ltr'><strong>sororiae,</strong></span> <span class='ocrx_word' id='word_1_346' title='bbox 991 3317 1088 3368; x_wconf 89' lang='lat' dir='ltr'><strong>domus</strong></span> <span class='ocrx_word' id='word_1_347' title='bbox 1098 3319 1128 3376; x_wconf 86' lang='lat' dir='ltr'>Q.</span> <span class='ocrx_word' id='word_1_348' title='bbox 1140 3317 1286 3377; x_wconf 85' lang='lat' dir='ltr'><strong>Ciceronis,</strong></span> <span class='ocrx_word' id='word_1_349' title='bbox 1300 3319 1376 3368; x_wconf 88' lang='lat' dir='ltr'><strong>Pom-</strong></span> 
     </span>
     <span class='ocr_line' id='line_1_35' title="bbox 284 3391 1374 3458; baseline 0.003 -21"><span class='ocrx_word' id='word_1_350' title='bbox 284 3392 324 3438; x_wconf 91' lang='lat' dir='ltr'>tre</span> <span class='ocrx_word' id='word_1_351' title='bbox 347 3391 503 3452; x_wconf 87' lang='lat' dir='ltr'><strong>cognomine</strong></span> <span class='ocrx_word' id='word_1_352' title='bbox 527 3403 583 3441; x_wconf 91' lang='lat' dir='ltr'><strong>cos.</strong></span> <span class='ocrx_word' id='word_1_353' title='bbox 608 3404 632 3440; x_wconf 88' lang='lat' dir='ltr'>a.</span> <span class='ocrx_word' id='word_1_354' title='bbox 652 3405 678 3441; x_wconf 90' lang='lat' dir='ltr'><strong>o.</strong></span> <span class='ocrx_word' id='word_1_355' title='bbox 699 3405 722 3442; x_wconf 90' lang='grc'>0.</span> <span class='ocrx_word' id='word_1_356' title='bbox 741 3392 809 3452; x_wconf 76' lang='lat'><strong>663..</strong></span> <span class='ocrx_word' id='word_1_357' title='bbox 849 3394 913 3458; x_wconf 87' lang='lat' dir='ltr'><strong>peti,</strong></span> <span class='ocrx_word' id='word_1_358' title='bbox 926 3391 1093 3456; x_wconf 89' lang='lat' dir='ltr'><strong>aliorumque</strong></span> <span class='ocrx_word' id='word_1_359' title='bbox 1105 3393 1254 3456; x_wconf 88' lang='lat' dir='ltr'><strong>principum</strong></span> <span class='ocrx_word' id='word_1_360' title='bbox 1267 3391 1374 3444; x_wconf 89' lang='lat' dir='ltr'><strong>civium.</strong></span> 
     </span>
     <span class='ocr_line' id='line_1_36' title="bbox 283 3461 1377 3529; baseline 0.005 -17"><span class='ocrx_word' id='word_1_361' title='bbox 283 3463 384 3525; x_wconf 88' lang='lat' dir='ltr'><strong>dequo</strong></span> <span class='ocrx_word' id='word_1_362' title='bbox 401 3461 519 3527; x_wconf 90' lang='lat' dir='ltr'><strong>loquitur</strong></span> <span class='ocrx_word' id='word_1_363' title='bbox 536 3465 667 3517; x_wconf 85' lang='lat' dir='ltr'><strong>Horatius.</strong></span> <span class='ocrx_word' id='word_1_364' title='bbox 688 3467 726 3518; x_wconf 90' lang='lat' dir='ltr'>Cl.</span> <span class='ocrx_word' id='word_1_365' title='bbox 740 3468 812 3516; x_wconf 91' lang='lat' dir='ltr'><strong>Ono-</strong></span> <span class='ocrx_word' id='word_1_366' title='bbox 852 3495 878 3503; x_wconf 96' lang='lat'><em>-</em></span> <span class='ocrx_word' id='word_1_367' title='bbox 896 3466 1032 3529; x_wconf 66' lang='lat' dir='ltr'><strong>conspexit]</strong></span> <span class='ocrx_word' id='word_1_368' title='bbox 1052 3469 1131 3516; x_wconf 58' lang='grc'>44404</span> <span class='ocrx_word' id='word_1_369' title='bbox 1151 3469 1197 3517; x_wconf 86' lang='grc'>4404</span> <span class='ocrx_word' id='word_1_370' title='bbox 1218 3467 1308 3516; x_wconf 82' lang='lat' dir='ltr'><strong>Gruod</strong></span> <span class='ocrx_word' id='word_1_371' title='bbox 1331 3467 1377 3518; x_wconf 84' lang='lat' dir='ltr'>der</span> 
     </span>
     <span class='ocr_line' id='line_1_37' title="bbox 283 3539 1373 3604; baseline 0.004 -16"><span class='ocrx_word' id='word_1_372' title='bbox 283 3539 426 3588; x_wconf 80' lang='lat' dir='ltr'><strong>masticem</strong></span> <span class='ocrx_word' id='word_1_373' title='bbox 442 3551 534 3588; x_wconf 90' lang='lat' dir='ltr'><strong>meum</strong></span> <span class='ocrx_word' id='word_1_374' title='bbox 553 3541 607 3590; x_wconf 91' lang='lat' dir='ltr'><strong>Cic.</strong></span> <span class='ocrx_word' id='word_1_375' title='bbox 625 3553 651 3604; x_wconf 89' lang='lat' dir='ltr'>p.</span> <span class='ocrx_word' id='word_1_376' title='bbox 670 3540 727 3590; x_wconf 85' lang='grc'>384.</span> <span class='ocrx_word' id='word_1_377' title='bbox 758 3541 811 3589; x_wconf 86' lang='grc' dir='ltr'>Νο-</span> <span class='ocrx_word' id='word_1_378' title='bbox 848 3545 961 3604; x_wconf 72' lang='lat' dir='ltr'><strong>arreptam</strong></span> <span class='ocrx_word' id='word_1_379' title='bbox 993 3541 1217 3604; x_wconf 75' lang='grc'>44040404440044044</span> <span class='ocrx_word' id='word_1_380' title='bbox 1249 3554 1373 3604; x_wconf 85' lang='grc'>40400000,</span> 
     </span>
     <span class='ocr_line' id='line_1_38' title="bbox 283 3614 1375 3680; baseline 0.005 -19"><span class='ocrx_word' id='word_1_381' title='bbox 283 3615 326 3662; x_wconf 84' lang='grc'>400</span> <span class='ocrx_word' id='word_1_382' title='bbox 352 3614 441 3663; x_wconf 91' lang='lat' dir='ltr'><strong>autem</strong></span> <span class='ocrx_word' id='word_1_383' title='bbox 468 3615 544 3677; x_wconf 86' lang='lat' dir='ltr'><strong>peter</strong></span> <span class='ocrx_word' id='word_1_384' title='bbox 566 3618 623 3664; x_wconf 89' lang='lat' dir='ltr'><strong>erat</strong></span> <span class='ocrx_word' id='word_1_385' title='bbox 649 3617 676 3664; x_wconf 90' lang='lat' dir='ltr'>et</span> <span class='ocrx_word' id='word_1_386' title='bbox 702 3617 811 3678; x_wconf 89' lang='lat' dir='ltr'><strong>propter</strong></span> <span class='ocrx_word' id='word_1_387' title='bbox 848 3617 891 3664; x_wconf 86' lang='grc'>404</span> <span class='ocrx_word' id='word_1_388' title='bbox 906 3616 991 3667; x_wconf 74' lang='lat' dir='ltr'><strong>Herm</strong></span> <span class='ocrx_word' id='word_1_389' title='bbox 1008 3629 1043 3665; x_wconf 80' lang='grc'>00</span> <span class='ocrx_word' id='word_1_390' title='bbox 1060 3629 1136 3679; x_wconf 85' lang='grc'>40400</span> <span class='ocrx_word' id='word_1_391' title='bbox 1152 3617 1220 3666; x_wconf 83' lang='lat' dir='ltr'><strong>nieht</strong></span> <span class='ocrx_word' id='word_1_392' title='bbox 1234 3617 1375 3680; x_wconf 77' lang='grc'>[4440444444</span> 
     </span>
     <span class='ocr_line' id='line_1_39' title="bbox 283 3685 1376 3752; baseline 0.005 -16"><span class='ocrx_word' id='word_1_393' title='bbox 283 3685 463 3750; x_wconf 88' lang='lat' dir='ltr'><strong>eloquentiam</strong></span> <span class='ocrx_word' id='word_1_394' title='bbox 481 3689 508 3738; x_wconf 90' lang='lat' dir='ltr'>et</span> <span class='ocrx_word' id='word_1_395' title='bbox 529 3690 640 3752; x_wconf 85' lang='lat' dir='ltr'><strong>propter</strong></span> <span class='ocrx_word' id='word_1_396' title='bbox 658 3687 753 3738; x_wconf 91' lang='lat' dir='ltr'><strong>multas</strong></span> <span class='ocrx_word' id='word_1_397' title='bbox 771 3688 811 3738; x_wconf 89' lang='grc'>40-</span> <span class='ocrx_word' id='word_1_398' title='bbox 848 3689 974 3752; x_wconf 78' lang='grc'>40404400·</span> <span class='ocrx_word' id='word_1_399' title='bbox 990 3691 1041 3739; x_wconf 81' lang='lat' dir='ltr'><strong>wir·</strong></span> <span class='ocrx_word' id='word_1_400' title='bbox 1056 3691 1153 3740; x_wconf 84' lang='grc'>4444000</span> <span class='ocrx_word' id='word_1_401' title='bbox 1169 3704 1217 3740; x_wconf 79' lang='lat' dir='ltr'>uos</span> <span class='ocrx_word' id='word_1_402' title='bbox 1232 3691 1376 3742; x_wconf 82' lang='grc'>0404404044</span> 
     </span>
     <span class='ocr_line' id='line_1_40' title="bbox 283 3762 1377 3826; baseline 0.005 -16"><span class='ocrx_word' id='word_1_403' title='bbox 283 3762 378 3822; x_wconf 83' lang='grc'>004400,</span> <span class='ocrx_word' id='word_1_404' title='bbox 403 3775 455 3812; x_wconf 88' lang='grc'>000</span> <span class='ocrx_word' id='word_1_405' title='bbox 477 3763 541 3812; x_wconf 88' lang='grc'>44004</span> <span class='ocrx_word' id='word_1_406' title='bbox 561 3762 639 3814; x_wconf 85' lang='lat' dir='ltr'><strong>filius.</strong></span> <span class='ocrx_word' id='word_1_407' title='bbox 668 3765 726 3813; x_wconf 91' lang='grc'>40444</span> <span class='ocrx_word' id='word_1_408' title='bbox 742 3765 811 3814; x_wconf 87' lang='grc'>40404</span> <span class='ocrx_word' id='word_1_409' title='bbox 847 3765 1031 3826; x_wconf 81' lang='grc' dir='ltr'>44ον0400404,</span> <span class='ocrx_word' id='word_1_410' title='bbox 1058 3766 1115 3814; x_wconf 75' lang='lat' dir='ltr'><strong>dass</strong></span> <span class='ocrx_word' id='word_1_411' title='bbox 1136 3779 1161 3814; x_wconf 92' lang='grc'>04</span> <span class='ocrx_word' id='word_1_412' title='bbox 1182 3766 1227 3815; x_wconf 88' lang='lat' dir='ltr'>der</span> <span class='ocrx_word' id='word_1_413' title='bbox 1245 3765 1377 3816; x_wconf 68' lang='lat' dir='ltr'><strong>Ausones</strong></span> 
     </span>
     <span class='ocr_line' id='line_1_41' title="bbox 283 3833 1376 3903; baseline 0.006 -20"><span class='ocrx_word' id='word_1_414' title='bbox 283 3833 351 3885; x_wconf 90' lang='lat' dir='ltr'><strong>illius</strong></span> <span class='ocrx_word' id='word_1_415' title='bbox 368 3838 594 3902; x_wconf 87' lang='lat' dir='ltr'><strong>apophthegmata</strong></span> <span class='ocrx_word' id='word_1_416' title='bbox 611 3839 679 3887; x_wconf 89' lang='lat' dir='ltr'><strong>haec</strong></span> <span class='ocrx_word' id='word_1_417' title='bbox 702 3850 809 3900; x_wconf 89' lang='lat' dir='ltr'><strong>quoque</strong></span> <span class='ocrx_word' id='word_1_418' title='bbox 848 3841 892 3890; x_wconf 86' lang='lat' dir='ltr'>der</span> <span class='ocrx_word' id='word_1_419' title='bbox 907 3840 1088 3903; x_wconf 74' lang='lat' dir='ltr'><strong>Zusriedeoheit</strong></span> <span class='ocrx_word' id='word_1_420' title='bbox 1103 3853 1174 3901; x_wconf 84' lang='lat' dir='ltr'><strong>war,</strong></span> <span class='ocrx_word' id='word_1_421' title='bbox 1196 3841 1241 3889; x_wconf 83' lang='lat' dir='ltr'>der</span> <span class='ocrx_word' id='word_1_422' title='bbox 1260 3840 1311 3902; x_wconf 75' lang='grc'>0444</span> <span class='ocrx_word' id='word_1_423' title='bbox 1326 3839 1376 3890; x_wconf 86' lang='grc'>404-</span> 
     </span>
     <span class='ocr_line' id='line_1_42' title="bbox 283 3908 1376 3974; baseline 0.005 -16"><span class='ocrx_word' id='word_1_424' title='bbox 283 3908 392 3960; x_wconf 86' lang='lat' dir='ltr'><strong>historia</strong></span> <span class='ocrx_word' id='word_1_425' title='bbox 413 3915 529 3962; x_wconf 89' lang='lat' dir='ltr'><strong>aetatem</strong></span> <span class='ocrx_word' id='word_1_426' title='bbox 550 3911 648 3962; x_wconf 89' lang='lat' dir='ltr'><strong>tulerat</strong></span> <span class='ocrx_word' id='word_1_427' title='bbox 667 3924 754 3974; x_wconf 89' lang='lat' dir='ltr'><strong>usque</strong></span> <span class='ocrx_word' id='word_1_428' title='bbox 776 3912 810 3962; x_wconf 86' lang='lat' dir='ltr'>ed</span> <span class='ocrx_word' id='word_1_429' title='bbox 847 3915 1021 3965; x_wconf 72' lang='grc'>0006040440</span> <span class='ocrx_word' id='word_1_430' title='bbox 1031 3913 1376 3974; x_wconf 63' lang='grc' dir='ltr'>44400440,οὄ0440404404404</span> 
     </span>
     <span class='ocr_line' id='line_1_43' title="bbox 284 3984 1376 4054; baseline 0.009 -22"><span class='ocrx_word' id='word_1_431' title='bbox 284 3984 430 4036; x_wconf 83' lang='lat' dir='ltr'><strong>Horatium.</strong></span> <span class='ocrx_word' id='word_1_432' title='bbox 445 4013 471 4021; x_wconf 91' lang='lat'>-</span> <span class='ocrx_word' id='word_1_433' title='bbox 484 3986 565 4050; x_wconf 77' lang='lat' dir='ltr'><strong>sortis]</strong></span> <span class='ocrx_word' id='word_1_434' title='bbox 584 3987 689 4050; x_wconf 87' lang='lat' dir='ltr'><strong>Optime</strong></span> <span class='ocrx_word' id='word_1_435' title='bbox 701 3988 760 4040; x_wconf 87' lang='lat' dir='ltr'><strong>eius</strong></span> <span class='ocrx_word' id='word_1_436' title='bbox 773 3989 812 4038; x_wconf 91' lang='lat' dir='ltr'>in·</span> <span class='ocrx_word' id='word_1_437' title='bbox 847 3991 900 4040; x_wconf 82' lang='grc'>0400</span> <span class='ocrx_word' id='word_1_438' title='bbox 910 3991 1041 4053; x_wconf 66' lang='lat' dir='ltr'><strong>amoma</strong></span> <span class='ocrx_word' id='word_1_439' title='bbox 1057 4003 1106 4040; x_wconf 85' lang='grc'>000</span> <span class='ocrx_word' id='word_1_440' title='bbox 1118 3991 1314 4054; x_wconf 78' lang='lat' dir='ltr'><strong>Getmtttitglreit</strong></span> <span class='ocrx_word' id='word_1_441' title='bbox 1323 3991 1376 4041; x_wconf 80' lang='grc'>4404</span> 
     </span>
     <span class='ocr_line' id='line_1_44' title="bbox 283 4055 1376 4129; baseline 0.01 -24"><span class='ocrx_word' id='word_1_442' title='bbox 283 4055 372 4108; x_wconf 89' lang='lat' dir='ltr'><strong>dalem</strong></span> <span class='ocrx_word' id='word_1_443' title='bbox 395 4060 538 4113; x_wconf 86' lang='lat' dir='ltr'><strong>adumbrat</strong></span> <span class='ocrx_word' id='word_1_444' title='bbox 567 4061 607 4110; x_wconf 88' lang='lat' dir='ltr'>bis</span> <span class='ocrx_word' id='word_1_445' title='bbox 636 4060 728 4112; x_wconf 81' lang='lat' dir='ltr'><strong>uerbis</strong></span> <span class='ocrx_word' id='word_1_446' title='bbox 754 4065 808 4114; x_wconf 86' lang='lat' dir='ltr'><strong>Cic.</strong></span> <span class='ocrx_word' id='word_1_447' title='bbox 848 4065 1016 4129; x_wconf 75' lang='lat' dir='ltr'><strong>trmberaiger</strong></span> <span class='ocrx_word' id='word_1_448' title='bbox 1033 4065 1188 4126; x_wconf 79' lang='grc'>8040444044,</span> <span class='ocrx_word' id='word_1_449' title='bbox 1206 4067 1248 4115; x_wconf 82' lang='lat' dir='ltr'>dte</span> <span class='ocrx_word' id='word_1_450' title='bbox 1262 4066 1376 4116; x_wconf 77' lang='grc'>44044404-</span> 
     </span>
     <span class='ocr_line' id='line_1_45' title="bbox 283 4130 1376 4202; baseline 0.01 -22"><span class='ocrx_word' id='word_1_451' title='bbox 283 4130 317 4181; x_wconf 92' lang='lat' dir='ltr'>de</span> <span class='ocrx_word' id='word_1_452' title='bbox 335 4133 406 4182; x_wconf 85' lang='lat' dir='ltr'><strong>Orat.</strong></span> <span class='ocrx_word' id='word_1_453' title='bbox 422 4133 453 4195; x_wconf 80' lang='lat'>3,</span> <span class='ocrx_word' id='word_1_454' title='bbox 474 4136 502 4196; x_wconf 91' lang='grc'>4,</span> <span class='ocrx_word' id='word_1_455' title='bbox 524 4135 552 4186; x_wconf 82' lang='lat' dir='ltr'>i:</span> <span class='ocrx_word' id='word_1_456' title='bbox 583 4136 677 4185; x_wconf 88' lang='grc'>4004404</span> <span class='ocrx_word' id='word_1_457' title='bbox 693 4141 716 4186; x_wconf 89' lang='grc'>04</span> <span class='ocrx_word' id='word_1_458' title='bbox 737 4137 810 4188; x_wconf 86' lang='grc'>0040-</span> <span class='ocrx_word' id='word_1_459' title='bbox 846 4153 915 4202; x_wconf 84' lang='grc'>4004</span> <span class='ocrx_word' id='word_1_460' title='bbox 931 4139 982 4189; x_wconf 84' lang='lat' dir='ltr'><strong>uod</strong></span> <span class='ocrx_word' id='word_1_461' title='bbox 1007 4140 1087 4190; x_wconf 81' lang='lat' dir='ltr'><strong>Weise</strong></span> <span class='ocrx_word' id='word_1_462' title='bbox 1110 4141 1153 4190; x_wconf 84' lang='lat' dir='ltr'>des</span> <span class='ocrx_word' id='word_1_463' title='bbox 1173 4139 1309 4190; x_wconf 78' lang='grc'>6004444044</span> <span class='ocrx_word' id='word_1_464' title='bbox 1326 4155 1376 4192; x_wconf 77' lang='grc'>044-</span> 
     </span>
     <span class='ocr_line' id='line_1_46' title="bbox 282 4209 1375 4280; baseline 0.009 -24"><span class='ocrx_word' id='word_1_465' title='bbox 282 4209 359 4256; x_wconf 85' lang='grc'>040044</span> <span class='ocrx_word' id='word_1_466' title='bbox 375 4214 398 4257; x_wconf 87' lang='lat' dir='ltr'>et</span> <span class='ocrx_word' id='word_1_467' title='bbox 414 4209 504 4259; x_wconf 79' lang='lat' dir='ltr'><strong>diserto</strong></span> <span class='ocrx_word' id='word_1_468' title='bbox 521 4217 544 4260; x_wconf 85' lang='lat' dir='ltr'>et</span> <span class='ocrx_word' id='word_1_469' title='bbox 567 4211 683 4273; x_wconf 76' lang='lat' dir='ltr'><strong>inprimis</strong></span> <span class='ocrx_word' id='word_1_470' title='bbox 698 4210 759 4273; x_wconf 75' lang='grc'>40444</span> <span class='ocrx_word' id='word_1_471' title='bbox 776 4213 810 4261; x_wconf 78' lang='lat' dir='ltr'>oct</span> <span class='ocrx_word' id='word_1_472' title='bbox 847 4219 941 4277; x_wconf 74' lang='lat' dir='ltr'><strong>septe.»</strong></span> <span class='ocrx_word' id='word_1_473' title='bbox 971 4217 1068 4265; x_wconf 82' lang='grc'>440000.</span> <span class='ocrx_word' id='word_1_474' title='bbox 1090 4241 1118 4250; x_wconf 92' lang='lat'>-</span> <span class='ocrx_word' id='word_1_475' title='bbox 1136 4221 1165 4264; x_wconf 84' lang='grc'>04</span> <span class='ocrx_word' id='word_1_476' title='bbox 1186 4215 1266 4278; x_wconf 78' lang='grc'>044404]</span> <span class='ocrx_word' id='word_1_477' title='bbox 1290 4217 1375 4280; x_wconf 85' lang='lat' dir='ltr'><strong>Signi·</strong></span> 
     </span>
     <span class='ocr_line' id='line_1_47' title="bbox 283 4282 1375 4351; baseline 0.011 -21"><span class='ocrx_word' id='word_1_478' title='bbox 283 4282 458 4342; x_wconf 74' lang='grc'>4004400400,</span> <span class='ocrx_word' id='word_1_479' title='bbox 488 4285 607 4348; x_wconf 80' lang='grc'>4444444440.</span> <span class='ocrx_word' id='word_1_480' title='bbox 658 4287 703 4337; x_wconf 78' lang='lat' dir='ltr'><strong>list</strong></span> <span class='ocrx_word' id='word_1_481' title='bbox 732 4288 810 4351; x_wconf 89' lang='lat' dir='ltr'><strong>igitur</strong></span> <span class='ocrx_word' id='word_1_482' title='bbox 848 4287 908 4340; x_wconf 88' lang='grc'>44004</span> <span class='ocrx_word' id='word_1_483' title='bbox 933 4291 1098 4342; x_wconf 82' lang='lat' dir='ltr'><strong>notissimam</strong></span> <span class='ocrx_word' id='word_1_484' title='bbox 1118 4291 1264 4344; x_wconf 89' lang='lat' dir='ltr'><strong>etiamtunc</strong></span> <span class='ocrx_word' id='word_1_485' title='bbox 1290 4292 1375 4344; x_wconf 90' lang='lat' dir='ltr'><strong>bisto-</strong></span> 
     </span>
    </p>
   </div>
   <div class='ocr_carea' id='block_1_4' title="bbox 0 0 1600 4974">
    <p class='ocr_par' dir='ltr' id='par_1_7' title="bbox 0 0 1600 4974">
     <span class='ocr_line' id='line_1_48' title="bbox 0 0 1600 4974; baseline 0 0"><span class='ocrx_word' id='word_1_486' title='bbox 0 0 1600 4974; x_wconf 95' lang='lat' dir='ltr'> </span> 
     </span>
    </p>
   </div>
  </div>
 </body>
</html>
