3192 4974
640 479 699 530 titt.
720 479 738 528 l.
775 479 873 530 setsr.
893 481 912 530 l.

276 635 341 703 Sed
364 634 608 722 quadringentis
631 655 690 702 ser
712 645 837 722 septem
860 635 947 702 milia
969 635 1100 702 desunt:

276 757 372 826 Plebs
395 757 469 824 eris.
514 759 553 822 At
574 757 667 844 pueri
690 755 855 832 ludentes,
880 760 947 825 ilex
969 757 1050 844 eris,
1075 759 1178 836 aiant,

315 958 357 1008 tt.
376 956 433 1021 Sed]
451 957 479 1006 Si
496 955 540 1020 dp,
558 958 613 1007 tres
631 955 756 1016 Pottierii,
776 955 856 1006 LCtF.
877 956 915 1018 (ut
933 969 990 1015 nos,
1011 955 1055 1016 bS,
1073 954 1149 1023 styx.)
1166 985 1192 994 -
1213 960 1291 1009 desim

268 1046 283 1082 e
301 1031 384 1084 Codd.
405 1031 455 1097 (yut
474 1029 608 1082 Bentleius
626 1033 653 1081 et
671 1031 697 1080 F.
974 1033 981 1042 '

235 1211 365 1277 epodosin
391 1209 458 1260 Plebs
482 1210 547 1268 erin
575 1207 663 1270 unde,
691 1221 760 1272 quae
798 1205 904 1270 septem]
930 1207 976 1256 Est
999 1207 1173 1271 proverbialis
1199 1208 1322 1261 lormule.

235 1289 332 1338 borum
349 1285 383 1336 sit
408 1285 529 1334 iunctura
554 1283 581 1333 et
601 1294 663 1333 cum
680 1293 761 1346 prae·
798 1280 904 1330 Terent.
918 1281 985 1331 Eun.
998 1281 1028 1342 2,
1048 1281 1075 1342 3,
1094 1281 1139 1331 39;
1158 1283 1231 1332 litum
1248 1285 1324 1346 liquet

234 1358 392 1412 cedentibus
420 1360 448 1408 et
476 1369 538 1408 cum
565 1355 758 1419 sequentibus,
797 1357 859 1406 mtbt
875 1358 1002 1420 more,
1023 1359 1061 1407 tis
1076 1359 1199 1410 menatae
1215 1361 1267 1410 See
1284 1375 1324 1411 se—

235 1433 424 1497 aliquantisper
432 1430 555 1482 meditari
567 1429 649 1481 debet
665 1428 758 1480 lector.
794 1437 863 1496 ptem
883 1447 1002 1495 prorsum
1018 1449 1069 1484 noa
1084 1435 1173 1485 uidisse
1187 1438 1322 1497 prosena.

235 1511 285 1571 Qui
301 1510 389 1560 minos
401 1505 593 1570 intelligebant,
612 1506 710 1556 misere
722 1505 761 1555 in·
798 1509 852 1558 Cic.
872 1508 906 1559 ad
922 1511 974 1558 Att.
995 1507 1039 1569 40,
1061 1509 1089 1568 8,
1112 1509 1142 1558 6;
1169 1523 1214 1560 eae
1232 1517 1324 1574 septem

234 1581 446 1647 terpolauerunt‚
465 1581 561 1646 partim
578 1593 706 1630 uersuum
719 1593 761 1628 or·
797 1582 888 1632 dabra.
909 1581 972 1646 (Alia
989 1583 1054 1632 ratio
1076 1585 1117 1633 est
1135 1582 1256 1636 locorum
1271 1587 1324 1637 Lu-

235 1658 325 1708 dinem
348 1658 525 1718 invertentes,
552 1656 649 1721 partim
675 1654 759 1704 uerba
797 1656 905 1718 creti,
926 1657 1192 1721 aeternamm.)

234 1730 358 1783 nonnulla
376 1732 519 1782 mutantes.
533 1757 562 1768 -
575 1728 684 1793 animae]
701 1729 760 1780 »in-

234 1809 342 1870 genium
364 1808 503 1870 praestans
524 1807 605 1868 etque
627 1805 758 1863 erectum,
829 1805 933 1856 tta-et.
962 1805 1031 1856 Plebs
1055 1807 1115 1868 eris]
1145 1808 1324 1860 «Contemne-

234 1880 406 1933 laudabilium
423 1883 450 1932 et
467 1881 698 1943 magnanimorum
718 1879 759 1928 in·
797 1867 846 1941 tls,
880 1880 948 1929 inter
972 1879 1080 1944 plebem
1103 1881 1271 1945 reputaberis
1297 1888 1324 1935 et

235 1959 375 2022 ceptorum
397 1969 510 2020 capax.»
536 1983 564 1992 -
593 1953 694 2018 lingua]
719 1953 760 2003 la·
797 1956 822 2004 io
838 1955 902 2004 tttv.
916 1953 1054 2005 ordinibus
1073 1967 1126 2006 non
1143 1955 1278 2008 sedebis.»
1293 1987 1321 1996 -

235 2033 339 2083 cundia.
361 2057 388 2068 -
406 2030 522 2096 fidesque]
549 2029 609 2092 Est,
635 2031 665 2078 ut
685 2029 758 2078 recte
795 2031 869 2094 paeri
893 2030 1002 2082 ludentes
1026 2030 1093 2095 cet]
1120 2031 1162 2080 sic
1187 2030 1323 2096 explican-

235 2110 287 2158 iam
299 2106 456 2170 significavit
467 2103 621 2164 Lambinus,
640 2103 758 2162 Credit,
798 2105 861 2156 dum
879 2103 997 2154 videtur:
1030 2105 1121 2155 «Pueri
1140 2105 1185 2155 ubi
1206 2107 1276 2156 inter
1293 2121 1323 2158 se

235 2181 321 2232 «bona
338 2181 447 2231 lamaet
464 2180 574 2245 propter
589 2178 760 2229 honestatem
797 2177 903 2240 ludunt,
926 2180 971 2242 qui
998 2176 1113 2242 plurium
1136 2179 1178 2231 vel
1202 2181 1323 2232 omnium

234 2259 261 2306 et
289 2258 399 2321 propter
423 2251 587 2317 aliquantum
614 2253 757 2316 pecuniae,
796 2253 894 2303 iudicio
925 2254 995 2304 inter
1022 2267 1116 2304 omrres
1144 2254 1323 2305 dexterrimus

234 2329 357 2395 quamvis
373 2328 408 2379 ad
429 2329 583 2391 equestrem
604 2325 759 2390 dignitatem
797 2330 852 2388 est,
871 2341 918 2378 rer
935 2326 1140 2378 declarabitur.»
1168 2329 1217 2380 Dio
1235 2330 1324 2392 Chry-

235 2417 288 2454 non
306 2402 446 2454 sulliciat.»
476 2401 515 2452 Cl.
533 2402 652 2465 Pompeii
675 2402 757 2466 Epist.
797 2405 931 2452 sostomus
954 2402 989 2452 de
1011 2415 1094 2465 regno
1116 2416 1155 2452 or.
1174 2402 1198 2454 l.
1216 2417 1242 2468 p.
1265 2405 1320 2454 tar.

234 2480 259 2528 in
280 2477 385 2530 Salustii
411 2477 451 2527 Fr.
471 2475 519 2528 Ed.
541 2489 619 2526 meae
644 2489 671 2540 p.
695 2477 758 2525 l‘ll:
796 2477 841 2528 tt:
861 2471 1067 2548 Οὐδὲγὰρτών
1085 2471 1223 2528 παίδωνὸ
1240 2475 1323 2542 νική-

233 2555 288 2618 Ego
304 2568 355 2604 ooo
370 2566 424 2602 rem
439 2551 593 2616 familiarem
609 2553 697 2612 modo,
714 2563 760 2601 ve·
796 2565 868 2613 σας,
899 2544 970 2601 ὅταν
997 2555 1152 2615 avigerna,
1180 2549 1214 2602 ὃν
1239 2547 1323 2604 αὐτοὶ

232 2630 384 2679 nunctiant
399 2629 473 2693 4441044
489 2628 637 2688 consumpsi.
667 2627 757 2676 llorat.
796 2639 871 2686 φασι
900 2624 1036 2686 βασιλέα,
1067 2623 1107 2692 τῷ
1141 2620 1203 2678 ὄντι
1233 2625 1322 2687 βασι-

234 2707 300 2769 Epp.
315 2705 384 2766 4,6,
403 2703 448 2754 36:
476 2702 574 2752 Scilicet
584 2715 760 2752 accrescant
796 2696 861 2762 λεύς
878 2698 964 2750 ἐστιν.
1001 2702 1121 2765 (Propter
1137 2701 1226 2764 ipsum
1242 2716 1268 2751 v.
1280 2703 1323 2752 ta·

234 2781 291 2830 dote
305 2780 427 2843 tidenaqae
443 2782 466 2828 et
483 2777 577 2826 amieos
592 2777 625 2826 ttt
644 2789 722 2841 genere
738 2783 761 2828 et
796 2775 879 2824 danes
894 2775 974 2838 laeuis
991 2776 1018 2824 in
1035 2773 1128 2837 ludis»)
1146 2776 1190 2825 bic
1201 2775 1276 2827 locus
1288 2777 1323 2826 ad

232 2855 343 2917 {mam
358 2852 448 2916 regina
465 2852 574 2902 Pecunia
589 2853 675 2903 donat.
710 2849 760 2902 Alii
797 2847 913 2914 pueriles
935 2847 1073 2899 dumtaxat
1093 2847 1170 2899 ludos
1191 2850 1324 2900 referatur

235 2928 303 2996 (coll.
317 2928 365 2980 0d.
378 2929 408 2988 i,
428 2927 474 2988 ts,
493 2927 522 2976 9:
546 2926 578 2978 At
597 2927 658 2991 tides
673 2932 696 2976 et
718 2927 760 2976 ia-
797 2935 909 2974 neeesse
927 2925 981 2982 est,
1001 2934 1069 2982 non,
1089 2925 1125 2972 uti
1143 2935 1207 2974 sane
1225 2926 1323 2976 imme-

234 3005 291 3067 geoi
315 3003 429 3066 Benipaa
453 3015 518 3052 oeric
543 3001 602 3066 est.)
629 3001 762 3065 explicant
797 2999 847 3048 rito
870 3009 915 3050 me
938 2996 1140 3060 reprebendens
1162 2999 1199 3048 ait
1223 2997 1323 3050 Dillen·

235 3075 396 3142 «probitas»
412 3075 465 3126 sed
477 3075 538 3127 buic
551 3075 760 3140 interpretationi
797 3073 897 3135 berger
913 3072 940 3122 in
957 3073 1047 3134 Progr.
1065 3072 1187 3136 aquisgr.
1202 3073 1275 3125 4844.
1294 3088 1319 3139 p.

234 3153 370 3204 adversari
395 3151 502 3201 videtur
526 3152 583 3215 ipse
614 3149 760 3202 verborum
797 3150 833 3199 9.:
852 3146 949 3198 «Aliter
966 3146 1086 3210 prolecto
1103 3147 1171 3197 baec
1188 3160 1230 3198 vv.
1248 3150 1324 3199 sire·

235 3229 310 3280 ordo.
325 3227 394 3288 Quid
403 3229 474 3277 enim
486 3227 669 3279 inconcinnius
678 3239 760 3290 quam
796 3227 834 3274 cte
849 3222 927 3285 socies
944 3220 1065 3272 scribere
1082 3233 1136 3271 non
1152 3223 1249 3285 potuit,
1271 3224 1322 3274 nisi

235 3303 287 3354 boc
304 3315 385 3354 sensu
404 3313 509 3352 »mores
527 3302 645 3363 bonesti,
667 3301 761 3352 iacun·
797 3299 827 3348 ut
843 3297 968 3347 iustitiam
985 3296 1011 3346 in
1030 3295 1171 3348 iudicando
1189 3299 1216 3348 et
1232 3297 1322 3362 probi-

235 3376 277 3428 dia
301 3376 515 3441 probitasquen‘l
544 3377 612 3426 Nam
638 3377 676 3426 sic
700 3376 761 3439 tides
799 3375 880 3423 tatem
890 3372 916 3420 in
926 3370 1029 3434 agendo
1044 3371 1230 3435 significaret.»
1249 3369 1321 3422 Talia

235 3463 301 3502 num
318 3449 390 3502 aliud
407 3453 448 3501 est
472 3462 553 3513 quam
570 3461 677 3501 morum
698 3463 761 3500 rur·
796 3460 862 3498 vero
888 3445 984 3496 iudicia
1002 3459 1016 3496 o
1039 3447 1130 3510 pueris
1156 3445 1323 3498 decennibus

234 3539 282 3577 sus
301 3527 383 3590 pars‘t
402 3553 429 3562 -
448 3525 542 3588 derunt]
567 3525 633 3576 Huic
654 3523 760 3576 lectioni
797 3535 850 3573 nou
868 3520 953 3583 liunt.)
993 3520 1124 3572 Dillerunt
1149 3535 1227 3584 saue,
1254 3533 1322 3585 quos

235 3603 307 3654 iavet
327 3601 455 3651 concinna
476 3599 607 3663 oppositio
630 3599 699 3650 inter
715 3611 758 3650 vv.
797 3598 851 3648 buc
863 3597 1012 3655 traxerunt.
1032 3593 1074 3646 alil
1086 3593 1153 3656 ludi,
1172 3597 1320 3646 utSuetou.

234 3679 292 3725 caat
316 3677 343 3724 et
368 3675 463 3724 desum.
498 3702 525 3709 -
554 3673 759 3738 quadringentis]
797 3675 859 3723 Ner.
873 3671 919 3721 35:
938 3671 1044 3720 docatus
1060 3675 1083 3722 et
1099 3671 1207 3733 capedo
1222 3670 1320 3730 ladem

236 3749 432 3814 Quadringenta
463 3746 533 3798 milia
563 3749 593 3798 ll.
615 3749 641 3798 S.
663 3761 760 3798 census
798 3749 825 3797 et
842 3747 926 3810 Spart.
945 3746 1005 3794 Ser.
1023 3746 1051 3794 i:
1079 3745 1176 3794 aalma
1192 3745 1322 3794 wania-

236 3827 293 3874 erat
304 3825 439 3886 equester.
452 3822 590 3886 (8⁰000Fr.
600 3821 672 3884 Gall.)
684 3823 758 3873 Cool.
796 3826 834 3872 ter
847 3833 941 3883 pueros
956 3819 1044 3868 ladam
1065 3819 1114 3868 oid
1138 3819 1178 3868 ad
1202 3819 1323 3868 iudices

235 3902 265 3950 Α.
278 3900 306 3949 Ρ.
321 3898 378 3948 383.
402 3899 451 3958 Qui
463 3895 597 3959 aliquanto
608 3896 668 3961 plus
680 3897 760 3948 etiam
797 3896 923 3956 coacuit,
942 3907 999 3944 com
1015 3896 1067 3956 ipse
1080 3895 1204 3956 praetatis
1214 3893 1324 3958 [acubus

234 3972 409 4038 possidebant
432 3977 459 4022 et
481 3983 595 4036 quorum
619 3972 672 4021 iam
695 3985 761 4022 avus
797 3985 828 4020 ac
852 3969 979 4021 marita
1002 3970 1090 4019 ordine
1110 3982 1250 4031 puerorum
1268 3970 1322 4019 cir-

234 4049 365 4111 ingenuus
388 4045 487 4108 luerat,
515 4048 618 4110 equites
639 4046 759 4108 miuus,
797 4046 1081 4096 maculantesederetac
1097 4044 1229 4094 iudicaret.
1264 4046 1323 4108 [Ce-

234 4123 364 4185 mediat,
382 4123 491 4185 insigma
506 4121 681 4180 vocabantur,
701 4121 761 4184 qui·
798 4123 885 4171 terum
912 4117 984 4170 Plato
1001 4130 1108 4182 quoquo
1127 4118 1222 4170 talibus
1244 4117 1322 4171 ludo-

234 4197 286 4248 bus
322 4203 406 4248 tenues
442 4196 655 4261 opponebantur.
705 4196 758 4248 Cir.
797 4207 857 4244 rum
875 4191 1017 4257 puerilium
1035 4191 1154 4244 lormulis
1172 4194 1323 4245 utitueri·

235 4273 331 4336 Zumpt
354 4271 416 4322 iiber
441 4273 480 4322 die
505 4271 648 4322 senocto»
673 4271 758 4322 liitter.
798 4269 851 4320 leb.
874 4282 902 4332 p.
929 4267 960 4316 49
983 4267 1013 4316 Ε.
1037 4267 1152 4318 Tbeaet.⁴
1169 4282 1195 4333 p.
1221 4267 1269 4319 446
1289 4270 1319 4318 Α.

236 4345 483 4396 sortiter-attonat.
498 4345 571 4396 4839.
585 4357 610 4409 p.
622 4345 662 4396 aa.
675 4371 703 4382 -
717 4358 762 4396 sce
799 4343 852 4394 Cir.
866 4340 952 4393 Sebol.
967 4342 992 4392 in
1005 4342 1140 4394 Theaetet.
1153 4356 1179 4406 p.
1193 4343 1241 4394 897
1253 4343 1281 4394 b.
1293 4356 1319 4392 v.
