3090 4974
306 433 368 497 656
665 433 793 485 uonurn
810 434 1030 488 ensromnou

349 593 416 658 liae
438 589 567 656 rabiosa
588 589 666 677 lugit
688 591 792 668 oanis,
816 591 876 658 heo
898 588 1052 657 lutulenta
1074 590 1137 656 ruit
1159 611 1231 656 sus:
1350 591 1387 655 75

350 714 361 776 l
385 732 469 778 nuno
492 721 524 778 et
546 731 660 779 versus
684 721 790 778 tecum
812 712 969 780 meditare
991 731 1138 780 canoros.

349 833 548 920 Scriptorum
571 833 689 900 chorus
711 834 815 901 omnis
838 844 924 900 amat
944 853 1059 901 nemus
1081 843 1114 900 et
1127 833 1207 921 sugit
1220 833 1349 910 urbem,

348 955 418 1021 Rite
441 953 540 1023 oliens
562 955 679 1022 Bacohi
702 975 815 1023 somno
837 954 1007 1042 gaudentis
1029 965 1062 1022 et
1083 954 1215 1022 umbra:

349 1078 395 1142 Tu
417 1095 469 1142 me
492 1076 574 1143 iuter
596 1076 748 1162 strepitus
770 1086 944 1144 nocturnos
967 1087 1065 1164 alque
1091 1076 1225 1144 diurnos

372 1247 414 1296 75.
436 1245 609 1296 Hirro--lao
626 1245 652 1296 d.
673 1271 701 1280 -
718 1245 782 1308 tiri-it
798 1257 813 1295 e
832 1245 897 1296 cod.
917 1246 944 1296 F.
972 1247 1011 1310 (ur
1028 1259 1090 1309 uos,
1112 1259 1207 1298 omnes
1227 1249 1311 1300 nostri
1335 1250 1360 1299 et

338 1321 473 1384 Potlierii.)
492 1347 521 1358 -
549 1321 589 1370 77.
612 1319 699 1369 orbem
715 1318 803 1379 hScd,
822 1319 887 1370 Cod.
909 1322 1033 1385 l'raueq.,
1052 1321 1105 1371 duo
1123 1322 1263 1384 semidii,
1289 1322 1362 1374 talea

340 1395 393 1445 duo
410 1395 548 1455 Schmidii,
568 1395 679 1445 LCtFMs
697 1396 725 1444 el
740 1392 883 1446 Bentleius.
909 1395 981 1459 (sopit
996 1395 1069 1446 urbes
1086 1397 1153 1460 llile,
1176 1397 1252 1448 oliam
1268 1397 1361 1448 distin-

309 1561 336 1572 -
355 1533 732 1600 prpi2110elerrimecumit,»
750 1535 832 1584 otest
868 1534 931 1600 Rite]
950 1536 1072 1596 «merito,
1099 1535 1328 1599 quemadmodum
1345 1537 1388 1586 de·

307 1612 401 1660 natura
418 1609 496 1659 huius
514 1607 631 1672 pestiferi
649 1606 745 1658 morbi.
775 1609 831 1658 lom
868 1608 930 1670 bet,
950 1608 1113 1660 clieusncet.
1142 1611 1241 1668 Nemo.
1260 1614 1390 1675 utspero,

307 1683 434 1744 Galenus,
449 1683 556 1732 notante
568 1680 693 1740 Mamilio,
707 1681 775 1731 inter
786 1695 833 1732 uo-
870 1695 931 1732 oum
948 1682 1065 1734 Bentleio
1083 1697 1109 1733 v.
1120 1685 1170 1734 rito
1186 1684 1322 1748 separabit
1337 1699 1352 1736 e
1367 1698 1389 1734 v.

307 1765 347 1810 tes
365 1759 437 1808 cauis
454 1757 577 1807 rabiosae
588 1757 663 1820 pouit
674 1751 707 1806 ul
719 1749 833 1823 ἀλόγως
869 1757 951 1808 cliens,
973 1785 1001 1793 —
1019 1757 1102 1823 oliuu]
1127 1759 1188 1822 «qui
1210 1759 1237 1808 iu
1255 1757 1337 1810 tulela
1354 1763 1392 1810 est

307 1836 417 1906 τρέχειν
439 1836 466 1883 et
482 1833 586 1882 Gratius
609 1834 634 1882 iu
653 1833 754 1894 Cyneg.
773 1831 830 1882 ³88.
869 1832 983 1895 Bacchi,
1010 1833 1056 1895 qui
1081 1831 1149 1884 deus
1174 1844 1238 1884 eum
1265 1833 1391 1898 inspirare

307 1910 378 1960 idem
391 1908 483 1960 tradit:
502 1909 546 1958 Illo
563 1906 734 1970 (vermiculus
749 1905 831 1968 cauis)
870 1905 964 1958 solet.»
979 1933 1006 1943 —
1025 1908 1116 1958 llaeclri
1133 1921 1218 1958 somno
1236 1909 1299 1970 cet]
1318 1910 1343 1959 in
1358 1907 1392 1958 lo-

305 1985 348 2034 ulu'
364 1983 433 2034 salso
448 1984 490 2032 rili
499 1983 626 2044 proecepit
636 1983 733 2032 viscora
745 1982 830 2044 leupo,
871 1982 909 2032 aia
926 1981 1061 2033 umbrosis
1079 1985 1106 2032 et
1125 1981 1257 2034 solitariis.
1289 1983 1328 2036 Cl.
1345 1983 1390 2034 Od.

305 2059 415 2110 aestiuos
445 2057 548 2108 uibrans
581 2057 690 2108 aroensis
725 2055 833 2120 {eumue
869 2055 899 2116 3,
918 2056 964 2116 25,
984 2055 1008 2106 l.
1036 2057 1169 2108 Bacchum
1186 2059 1225 2108 sic
1242 2059 1328 2108 otiose
1345 2057 1392 2108 hu-

306 2135 384 2198 ipnor,
397 2133 549 2194 Moliturque
557 2132 633 2196 sapor
644 2137 667 2180 et
677 2131 758 2180 rodam
765 2142 834 2191 sper»
870 2132 907 2181 mi
932 2132 1045 2181 stratum
1062 2131 1124 2182 vide
1142 2131 1214 2197 apud
1230 2133 1391 2182 vircomium

306 2209 344 2258 nit
359 2212 482 2256 moelem
512 2207 601 2256 Lectio
614 2203 832 2269 fitrdreiicienda
869 2208 982 2257 Monam.
1001 2207 1094 2270 Borpl.
1112 2208 1185 2258 Foar.
1199 2208 1224 2258 2.
1245 2207 1306 2258 Tuo.
1319 2209 1344 2258 8.

307 2279 350 2332 vel
374 2283 485 2346 propior
509 2294 534 2330 r.
559 2280 674 2338 rubiora;
702 2279 743 2329 bis
761 2279 832 2328 euim
903 2281 944 2331 80.
971 2281 1109 2345 contractu]
1128 2282 1165 2332 Ex
1182 2281 1316 2346 frequenti
1334 2283 1392 2332 lma·

306 2358 378 2407 idem
392 2356 501 2406 diceret.
517 2383 544 2392 ·-
558 2355 687 2416 lutulmtu]
701 2352 832 2414 «ideoque
870 2356 930 2418 gine
948 2357 1045 2406 summi
1060 2357 1159 2420 quique
1171 2359 1267 2420 poetae
1278 2369 1331 2420 per
1340 2357 1391 2406 ries

306 2431 362 2483 luto
380 2433 406 2480 te
424 2429 618 2492 inquinatura.»
647 2431 704 2480 Non
725 2430 766 2478 est
783 2427 832 2490 igi·
870 2429 998 2480 incedunt
1014 2430 1105 2481 autab
1118 2432 1181 2494 ipsis
1192 2431 1392 2495 patefactaseut

308 2511 364 2566 tur.
383 2507 413 2554 ut
425 2503 541 2555 nonnulli
554 2503 745 2569 opinabantur,
765 2501 833 2552 olio-
871 2508 944 2555 certe
958 2503 1096 2562 diitlciles;
1114 2505 1237 2571 hinoipsi
1249 2507 1392 2557 invisorie

308 2593 368 2632 sum
384 2578 527 2630 ἐπίθετον.
555 2578 594 2629 Ci.
608 2580 673 2644 Epp.
693 2580 721 2638 l,
738 2579 768 2638 2,
784 2578 830 2627 26:
870 2579 980 2642 vestigia
992 2581 1141 2629 contrairent
1154 2591 1265 2632 neeesse
1277 2583 1333 2642 est;
1350 2581 1392 2645 lol-

307 2655 391 2706 omioo
407 2654 524 2705 Morsu.
547 2679 572 2690 —
594 2652 697 2717 leuno]
722 2653 834 2716 ·sipo-
869 2655 1393 2720 pendemsclmolriclwiodendml'sode

303 2735 376 2786 tes.»
393 2728 452 2781 Vid.
466 2729 499 2778 ad
512 2729 577 2793 lipp.
592 2729 621 2788 t,
639 2728 667 2789 6,
681 2728 721 2778 ll.
741 2729 830 2777 loven.
870 2729 1035 2780 derDiattrr.
1054 2729 1168 2780 Menneu.
1197 2731 1318 2794 Propert.
1331 2730 1355 2790 l,
1369 2731 1390 2789 t,

308 2804 357 2865 ill,
376 2804 439 2854 too:
458 2804 624 2853 ldemenret
641 2802 729 2864 (noui)
746 2813 835 2851 roeuur
871 2803 914 2854 ll:
942 2804 999 2853 Nou
1024 2804 1102 2853 dator
1126 2803 1161 2852 orl
1184 2804 1271 2854 limos
1293 2815 1393 2855 murm

306 2891 382 2929 curre
395 2892 442 2940 per
457 2879 543 2940 Alpes,
567 2876 613 2926 ubi
630 2876 690 2927 vide
709 2875 833 2927 Heinrich
869 2878 924 2928 loto
946 2879 1000 2926 oio.
1036 2879 1189 2928 Leotiooem
1212 2883 1330 2928 comaclu
1350 2877 1391 2942 qui

307 2955 339 3002 ll.
358 2964 386 3016 p.
400 2953 457 3002 397.
484 2953 521 3002 lta
540 2951 632 3002 Graeci
650 2963 767 3014 quoque.
798 2951 831 3002 li.
871 2951 1031 3012 defenduut,
1049 2951 1196 3002 admodum
1210 2949 1352 3004 artificiose
1367 2953 1392 3002 et

307 3027 454 3077 Antoninus
476 3027 505 3086 9,
528 3027 573 3076 29:
597 3017 699 3091 Ὕπαγε
714 3021 768 3074 νῦν
783 3023 833 3074 καὶ
870 3039 967 3092 perum
982 3025 1157 3090 probabiliter
1168 3023 1315 3090 explicent:
1335 3025 1392 3076 udo

305 3095 488 3170 Ἀλέξανδρόν
508 3115 561 3165 μοι
579 3098 651 3166 λέγε.
673 3127 700 3136 -
719 3097 833 3162 canoros]
871 3113 921 3152 uec
939 3101 1107 3163 contigeris.»
1141 3099 1327 3164 Dilleuburger
1346 3113 1391 3149 au-

309 3175 395 3226 «bene
413 3174 598 3234 modulatos;»
616 3185 685 3225 unus
700 3173 772 3238 apud
784 3175 833 3224 Fe-
870 3178 939 3236 tem,
968 3175 1013 3237 qui
1041 3175 1159 3239 recepit,
1190 3176 1390 3240 iuterpretatur:

309 3265 352 3301 am
368 3263 483 3312 rouoroa,
510 3263 543 3300 ex
559 3247 728 3312 glossemate.
746 3276 773 3284 -
789 3249 834 3312 fu-
871 3250 930 3299 «Vis
948 3262 992 3299 me
1009 3251 1223 3313 vestigiavatum
1240 3252 1390 3314 contingere

307 3326 344 3391 pit
359 3323 454 3387 ortem]
477 3323 655 3375 Praestantior
671 3323 738 3374 haec
755 3320 832 3374 lectio
870 3325 898 3374 et
927 3325 1047 3386 sequuti
1087 3325 1168 3374 Recte
1198 3323 1388 3376 liitscherlioh:

309 3399 394 3450 Codd.
417 3410 539 3448 meorum
561 3398 699 3460 antiquiss.
723 3399 750 3447 el
766 3397 832 3448 alio·
868 3399 1119 3460 eunomiumne,
1142 3397 1261 3449 nondum
1279 3398 1390 3450 imitato-

308 3487 369 3524 rum
381 3473 448 3523 Foae
461 3486 494 3522 eo
506 3472 613 3522 nomine
624 3470 742 3531 videtur,
760 3471 832 3534 quod
869 3485 929 3522 rum
947 3471 1025 3523 turba
1042 3473 1151 3536 protrita
1170 3485 1202 3522 ae
1219 3472 1353 3524 dilatam·

306 3549 372 3612 sapit
395 3547 482 3596 urbem
505 3547 624 3608 (Romam
644 3546 788 3609 praecipue
806 3547 834 3594 et
902 3547 990 3598 tlt-86.
1006 3545 1390 3612 Inperiomoet.]«0uid‚quod

308 3622 373 3673 alias
390 3634 498 3685 quoque
510 3619 600 3678 urbes]
614 3617 709 3669 clarius
722 3620 773 3670 hoo
785 3633 833 3668 ex·
869 3634 950 3686 saepe
968 3621 1091 3673 videmus
1109 3635 1156 3673 eos
1172 3623 1259 3686 ipsos,
1284 3623 1329 3685 qui
1346 3635 1391 3686 per

309 3699 413 3762 primii:
432 3693 751 3756 «vitatmultitudiuemn,
770 3707 832 3744 oum
870 3695 978 3759 longum
1004 3699 1110 3760 tempus
1136 3696 1162 3746 in
1185 3694 1244 3746 looo
1270 3695 1305 3746 nh
1322 3694 1390 3747 omui

307 3773 372 3837 {opit
387 3771 461 3821 orlaa
484 3770 572 3834 potius
589 3769 732 3832 significet:
759 3781 833 3820 «nou
870 3771 981 3835 strepitu
1001 3784 1086 3820 vaouo
1111 3773 1137 3821 et
1159 3771 1338 3834 quietissimo,
1364 3771 1392 3820 ut

309 3846 414 3896 aceedit
429 3845 464 3896 ed
481 3843 590 3894 urbes.»
620 3844 662 3894 Sic
679 3841 771 3892 itidem
788 3856 834 3894 no-
870 3847 932 3896 sunt
948 3845 1079 3904 Athenae,
1098 3856 1236 3896 summum
1250 3846 1390 3909 perodum

307 3935 364 3972 mur
385 3933 467 3970 uuum
486 3917 594 3983 aliquod
610 3913 833 3988 ποιητικώτερον
869 3919 975 3980 litteris,
994 3919 1068 3985 podsi
1081 3919 1222 3983 imprimis,
1235 3932 1333 3971 vacare
1344 3932 1391 3984 po-

309 4008 391 4058 quam
407 4007 519 4046 nonore.
551 3993 620 4044 «Cir.
636 3993 831 4053 luveu.Sat.l‚
870 3995 989 4055 luerunt,
1016 4007 1069 4044 nou
1086 4007 1119 4044 eo
1138 3995 1294 4058 pervenire,
1321 3998 1350 4044 ut
1366 3993 1390 4042 iu

309 4071 358 4119 57:
384 4069 516 4121 amau
540 4080 629 4119 coruos
650 4067 751 4117 unimus
771 4067 834 4130 sarit
870 4066 968 4120 Urbem
998 4070 1099 4120 reversi
1126 4081 1188 4120 oum
1214 4081 1341 4120 successu
1366 4069 1391 4116 et

311 4145 408 4207 (vatem
421 4142 579 4206 egregium),
598 4142 677 4192 onmis
691 4141 776 4192 oeerbi
785 4142 834 4192 lm·
869 4142 1037 4207 popularium
1050 4142 1179 4208 applausu
1190 4145 1284 4206 poesia
1295 4141 1388 4200 colant,

307 4219 417 4281 potiens.
442 4219 547 4280 elpidio
571 4219 694 4268 omem
710 4221 833 4280 aptusque
870 4215 918 4267 sed
936 4229 983 4267 eos
999 4217 1107 4281 saepius
1124 4215 1231 4268 sibimet
1250 4213 1389 4282 displicen-

310 4291 830 4344 tibmdirllontilaadonldum.nllnuu.-
870 4292 910 4342 tes
935 4303 968 4340 uc
993 4289 1163 4342 meticulosos
1183 4289 1315 4342 silentium
1332 4302 1388 4340 ser-
