3090 4974
576 441 797 492 nesrosncx.
1166 436 1222 502 not

183 601 244 663 but
267 595 384 662 flumen
408 596 553 662 Rhenum
575 607 630 664 eut
654 597 781 684 pluvius
804 595 998 662 describitur
1020 615 1131 674 urcus3

183 719 248 786 Sec
270 739 355 784 nunc
377 739 441 784 non
465 729 534 784 eret
556 719 605 784 bis
632 717 732 784 iocus.
778 719 814 782 Et
836 719 972 784 sortasse
994 737 1184 804 cupressum

182 841 253 907 Scis
276 839 445 906 simulare:
468 839 546 927 quid
570 839 646 914 boc,
671 839 697 904 si
722 839 828 905 tractis
852 850 960 904 enatet
980 859 1098 926 exspes
1187 839 1227 902 90

184 961 339 1035 Navibus,
365 981 440 1027 ecre
465 961 539 1026 dato
562 961 618 1048 qui
641 961 805 1048 pingitur?
826 959 988 1048 Amphora
1010 961 1117 1046 coepit

184 1083 324 1148 institui:
348 1092 499 1148 currente
524 1091 592 1148 rota
616 1103 674 1148 cur
696 1103 815 1149 urceus
838 1083 922 1148 exit?

209 1291 248 1340 rs.
268 1257 561 1353 rennuendum,
585 1292 661 1340 utens
682 1290 732 1342 atri.
754 1319 781 1328 -
807 1293 846 1340 re.
864 1306 914 1340 ιωι
931 1305 997 1340 nunc
1013 1291 1042 1340 e,

139 1489 223 1539 presso
243 1476 353 1526 mutem·
386 1477 459 1526 iixsu
484 1477 559 1526 Turs.
582 1478 612 1526 ii.
638 1490 664 1540 p.
683 1477 686 1533 t
703 1479 757 1526 Set.
774 1478 805 1534 2,
825 1477 853 1536 t,
872 1476 912 1526 33.
933 1505 961 1515 -
984 1478 1104 1542 Nauibus]
1127 1479 1227 1529 tieese-

140 1552 198 1601 ocu.
221 1577 244 1586 -
262 1551 415 1614 cupressum]
434 1551 585 1614 «cupresso
602 1549 665 1599 ninii
683 1538 686 1605 Ι
704 1553 766 1599 runt
787 1552 812 1599 in
833 1550 885 1600 bec
905 1549 1013 1614 pioreii,
1037 1565 1099 1603 cum
1123 1553 1157 1602 de
1174 1565 1227 1604 uuo

141 1624 241 1676 facilius
260 1627 332 1689 pingi
348 1627 461 1689 potest.»
484 1627 569 1675 Vicus.
589 1627 667 1675 «Pro-
703 1624 830 1688 neuirego
846 1629 951 1688 agotum
970 1641 1064 1678 verum
1082 1641 1116 1678 co
1130 1628 1229 1678 tristior

141 1699 264 1750 verbium
285 1703 328 1751 eet
349 1701 374 1749 in
396 1698 495 1750 metum
518 1701 664 1763 pictorem,
703 1698 732 1747 tit
757 1699 857 1761 irnego,
885 1701 907 1750 si
933 1699 1025 1763 piures
1046 1700 1124 1752 simui
1144 1715 1227 1752 neves

142 1775 187 1838 qui
204 1775 343 1826 nesciebat
358 1773 428 1825 eliud
451 1775 561 1839 pingere
584 1786 665 1836 quem
702 1773 836 1836 procellae
845 1775 946 1838 impetu
955 1777 1151 1840 opprimuntur.
1165 1775 1228 1839 (Na-

142 1861 310 1913 cupreesum.
337 1849 666 1912 Abbocneutrsgusqui-
701 1847 773 1898 ottus
785 1850 815 1897 ut
828 1850 1077 1912 curtum,puppib1u
1089 1850 1170 1908 Orbi,
1186 1849 1225 1906 tt,

141 1923 204 1976 dem
227 1925 334 1988 petivit,
361 1926 391 1974 ut
414 1923 517 1974 ruitum
539 1934 619 1974 suum
639 1923 667 1971 et
703 1922 727 1970 i.
750 1921 834 1972 etti.
853 1925 949 1986 accipit
972 1926 1096 1976 Dtintzer.
1127 1925 1226 1974 Verum

141 1998 309 2062 neuiregium
327 1999 498 2063 exprimeret.
517 1996 563 2048 lite
580 1998 666 2048 inter·
703 1999 732 2046 ut
748 1995 784 2044 ibi
802 1997 948 2047 decurtate
965 1999 1142 2059 concedetur,
1158 2013 1227 2061 pup-

141 2075 256 2136 rogevii,
284 2085 349 2123 uum
374 2087 407 2122 ex
434 2085 563 2136 cupresso
585 2071 667 2123 vellet
699 2069 774 2131 pibus
789 2070 890 2126 ibidem
906 2085 987 2123 verus
1005 2076 1132 2123 estnum.
1147 2073 1226 2137 plur..

140 2146 239 2210 aliquid
257 2147 378 2210 edpingi;
401 2146 474 2209 quod
490 2145 665 2209 proverbium
703 2146 843 2208 «cuiquem
860 2148 978 2211 puppis)
991 2173 1019 2184 -
1030 2147 1165 2212 emptore]
1179 2149 1228 2196 Νο-

141 2223 247 2272 Greecis
265 2222 291 2271 in
309 2233 360 2272 usu
372 2223 426 2272 est:
445 2217 488 2286 μή
507 2235 533 2271 τι
551 2222 600 2271 καί
617 2237 668 2272 uu·
702 2232 737 2268 ve
753 2221 855 2283 tmego:
884 2220 997 2272 «talibus
1017 2221 1228 2285 digressionibus

141 2298 286 2365 πσρίασου
303 2295 430 2358 sisterem
448 2298 540 2347 Senot.
571 2298 666 2356 Quein
704 2293 746 2354 tit,
765 2299 794 2346 ut
806 2297 937 2360 prodeunt
948 2300 1072 2360 poemate
1087 2296 1226 2356 deformis,

141 2371 255 2434 imagine
273 2372 340 2422 hoec
357 2371 423 2421 ietet
439 2373 585 2422 sententia:
605 2371 667 2421 «Ni-
703 2383 817 2433 quorum
835 2373 920 2422 exitus
932 2385 1104 2436 nequaquem
1116 2384 1228 2435 respon-

140 2443 178 2494 bii
200 2457 265 2496 sene
285 2458 354 2510 opus
375 2447 416 2496 est
438 2447 602 2496 ornamentis
619 2459 667 2496 eu·
703 2444 749 2495 det
765 2449 936 2509 argumento,
963 2447 1035 2510 quod
1059 2446 1227 2497 trectendum

142 2521 314 2583 perveceueis
331 2521 359 2569 et
375 2520 409 2569 ed
429 2520 598 2584 propositum
615 2521 667 2570 mi·
703 2523 860 2583 susceperat
879 2523 1018 2584 scriptor.»
1039 2549 1066 2558 -
1085 2523 1165 2584 eoepit
1184 2523 1229 2570 Iu-

142 2595 214 2644 nime
242 2594 452 2658 pertinentibus3
489 2596 571 2645 immo
606 2594 667 2646 teliu
702 2594 779 2657 rmus]
792 2596 1229 2645 constructioneeciceronenun-

141 2667 268 2732 quodque
292 2673 387 2732 poema
413 2669 526 2732 turpiter
548 2667 667 2719 dedeco·
703 2681 784 2732 quem
803 2671 930 2733 usurpate
947 2682 997 2733 pro
1010 2675 1098 2732 coeptu
1114 2669 1230 2720 eetiruti·

141 2745 226 2792 rent.»
241 2769 269 2780 -
281 2743 410 2805 ιίιιιιιίαιο]
430 2743 608 2808 «μιμεῖσθαι,
621 2757 669 2808 pe·
703 2744 749 2792 tui.
767 2743 826 2792 Vid.
846 2745 993 2793 Excursum
1014 2745 1045 2793 ii.
1066 2771 1093 2780 -
1113 2745 1227 2792 Prover-

142 2816 228 2868 uicitio
246 2819 425 2881 exprimere.»
455 2819 617 2882 cumps,
637 2820 664 2879 t,
703 2817 778 2868 bium
804 2819 862 2867 eret
888 2819 1019 2867 Graecum
1041 2814 1127 2883 ἐντῷ
1151 2815 1227 2880 πίθῳ

140 2892 200 2943 stt.
215 2917 244 2930 —
263 2893 359 2956 exspes]
377 2891 544 2944 Vocabulum
561 2893 667 2944 estium
702 2889 757 2958 τὴν
773 2893 929 2962 κεραμιίαν
945 2891 1099 2962 ἐπιχειρεῖν
1115 2889 1229 2956 peruici-

142 2967 287 3018 nectarium
297 2967 370 3031 epud
381 2969 494 3018 Nonium
506 2979 533 3031 p.
544 2968 567 3016 7.
579 2966 665 3025 Geri.;
684 3007 687 3060 Ι
703 2982 770 3017 veru.
801 2966 864 3018 Plet.
876 2969 953 3029 Gorg.
967 2980 993 3030 p.
1007 2966 1064 3017 stt.
1080 2965 1110 3016 Ε.
1124 2965 1226 3016 Lecbes

142 3042 184 3092 cin
195 3053 302 3092 summe
313 3041 545 3094 viteediscrimine
556 3055 667 3093 versans
684 3065 687 3084 ·
704 3055 729 3105 p.
744 3041 791 3092 487
803 3043 832 3091 Β.
848 3069 874 3078 ·-
887 3041 956 3105 retu]
973 3039 1089 3104 figulari,
1109 3040 1228 3102 repser-

141 3115 320 3180 omnibusque
331 3117 410 3171 bonis
422 3118 477 3168 suis
486 3119 591 3176 exutus,
602 3129 668 3180 quo·
702 3117 828 3168 scheibe.
866 3119 967 3168 senece
995 3118 1075 3182 Epist.
1105 3117 1150 3175 90,
1178 3117 1225 3166 30:

142 3192 212 3241 circe
229 3191 349 3242 tebulem
365 3190 438 3242 illem
455 3191 666 3256 praeseferens
701 3192 865 3254 iuuetur-sis,
883 3192 965 3252 iuquit
982 3191 1165 3255 (Posidonius),
1184 3192 1226 3240 iu-

142 3266 323 3317 mendicatum
336 3268 380 3316 it·
410 3269 483 3318 Pers.
498 3267 583 3326 t,88:
602 3266 667 3316 um·
701 3267 861 3317 umbrosum
875 3267 962 3331 pprttt',
980 3268 1052 3316 cuim
1061 3267 1169 3316 circuitu
1178 3279 1227 3315 uc·

141 3348 240 3391 moueat
255 3343 346 3404 quippe
363 3347 399 3402 et,
417 3347 501 3391 emuet
517 3342 537 3391 ei
554 3341 666 3404 neutru-
701 3356 732 3391 eu
756 3343 910 3406 fomtutuur.
949 3342 1043 3392 Docte
1070 3343 1131 3404 putu
1158 3341 1228 3402 opud

140 3429 200 3478 pru,
216 3429 297 3466 ouen
307 3415 474 3468 Ρνοίιιίριίιιιί
490 3417 597 3477 Cautus,
609 3429 666 3465 mon
701 3417 836 3466 bennum
849 3417 976 3466 tuomum·
990 3415 1131 3480 flprutirotu
1144 3415 1224 3480 (iliud.

140 3491 226 3552 fructu
242 3491 302 3541 tciri
318 3492 389 3541 trube
404 3493 499 3554 pictum
510 3493 552 3542 Ee
563 3493 665 3541 bucnero
702 3491 730 3550 6,
753 3491 801 3541 600
826 3491 888 3555 sq.)‚
913 3491 1013 3541 mutum
1035 3492 1117 3541 uideri
1139 3503 1227 3541 cerem

138 3565 246 3627 portus?
262 3567 353 3616 iuven.
368 3565 414 3626 rt,
434 3567 497 3618 sot:
514 3579 599 3618 merso
609 3571 666 3616 rote
699 3567 777 3629 fuluos
792 3577 842 3616 eme
858 3579 935 3627 quom
951 3565 1074 3630 subulam.
1095 3593 1124 3602 -
1135 3579 1226 3616 wreus

141 3640 284 3704 nuupuptu
299 3653 380 3690 meere
395 3643 464 3691 Dum
479 3647 554 3705 repat
565 3642 666 3703 etptetu
701 3641 761 3705 ecit]
788 3642 837 3701 Qui
861 3645 964 3691 temere
987 3655 1019 3692 ec
1042 3641 1149 3691 fortuito
1167 3653 1226 3692 rem

141 3727 168 3764 ιο
191 3720 333 3776 tempestate
356 3720 447 3766 nette.
486 3715 595 3766 itertiei.
617 3717 664 3775 ts,
701 3717 805 3780 peregit
821 3715 929 3778 figulus,
950 3713 1009 3764 b.·i.
1028 3717 1123 3778 pobtee
1141 3727 1224 3764 cneco

142 3790 188 3850 bt,
214 3790 259 3839 tt:
287 3791 339 3840 Nec
360 3789 436 3839 turbo
457 3796 535 3840 cenat
550 3791 667 3840 ιιιίὴίιιία
701 3793 803 3854 impetu
820 3789 924 3855 abrepti
942 3792 984 3840 est
1006 3791 1102 3852 imugo.
1134 3790 1226 3839 Urceru

143 3864 272 3924 sunum,
290 3865 341 3915 Nec
356 3863 463 3926 [eximo
478 3864 667 3927 saepeque
702 3867 792 3916 eutem
808 3877 869 3924 res,
888 3865 910 3914 si
928 3877 980 3914 non
998 3865 1086 3914 minus
1097 3863 1227 3927 empireus

142 3941 320 3998 emti-turco.
334 3937 664 3990 Luciamdemerccond.
705 3965 732 3974 -·
752 3950 814 3988 nem
830 3951 947 4000 meeum,
971 3940 1037 4001 quod
1052 3939 1139 4000 cupiet
1161 3951 1227 3999 quu-

143 4013 171 4062 t:
200 4004 258 4062 οἱοί
274 4014 348 4062 εἰσιν
365 4013 396 4062 ot
412 4009 483 4082 πρὸς
499 4016 561 4074 τοῖς
579 4011 666 4080 ἱεροῖς
702 4013 833 4062 uentura
849 4014 959 4075 quinque
969 4013 1221 4064 memoret-Cetoii.

141 4081 313 4156 ἐξυρημένοι
322 4083 375 4150 τὰς
391 4083 530 4149 κεφαλάς,
548 4082 667 4151 συνάμα
703 4090 731 4138 n.
745 4088 785 4137 te.
801 4115 842 4145 ·-.
866 4087 959 4139 saitem
983 4089 1085 4138 iormue
1108 4087 1143 4136 eb
1167 4099 1227 4138 em-

143 4159 245 4212 πολλοί
261 4159 314 4226 τὰς
335 4163 488 4232 τρικυμίας
507 4163 557 4212 καί
580 4157 666 4225 ζάλας
697 4164 786 4228 phoru
797 4175 909 4227 prorsus
921 4163 1051 4214 diversae.
1078 4162 1118 4213 nu
1135 4175 1160 4214 v.
1174 4164 1227 4222 epit

142 4237 193 4288 καὶ
215 4229 380 4309 ἀκρωτήρια
400 4238 450 4287 καί
472 4233 595 4299 ἐκβολὰς
616 4238 667 4288 καί
702 4238 736 4288 ci.
749 4240 854 4298 Persi,
868 4237 912 4288 ib:
931 4239 988 4287 Nou
999 4251 1052 4300 epo,
1066 4237 1223 4296 cumscribo,

145 4308 227 4362 uros
244 4309 362 4375 κλάσεις
377 4309 529 4376 διεξιόντος
546 4312 605 4362 κτλ.
625 4312 663 4364 ct.
701 4313 803 4376 sisorte
825 4313 886 4375 quid
906 4313 990 4375 opttus
1014 4314 1093 4374 ecit,
1121 4313 1226 4376 ουσιαι
