<?xml version="1.0" encoding="UTF-8"?>
<!DOCTYPE html PUBLIC "-//W3C//DTD XHTML 1.0 Transitional//EN"
    "http://www.w3.org/TR/xhtml1/DTD/xhtml1-transitional.dtd">
<html xmlns="http://www.w3.org/1999/xhtml" xml:lang="en" lang="en">
 <head>
  <title>
</title>
<meta http-equiv="Content-Type" content="text/html;charset=utf-8" />
  <meta name='ocr-system' content='tesseract 3.04.00' />
  <meta name='ocr-capabilities' content='ocr_page ocr_carea ocr_par ocr_line ocrx_word'/>
</head>
<body>
  <div class='ocr_page' id='page_1' title='image "./qhoratiusflaccu01baitgoog_0376.png"; bbox 0 0 3156 4972; ppageno 0'>
   <div class='ocr_carea' id='block_1_1' title="bbox 603 407 900 459">
    <p class='ocr_par' dir='ltr' id='par_1_1' title="bbox 603 407 900 459">
     <span class='ocr_line' id='line_1_1' title="bbox 603 407 900 459; baseline 0 -1"><span class='ocrx_word' id='word_1_1' title='bbox 603 409 663 459; x_wconf 81' lang='lat' dir='ltr'><strong>tto.</strong></span> <span class='ocrx_word' id='word_1_2' title='bbox 682 409 713 458; x_wconf 95' lang='lat' dir='ltr'><strong>ll.</strong></span> <span class='ocrx_word' id='word_1_3' title='bbox 749 407 815 457; x_wconf 72' lang='lat' dir='ltr'><strong>ssi.</strong></span> <span class='ocrx_word' id='word_1_4' title='bbox 834 408 900 458; x_wconf 85' lang='lat' dir='ltr'><strong>Vlll.</strong></span> 
     </span>
    </p>
   </div>
   <div class='ocr_carea' id='block_1_2' title="bbox 250 565 1346 1376">
    <p class='ocr_par' dir='ltr' id='par_1_2' title="bbox 250 565 1142 767">
     <span class='ocr_line' id='line_1_2' title="bbox 250 565 1142 666; baseline -0.006 -29"><span class='ocrx_word' id='word_1_5' title='bbox 250 572 289 642; x_wconf 88' lang='lat' dir='ltr'><strong>Et</strong></span> <span class='ocrx_word' id='word_1_6' title='bbox 309 575 416 644; x_wconf 84' lang='lat' dir='ltr'><strong>soleas</strong></span> <span class='ocrx_word' id='word_1_7' title='bbox 437 579 550 666; x_wconf 89' lang='lat' dir='ltr'><strong>poscit.</strong></span> <span class='ocrx_word' id='word_1_8' title='bbox 598 581 678 645; x_wconf 84' lang='lat' dir='ltr'><strong>Tum</strong></span> <span class='ocrx_word' id='word_1_9' title='bbox 700 577 732 642; x_wconf 90' lang='lat' dir='ltr'><strong>io</strong></span> <span class='ocrx_word' id='word_1_10' title='bbox 755 575 838 643; x_wconf 90' lang='lat' dir='ltr'><strong>lecto</strong></span> <span class='ocrx_word' id='word_1_11' title='bbox 859 590 991 660; x_wconf 88' lang='lat' dir='ltr'><strong>quoque</strong></span> <span class='ocrx_word' id='word_1_12' title='bbox 1013 565 1142 634; x_wconf 89' lang='lat' dir='ltr'><strong>videres</strong></span> 
     </span>
     <span class='ocr_line' id='line_1_3' title="bbox 251 697 973 767; baseline -0.011 -3"><span class='ocrx_word' id='word_1_13' title='bbox 251 697 393 767; x_wconf 77' lang='lat' dir='ltr'><strong>Stridore</strong></span> <span class='ocrx_word' id='word_1_14' title='bbox 416 709 543 767; x_wconf 88' lang='lat' dir='ltr'><strong>secreta</strong></span> <span class='ocrx_word' id='word_1_15' title='bbox 568 701 690 767; x_wconf 89' lang='lat' dir='ltr'><strong>divisos</strong></span> <span class='ocrx_word' id='word_1_16' title='bbox 711 717 791 764; x_wconf 87' lang='lat' dir='ltr'><strong>aure</strong></span> <span class='ocrx_word' id='word_1_17' title='bbox 812 712 973 762; x_wconf 87' lang='lat' dir='ltr'><strong>susurros.</strong></span> 
     </span>
    </p>

    <p class='ocr_par' dir='ltr' id='par_1_3' title="bbox 250 812 1346 1376">
     <span class='ocr_line' id='line_1_4' title="bbox 250 812 1061 907; baseline -0.014 -19"><span class='ocrx_word' id='word_1_18' title='bbox 250 821 360 888; x_wconf 90' lang='lat' dir='ltr'><strong>Nullos</strong></span> <span class='ocrx_word' id='word_1_19' title='bbox 382 821 433 888; x_wconf 90' lang='lat' dir='ltr'><strong>bis</strong></span> <span class='ocrx_word' id='word_1_20' title='bbox 454 821 582 889; x_wconf 86' lang='lat' dir='ltr'><strong>mallem</strong></span> <span class='ocrx_word' id='word_1_21' title='bbox 608 819 703 888; x_wconf 92' lang='lat' dir='ltr'><strong>ludos</strong></span> <span class='ocrx_word' id='word_1_22' title='bbox 723 826 906 907; x_wconf 78' lang='lat' dir='ltr'><strong>spectasse3</strong></span> <span class='ocrx_word' id='word_1_23' title='bbox 929 812 989 881; x_wconf 90' lang='lat' dir='ltr'><strong>sed</strong></span> <span class='ocrx_word' id='word_1_24' title='bbox 1010 812 1061 878; x_wconf 92' lang='lat' dir='ltr'><strong>illa</strong></span> 
     </span>
     <span class='ocr_line' id='line_1_5' title="bbox 250 932 1346 1030; baseline -0.015 -20"><span class='ocrx_word' id='word_1_25' title='bbox 250 942 362 1010; x_wconf 82' lang='lat' dir='ltr'>Redde</span> <span class='ocrx_word' id='word_1_26' title='bbox 385 963 462 1030; x_wconf 81' lang='lat' dir='ltr'><strong>age,</strong></span> <span class='ocrx_word' id='word_1_27' title='bbox 486 963 571 1030; x_wconf 87' lang='lat' dir='ltr'><strong>quae</strong></span> <span class='ocrx_word' id='word_1_28' title='bbox 594 939 749 1029; x_wconf 85' lang='lat' dir='ltr'><strong>deinceps</strong></span> <span class='ocrx_word' id='word_1_29' title='bbox 771 939 879 1006; x_wconf 84' lang='lat' dir='ltr'><strong>risisti.</strong></span> <span class='ocrx_word' id='word_1_30' title='bbox 922 934 1067 1003; x_wconf 83' lang='lat' dir='ltr'><strong>Vibidius</strong></span> <span class='ocrx_word' id='word_1_31' title='bbox 1086 933 1165 1000; x_wconf 88' lang='lat' dir='ltr'><strong>dum</strong></span> <span class='ocrx_word' id='word_1_32' title='bbox 1254 932 1295 995; x_wconf 90' lang='lat'><strong>80</strong></span> <span class='ocrx_word' id='word_1_33' title='bbox 1343 967 1346 974; x_wconf 93' lang='lat'><em>·</em></span> 
     </span>
     <span class='ocr_line' id='line_1_6' title="bbox 252 1055 1187 1152; baseline -0.012 -21"><span class='ocrx_word' id='word_1_34' title='bbox 252 1065 385 1144; x_wconf 84' lang='lat' dir='ltr'><strong>Quaerit</strong></span> <span class='ocrx_word' id='word_1_35' title='bbox 407 1063 448 1131; x_wconf 91' lang='lat' dir='ltr'><strong>de</strong></span> <span class='ocrx_word' id='word_1_36' title='bbox 470 1064 597 1152; x_wconf 85' lang='lat' dir='ltr'><strong>pueris,</strong></span> <span class='ocrx_word' id='word_1_37' title='bbox 621 1085 698 1129; x_wconf 89' lang='lat' dir='ltr'><strong>num</strong></span> <span class='ocrx_word' id='word_1_38' title='bbox 721 1062 762 1128; x_wconf 91' lang='lat' dir='ltr'><strong>sit</strong></span> <span class='ocrx_word' id='word_1_39' title='bbox 783 1079 916 1149; x_wconf 88' lang='lat' dir='ltr'><strong>quoque</strong></span> <span class='ocrx_word' id='word_1_40' title='bbox 936 1058 1036 1124; x_wconf 82' lang='lat' dir='ltr'><strong>fracta</strong></span> <span class='ocrx_word' id='word_1_41' title='bbox 1058 1055 1187 1143; x_wconf 82' lang='lat' dir='ltr'><strong>lagena,</strong></span> 
     </span>
     <span class='ocr_line' id='line_1_7' title="bbox 252 1177 1144 1274; baseline -0.012 -21"><span class='ocrx_word' id='word_1_42' title='bbox 252 1185 347 1266; x_wconf 88' lang='lat' dir='ltr'><strong>Quod</strong></span> <span class='ocrx_word' id='word_1_43' title='bbox 370 1185 431 1252; x_wconf 89' lang='lat' dir='ltr'><strong>sibi</strong></span> <span class='ocrx_word' id='word_1_44' title='bbox 454 1185 600 1274; x_wconf 88' lang='lat' dir='ltr'><strong>poscenti</strong></span> <span class='ocrx_word' id='word_1_45' title='bbox 622 1205 687 1250; x_wconf 90' lang='lat' dir='ltr'><strong>non</strong></span> <span class='ocrx_word' id='word_1_46' title='bbox 708 1182 825 1250; x_wconf 92' lang='lat' dir='ltr'><strong>dantur</strong></span> <span class='ocrx_word' id='word_1_47' title='bbox 846 1179 976 1270; x_wconf 86' lang='lat' dir='ltr'><strong>pocula,</strong></span> <span class='ocrx_word' id='word_1_48' title='bbox 999 1177 1144 1265; x_wconf 91' lang='lat' dir='ltr'><strong>dumque</strong></span> 
     </span>
     <span class='ocr_line' id='line_1_8' title="bbox 251 1300 997 1376; baseline -0.013 -1"><span class='ocrx_word' id='word_1_49' title='bbox 251 1308 384 1375; x_wconf 86' lang='lat' dir='ltr'><strong>Ridetur</strong></span> <span class='ocrx_word' id='word_1_50' title='bbox 405 1305 488 1374; x_wconf 89' lang='lat' dir='ltr'><strong>fictis</strong></span> <span class='ocrx_word' id='word_1_51' title='bbox 510 1326 620 1372; x_wconf 88' lang='lat' dir='ltr'><strong>rerum</strong></span> <span class='ocrx_word' id='word_1_52' title='bbox 643 1303 814 1372; x_wconf 77' lang='lat' dir='ltr'><strong>Balatrone</strong></span> <span class='ocrx_word' id='word_1_53' title='bbox 838 1300 997 1376; x_wconf 83' lang='lat' dir='ltr'><strong>secundo,</strong></span> 
     </span>
    </p>
   </div>
   <div class='ocr_carea' id='block_1_3' title="bbox 250 1425 1040 1758">
    <p class='ocr_par' dir='ltr' id='par_1_4' title="bbox 250 1425 1040 1758">
     <span class='ocr_line' id='line_1_9' title="bbox 250 1425 1014 1505; baseline -0.008 -11"><span class='ocrx_word' id='word_1_54' title='bbox 250 1427 439 1505; x_wconf 86' lang='lat' dir='ltr'><strong>Nasidiene,</strong></span> <span class='ocrx_word' id='word_1_55' title='bbox 464 1427 551 1495; x_wconf 90' lang='lat' dir='ltr'><strong>redis</strong></span> <span class='ocrx_word' id='word_1_56' title='bbox 573 1435 714 1494; x_wconf 88' lang='lat' dir='ltr'><strong>mutatae</strong></span> <span class='ocrx_word' id='word_1_57' title='bbox 738 1425 864 1502; x_wconf 79' lang='lat' dir='ltr'><strong>fronde,</strong></span> <span class='ocrx_word' id='word_1_58' title='bbox 888 1433 924 1489; x_wconf 90' lang='lat' dir='ltr'><strong>ut</strong></span> <span class='ocrx_word' id='word_1_59' title='bbox 946 1432 1014 1490; x_wconf 88' lang='lat' dir='ltr'><strong>arte</strong></span> 
     </span>
     <span class='ocr_line' id='line_1_10' title="bbox 251 1544 957 1628; baseline -0.01 -13"><span class='ocrx_word' id='word_1_60' title='bbox 251 1549 487 1617; x_wconf 87' lang='lat' dir='ltr'><strong>Emendaturns</strong></span> <span class='ocrx_word' id='word_1_61' title='bbox 513 1547 687 1628; x_wconf 80' lang='lat' dir='ltr'><strong>fortunam3</strong></span> <span class='ocrx_word' id='word_1_62' title='bbox 711 1546 831 1614; x_wconf 91' lang='lat' dir='ltr'><strong>deinde</strong></span> <span class='ocrx_word' id='word_1_63' title='bbox 855 1544 957 1613; x_wconf 91' lang='lat' dir='ltr'><strong>secuti</strong></span> 
     </span>
     <span class='ocr_line' id='line_1_11' title="bbox 251 1655 1040 1758; baseline -0.01 -19"><span class='ocrx_word' id='word_1_64' title='bbox 251 1673 438 1739; x_wconf 86' lang='lat' dir='ltr'><strong>blazonomo</strong></span> <span class='ocrx_word' id='word_1_65' title='bbox 460 1669 554 1758; x_wconf 88' lang='lat' dir='ltr'><strong>pueri</strong></span> <span class='ocrx_word' id='word_1_66' title='bbox 576 1690 692 1757; x_wconf 88' lang='lat' dir='ltr'><strong>magno</strong></span> <span class='ocrx_word' id='word_1_67' title='bbox 715 1655 878 1755; x_wconf 79' lang='lat' dir='ltr'><strong>discerpta</strong></span> <span class='ocrx_word' id='word_1_68' title='bbox 900 1667 1040 1733; x_wconf 87' lang='lat' dir='ltr'><strong>serentes</strong></span> 
     </span>
    </p>
   </div>
   <div class='ocr_carea' id='block_1_4' title="bbox 241 1831 1260 1982">
    <p class='ocr_par' dir='ltr' id='par_1_5' title="bbox 241 1831 1260 1982">
     <span class='ocr_line' id='line_1_12' title="bbox 241 1831 1260 1967; baseline -0.009 -75"><span class='ocrx_word' id='word_1_69' title='bbox 241 1843 314 1967; x_wconf 71' lang='lat' dir='ltr'><strong>biii.</strong></span> <span class='ocrx_word' id='word_1_70' title='bbox 333 1842 440 1906; x_wconf 75' lang='lat' dir='ltr'><strong>inposito</strong></span> <span class='ocrx_word' id='word_1_71' title='bbox 456 1855 480 1891; x_wconf 94' lang='lat' dir='ltr'><strong>c.</strong></span> <span class='ocrx_word' id='word_1_72' title='bbox 502 1865 529 1878; x_wconf 84' lang='lat'><em>-</em></span> <span class='ocrx_word' id='word_1_73' title='bbox 549 1840 590 1891; x_wconf 74' lang='lat'><strong>82.</strong></span> <span class='ocrx_word' id='word_1_74' title='bbox 610 1840 699 1890; x_wconf 82' lang='lat' dir='ltr'><strong>deutur</strong></span> <span class='ocrx_word' id='word_1_75' title='bbox 715 1851 743 1903; x_wconf 86' lang='lat' dir='ltr'><strong>p,</strong></span> <span class='ocrx_word' id='word_1_76' title='bbox 762 1851 831 1888; x_wconf 87' lang='lat' dir='ltr'><strong>corr.</strong></span> <span class='ocrx_word' id='word_1_77' title='bbox 845 1837 871 1898; x_wconf 87' lang='lat' dir='ltr'><strong>S,</strong></span> <span class='ocrx_word' id='word_1_78' title='bbox 885 1837 938 1886; x_wconf 82' lang='lat' dir='ltr'><strong>bct</strong></span> <span class='ocrx_word' id='word_1_79' title='bbox 949 1837 976 1886; x_wconf 88' lang='lat' dir='ltr'><strong>et</strong></span> <span class='ocrx_word' id='word_1_80' title='bbox 987 1831 1132 1885; x_wconf 86' lang='lat' dir='ltr'><strong>Bentleins.</strong></span> <span class='ocrx_word' id='word_1_81' title='bbox 1152 1833 1191 1896; x_wconf 78' lang='lat' dir='ltr'><strong>(ot</strong></span> <span class='ocrx_word' id='word_1_82' title='bbox 1202 1845 1260 1892; x_wconf 86' lang='lat' dir='ltr'><strong>nos,</strong></span> 
     </span>
     <span class='ocr_line' id='line_1_13' title="bbox 261 1918 433 1982; baseline 0.006 -16"><span class='ocrx_word' id='word_1_83' title='bbox 261 1929 276 1966; x_wconf 90' lang='lat' dir='ltr'><strong>c</strong></span> <span class='ocrx_word' id='word_1_84' title='bbox 294 1919 321 1966; x_wconf 90' lang='lat' dir='ltr'><strong>et</strong></span> <span class='ocrx_word' id='word_1_85' title='bbox 337 1931 377 1982; x_wconf 89' lang='lat' dir='ltr'><strong>pr.</strong></span> <span class='ocrx_word' id='word_1_86' title='bbox 397 1918 433 1980; x_wconf 83' lang='lat' dir='ltr'><strong>S.)</strong></span> 
     </span>
    </p>
   </div>
   <div class='ocr_carea' id='block_1_5' title="bbox 203 2047 1296 4358">
    <p class='ocr_par' dir='ltr' id='par_1_6' title="bbox 204 2047 1296 3827">
     <span class='ocr_line' id='line_1_14' title="bbox 207 2047 1293 2120; baseline -0.006 -14"><span class='ocrx_word' id='word_1_87' title='bbox 207 2057 280 2106; x_wconf 82' lang='lat' dir='ltr'><strong>ximo</strong></span> <span class='ocrx_word' id='word_1_88' title='bbox 297 2056 410 2120; x_wconf 83' lang='lat' dir='ltr'><strong>quisque</strong></span> <span class='ocrx_word' id='word_1_89' title='bbox 428 2055 646 2117; x_wconf 86' lang='lat' dir='ltr'><strong>insusurrabant;</strong></span> <span class='ocrx_word' id='word_1_90' title='bbox 669 2069 733 2120; x_wconf 85' lang='lat' dir='ltr'><strong>quo-</strong></span> <span class='ocrx_word' id='word_1_91' title='bbox 770 2055 873 2118; x_wconf 83' lang='lat' dir='ltr'><strong>ituquo,</strong></span> <span class='ocrx_word' id='word_1_92' title='bbox 898 2053 947 2103; x_wconf 84' lang='lat' dir='ltr'><strong>etsi</strong></span> <span class='ocrx_word' id='word_1_93' title='bbox 968 2050 1106 2116; x_wconf 83' lang='lat' dir='ltr'><strong>praecedit</strong></span> <span class='ocrx_word' id='word_1_94' title='bbox 1123 2050 1207 2100; x_wconf 81' lang='lat' dir='ltr'><strong>cretio</strong></span> <span class='ocrx_word' id='word_1_95' title='bbox 1224 2047 1293 2099; x_wconf 95' lang='lat' dir='ltr'><strong>obli-</strong></span> 
     </span>
     <span class='ocr_line' id='line_1_15' title="bbox 207 2123 1294 2195; baseline -0.006 -15"><span class='ocrx_word' id='word_1_96' title='bbox 207 2131 296 2181; x_wconf 88' lang='lat' dir='ltr'><strong>minus</strong></span> <span class='ocrx_word' id='word_1_97' title='bbox 314 2131 340 2180; x_wconf 93' lang='lat' dir='ltr'><strong>in</strong></span> <span class='ocrx_word' id='word_1_98' title='bbox 357 2131 537 2184; x_wconf 78' lang='lat' dir='ltr'><strong>effusosn&#39;sus</strong></span> <span class='ocrx_word' id='word_1_99' title='bbox 549 2132 732 2195; x_wconf 81' lang='lat' dir='ltr'><strong>erumperent,</strong></span> <span class='ocrx_word' id='word_1_100' title='bbox 771 2141 838 2192; x_wconf 82' lang='lat' dir='ltr'><strong>que,</strong></span> <span class='ocrx_word' id='word_1_101' title='bbox 869 2127 918 2178; x_wconf 86' lang='lat' dir='ltr'><strong>rite</strong></span> <span class='ocrx_word' id='word_1_102' title='bbox 944 2126 1113 2190; x_wconf 77' lang='lat' dir='ltr'><strong>subiungitur</strong></span> <span class='ocrx_word' id='word_1_103' title='bbox 1138 2123 1294 2174; x_wconf 80' lang='lat' dir='ltr'><strong>indicativus</strong></span> 
     </span>
     <span class='ocr_line' id='line_1_16' title="bbox 208 2198 1292 2270; baseline -0.004 -18"><span class='ocrx_word' id='word_1_104' title='bbox 208 2203 317 2255; x_wconf 80' lang='lat' dir='ltr'><strong>vetabat</strong></span> <span class='ocrx_word' id='word_1_105' title='bbox 362 2206 521 2256; x_wconf 76' lang='lat' dir='ltr'><strong>Maecenatis</strong></span> <span class='ocrx_word' id='word_1_106' title='bbox 567 2205 731 2270; x_wconf 77' lang='lat' dir='ltr'><strong>praesentia,</strong></span> <span class='ocrx_word' id='word_1_107' title='bbox 770 2201 916 2252; x_wconf 87' lang='lat' dir='ltr'><strong>firmeiusa</strong></span> <span class='ocrx_word' id='word_1_108' title='bbox 934 2203 1031 2252; x_wconf 85' lang='lat' dir='ltr'><strong>nostris</strong></span> <span class='ocrx_word' id='word_1_109' title='bbox 1043 2198 1128 2251; x_wconf 88' lang='lat' dir='ltr'><strong>Codd.</strong></span> <span class='ocrx_word' id='word_1_110' title='bbox 1142 2199 1292 2262; x_wconf 77' lang='lat' dir='ltr'><strong>antiquiss..</strong></span> 
     </span>
     <span class='ocr_line' id='line_1_17' title="bbox 208 2273 1295 2342; baseline -0.005 -14"><span class='ocrx_word' id='word_1_111' title='bbox 208 2279 285 2329; x_wconf 86' lang='lat' dir='ltr'><strong>cuius</strong></span> <span class='ocrx_word' id='word_1_112' title='bbox 311 2279 423 2342; x_wconf 80' lang='lat' dir='ltr'><strong>dignitas</strong></span> <span class='ocrx_word' id='word_1_113' title='bbox 449 2293 483 2329; x_wconf 91' lang='lat' dir='ltr'><strong>ne</strong></span> <span class='ocrx_word' id='word_1_114' title='bbox 509 2291 601 2330; x_wconf 87' lang='lat' dir='ltr'><strong>curem</strong></span> <span class='ocrx_word' id='word_1_115' title='bbox 626 2277 734 2340; x_wconf 81' lang='lat' dir='ltr'><strong>porceti</strong></span> <span class='ocrx_word' id='word_1_116' title='bbox 769 2279 800 2326; x_wconf 92' lang='lat' dir='ltr'><strong>ut</strong></span> <span class='ocrx_word' id='word_1_117' title='bbox 811 2276 882 2340; x_wconf 83' lang='lat' dir='ltr'><strong>apud</strong></span> <span class='ocrx_word' id='word_1_118' title='bbox 893 2275 988 2327; x_wconf 80' lang='lat' dir='ltr'><strong>salust.</strong></span> <span class='ocrx_word' id='word_1_119' title='bbox 1002 2277 1057 2338; x_wconf 78' lang='lat' dir='ltr'><strong>lug,</strong></span> <span class='ocrx_word' id='word_1_120' title='bbox 1070 2275 1115 2324; x_wconf 80' lang='lat'><strong>38:</strong></span> <span class='ocrx_word' id='word_1_121' title='bbox 1134 2273 1295 2338; x_wconf 66' lang='lat' dir='ltr'><strong>luporum·-</strong></span> 
     </span>
     <span class='ocr_line' id='line_1_18' title="bbox 207 2350 1295 2418; baseline -0.006 -14"><span class='ocrx_word' id='word_1_122' title='bbox 207 2353 292 2404; x_wconf 86' lang='lat' dir='ltr'><strong>servis</strong></span> <span class='ocrx_word' id='word_1_123' title='bbox 301 2351 496 2418; x_wconf 88' lang='lat' dir='ltr'><strong>periclitaretur</strong></span> <span class='ocrx_word' id='word_1_124' title='bbox 505 2352 656 2404; x_wconf 83' lang='lat' dir='ltr'><strong>cavendum</strong></span> <span class='ocrx_word' id='word_1_125' title='bbox 665 2354 730 2402; x_wconf 86' lang='lat' dir='ltr'><strong>erat.</strong></span> <span class='ocrx_word' id='word_1_126' title='bbox 768 2351 846 2402; x_wconf 85' lang='lat' dir='ltr'><strong>uerbo</strong></span> <span class='ocrx_word' id='word_1_127' title='bbox 866 2352 942 2415; x_wconf 72' lang='lat' dir='ltr'><strong>fucit,</strong></span> <span class='ocrx_word' id='word_1_128' title='bbox 966 2351 1063 2401; x_wconf 72' lang='lat' dir='ltr'><strong>mmobi</strong></span> <span class='ocrx_word' id='word_1_129' title='bbox 1083 2351 1191 2412; x_wconf 83' lang='lat' dir='ltr'><strong>ipsum·</strong></span> <span class='ocrx_word' id='word_1_130' title='bbox 1203 2350 1295 2412; x_wconf 75' lang='lat' dir='ltr'><strong>-fume</strong></span> 
     </span>
     <span class='ocr_line' id='line_1_19' title="bbox 207 2426 1295 2492; baseline -0.003 -16"><span class='ocrx_word' id='word_1_131' title='bbox 207 2427 290 2490; x_wconf 82' lang='lat' dir='ltr'><strong>(lianc</strong></span> <span class='ocrx_word' id='word_1_132' title='bbox 307 2426 510 2492; x_wconf 79' lang='lat' dir='ltr'><strong>explicationem</strong></span> <span class='ocrx_word' id='word_1_133' title='bbox 528 2429 681 2478; x_wconf 81' lang='lat' dir='ltr'><strong>etiamnunc</strong></span> <span class='ocrx_word' id='word_1_134' title='bbox 692 2439 734 2477; x_wconf 92' lang='lat' dir='ltr'><strong>re-</strong></span> <span class='ocrx_word' id='word_1_135' title='bbox 770 2426 877 2489; x_wconf 75' lang='lat' dir='ltr'><strong>ecferre</strong></span> <span class='ocrx_word' id='word_1_136' title='bbox 893 2427 1008 2476; x_wconf 74' lang='lat' dir='ltr'><strong>cicinum</strong></span> <span class='ocrx_word' id='word_1_137' title='bbox 1024 2430 1116 2486; x_wconf 79' lang='lat' dir='ltr'><strong>tenet,</strong></span> <span class='ocrx_word' id='word_1_138' title='bbox 1135 2430 1219 2475; x_wconf 81' lang='lat' dir='ltr'><strong>tumen</strong></span> <span class='ocrx_word' id='word_1_139' title='bbox 1229 2437 1295 2474; x_wconf 84' lang='lat' dir='ltr'><strong>sc·-</strong></span> 
     </span>
     <span class='ocr_line' id='line_1_20' title="bbox 206 2500 1294 2565; baseline 0 -17"><span class='ocrx_word' id='word_1_140' title='bbox 206 2500 293 2562; x_wconf 89' lang='lat' dir='ltr'><strong>tineo,</strong></span> <span class='ocrx_word' id='word_1_141' title='bbox 312 2514 365 2565; x_wconf 84' lang='lat' dir='ltr'><strong>quo</strong></span> <span class='ocrx_word' id='word_1_142' title='bbox 382 2504 438 2552; x_wconf 86' lang='lat' dir='ltr'><strong>tota</strong></span> <span class='ocrx_word' id='word_1_143' title='bbox 455 2515 536 2553; x_wconf 87' lang='lat' dir='ltr'><strong>sceno</strong></span> <span class='ocrx_word' id='word_1_144' title='bbox 553 2501 583 2552; x_wconf 82' lang='lat' dir='ltr'><strong>rit</strong></span> <span class='ocrx_word' id='word_1_145' title='bbox 599 2501 733 2564; x_wconf 75' lang='lat' dir='ltr'><strong>megisti·</strong></span> <span class='ocrx_word' id='word_1_146' title='bbox 769 2502 899 2552; x_wconf 74' lang='lat' dir='ltr'><strong>innotueris</strong></span> <span class='ocrx_word' id='word_1_147' title='bbox 921 2501 1001 2551; x_wconf 66' lang='lat' dir='ltr'><strong>murro</strong></span> <span class='ocrx_word' id='word_1_148' title='bbox 1023 2500 1067 2550; x_wconf 81' lang='lat' dir='ltr'><strong>sub</strong></span> <span class='ocrx_word' id='word_1_149' title='bbox 1092 2500 1180 2564; x_wconf 76' lang='lat' dir='ltr'><strong>iupren</strong></span> <span class='ocrx_word' id='word_1_150' title='bbox 1203 2500 1294 2549; x_wconf 79' lang='lat' dir='ltr'><strong>missu-</strong></span> 
     </span>
     <span class='ocr_line' id='line_1_21' title="bbox 206 2573 1292 2639; baseline -0.001 -15"><span class='ocrx_word' id='word_1_151' title='bbox 206 2573 307 2636; x_wconf 89' lang='lat' dir='ltr'><strong>dicule,</strong></span> <span class='ocrx_word' id='word_1_152' title='bbox 335 2576 469 2639; x_wconf 88' lang='lat' dir='ltr'><strong>siquidem</strong></span> <span class='ocrx_word' id='word_1_153' title='bbox 488 2575 584 2627; x_wconf 84' lang='lat' dir='ltr'><strong>laisum</strong></span> <span class='ocrx_word' id='word_1_154' title='bbox 608 2577 689 2626; x_wconf 88' lang='lat' dir='ltr'><strong>etiam</strong></span> <span class='ocrx_word' id='word_1_155' title='bbox 705 2576 733 2624; x_wconf 90' lang='lat' dir='ltr'><strong>in</strong></span> <span class='ocrx_word' id='word_1_156' title='bbox 768 2589 839 2626; x_wconf 81' lang='lat' dir='ltr'><strong>rum:</strong></span> <span class='ocrx_word' id='word_1_157' title='bbox 866 2579 894 2626; x_wconf 88' lang='lat' dir='ltr'><strong>ct</strong></span> <span class='ocrx_word' id='word_1_158' title='bbox 915 2587 1047 2639; x_wconf 80' lang='lat' dir='ltr'><strong>persaepe</strong></span> <span class='ocrx_word' id='word_1_159' title='bbox 1067 2573 1140 2638; x_wconf 84' lang='lat' dir='ltr'><strong>opud</strong></span> <span class='ocrx_word' id='word_1_160' title='bbox 1164 2574 1292 2624; x_wconf 84' lang='lat' dir='ltr'><strong>Tacitum.</strong></span> 
     </span>
     <span class='ocr_line' id='line_1_22' title="bbox 206 2647 1292 2714; baseline -0.002 -15"><span class='ocrx_word' id='word_1_161' title='bbox 206 2651 406 2702; x_wconf 86' lang='lat' dir='ltr'><strong>convivatorem</strong></span> <span class='ocrx_word' id='word_1_162' title='bbox 424 2649 492 2700; x_wconf 90' lang='lat' dir='ltr'><strong>solet</strong></span> <span class='ocrx_word' id='word_1_163' title='bbox 510 2663 570 2702; x_wconf 91' lang='lat' dir='ltr'><strong>esse</strong></span> <span class='ocrx_word' id='word_1_164' title='bbox 588 2662 668 2700; x_wconf 91' lang='lat' dir='ltr'><strong>omne</strong></span> <span class='ocrx_word' id='word_1_165' title='bbox 684 2663 733 2714; x_wconf 84' lang='lat' dir='ltr'><strong>pn·</strong></span> <span class='ocrx_word' id='word_1_166' title='bbox 770 2651 800 2700; x_wconf 89' lang='lat' dir='ltr'><strong>V.</strong></span> <span class='ocrx_word' id='word_1_167' title='bbox 821 2650 966 2700; x_wconf 82' lang='lat' dir='ltr'><strong>Botticberi</strong></span> <span class='ocrx_word' id='word_1_168' title='bbox 991 2649 1105 2700; x_wconf 84' lang='lat' dir='ltr'><strong>Lexieon</strong></span> <span class='ocrx_word' id='word_1_169' title='bbox 1130 2661 1156 2712; x_wconf 91' lang='lat' dir='ltr'><strong>p.</strong></span> <span class='ocrx_word' id='word_1_170' title='bbox 1177 2647 1235 2697; x_wconf 74' lang='lat' dir='ltr'><strong>sta.</strong></span> <span class='ocrx_word' id='word_1_171' title='bbox 1265 2675 1292 2683; x_wconf 93' lang='lat'><em>-</em></span> 
     </span>
     <span class='ocr_line' id='line_1_23' title="bbox 205 2722 1293 2788; baseline -0.005 -14"><span class='ocrx_word' id='word_1_172' title='bbox 205 2725 350 2774; x_wconf 79' lang='lat' dir='ltr'><strong>rasitorum</strong></span> <span class='ocrx_word' id='word_1_173' title='bbox 368 2737 466 2788; x_wconf 76' lang='lat' dir='ltr'><strong>genus3</strong></span> <span class='ocrx_word' id='word_1_174' title='bbox 485 2723 552 2775; x_wconf 89' lang='lat' dir='ltr'><strong>ulios</strong></span> <span class='ocrx_word' id='word_1_175' title='bbox 570 2726 662 2774; x_wconf 80' lang='lat' dir='ltr'><strong>conire</strong></span> <span class='ocrx_word' id='word_1_176' title='bbox 674 2724 733 2788; x_wconf 93' lang='lat' dir='ltr'><strong>opi·</strong></span> <span class='ocrx_word' id='word_1_177' title='bbox 770 2725 873 2775; x_wconf 83' lang='lat' dir='ltr'><strong>liidetur</strong></span> <span class='ocrx_word' id='word_1_178' title='bbox 891 2725 957 2788; x_wconf 68' lang='lat' dir='ltr'><strong>fictis</strong></span> <span class='ocrx_word' id='word_1_179' title='bbox 978 2723 1074 2787; x_wconf 75' lang='lat' dir='ltr'><strong>rerum]</strong></span> <span class='ocrx_word' id='word_1_180' title='bbox 1091 2723 1121 2772; x_wconf 79' lang='lat' dir='ltr'><strong>ut</strong></span> <span class='ocrx_word' id='word_1_181' title='bbox 1142 2723 1195 2771; x_wconf 83' lang='lat' dir='ltr'><strong>Set.</strong></span> <span class='ocrx_word' id='word_1_182' title='bbox 1215 2723 1244 2782; x_wconf 57' lang='grc' dir='ltr'><strong>ἲ,</strong></span> <span class='ocrx_word' id='word_1_183' title='bbox 1263 2722 1293 2782; x_wconf 74' lang='lat' dir='ltr'><strong>t,</strong></span> 
     </span>
     <span class='ocr_line' id='line_1_24' title="bbox 206 2794 1296 2863; baseline -0.006 -13"><span class='ocrx_word' id='word_1_184' title='bbox 206 2803 284 2850; x_wconf 83' lang='lat' dir='ltr'><strong>nutus</strong></span> <span class='ocrx_word' id='word_1_185' title='bbox 293 2802 336 2849; x_wconf 87' lang='lat' dir='ltr'><strong>est</strong></span> <span class='ocrx_word' id='word_1_186' title='bbox 345 2801 542 2850; x_wconf 83' lang='lat' dir='ltr'><strong>Nomentanum</strong></span> <span class='ocrx_word' id='word_1_187' title='bbox 554 2801 732 2863; x_wconf 86' lang='lat' dir='ltr'><strong>Porciumque</strong></span> <span class='ocrx_word' id='word_1_188' title='bbox 769 2800 814 2849; x_wconf 78' lang='lat'><strong>25:</strong></span> <span class='ocrx_word' id='word_1_189' title='bbox 836 2799 911 2847; x_wconf 67' lang='lat' dir='ltr'><strong>nunu</strong></span> <span class='ocrx_word' id='word_1_190' title='bbox 925 2809 1020 2848; x_wconf 84' lang='lat' dir='ltr'><strong>rerum.</strong></span> <span class='ocrx_word' id='word_1_191' title='bbox 1049 2799 1079 2846; x_wconf 82' lang='grc' dir='ltr'><strong>Α.</strong></span> <span class='ocrx_word' id='word_1_192' title='bbox 1094 2797 1121 2845; x_wconf 86' lang='lat' dir='ltr'><strong>P.</strong></span> <span class='ocrx_word' id='word_1_193' title='bbox 1135 2794 1181 2846; x_wconf 79' lang='lat' dir='ltr'><strong>to:</strong></span> <span class='ocrx_word' id='word_1_194' title='bbox 1209 2794 1296 2844; x_wconf 80' lang='lat' dir='ltr'><strong>abditu</strong></span> 
     </span>
     <span class='ocr_line' id='line_1_25' title="bbox 206 2867 1295 2938; baseline -0.006 -14"><span class='ocrx_word' id='word_1_195' title='bbox 206 2874 241 2924; x_wconf 92' lang='lat' dir='ltr'><strong>de</strong></span> <span class='ocrx_word' id='word_1_196' title='bbox 268 2875 373 2938; x_wconf 86' lang='lat' dir='ltr'><strong>patroni</strong></span> <span class='ocrx_word' id='word_1_197' title='bbox 402 2875 518 2934; x_wconf 82' lang='lat' dir='ltr'><strong>tristitia,</strong></span> <span class='ocrx_word' id='word_1_198' title='bbox 550 2874 585 2924; x_wconf 89' lang='lat' dir='ltr'><strong>do</strong></span> <span class='ocrx_word' id='word_1_199' title='bbox 609 2875 732 2937; x_wconf 78' lang='lat' dir='ltr'><strong>agasonis</strong></span> <span class='ocrx_word' id='word_1_200' title='bbox 768 2884 863 2921; x_wconf 64' lang='lat' dir='ltr'><strong>remo.</strong></span> <span class='ocrx_word' id='word_1_201' title='bbox 901 2871 1034 2921; x_wconf 79' lang='lat' dir='ltr'><strong>Sententia</strong></span> <span class='ocrx_word' id='word_1_202' title='bbox 1061 2871 1116 2920; x_wconf 90' lang='lat' dir='ltr'><strong>est:</strong></span> <span class='ocrx_word' id='word_1_203' title='bbox 1145 2867 1295 2931; x_wconf 74' lang='lat' dir='ltr'><strong>«Fingeba-</strong></span> 
     </span>
     <span class='ocr_line' id='line_1_26' title="bbox 205 2943 1295 3013; baseline -0.006 -15"><span class='ocrx_word' id='word_1_204' title='bbox 205 2946 399 3012; x_wconf 87' lang='lat' dir='ltr'><strong>imprudentia,</strong></span> <span class='ocrx_word' id='word_1_205' title='bbox 424 2948 458 2998; x_wconf 92' lang='lat' dir='ltr'><strong>de</strong></span> <span class='ocrx_word' id='word_1_206' title='bbox 476 2947 583 3000; x_wconf 80' lang='lat' dir='ltr'><strong>ferculis</strong></span> <span class='ocrx_word' id='word_1_207' title='bbox 601 2961 661 2999; x_wconf 87' lang='lat' dir='ltr'><strong>mox</strong></span> <span class='ocrx_word' id='word_1_208' title='bbox 684 2962 733 3013; x_wconf 86' lang='lat' dir='ltr'><strong>up·</strong></span> <span class='ocrx_word' id='word_1_209' title='bbox 771 2958 831 2996; x_wconf 91' lang='lat' dir='ltr'><strong>mus</strong></span> <span class='ocrx_word' id='word_1_210' title='bbox 848 2957 897 2997; x_wconf 90' lang='lat' dir='ltr'><strong>nos</strong></span> <span class='ocrx_word' id='word_1_211' title='bbox 915 2945 949 2995; x_wconf 84' lang='lat' dir='ltr'><strong>de</strong></span> <span class='ocrx_word' id='word_1_212' title='bbox 966 2943 1023 2995; x_wconf 82' lang='lat' dir='ltr'><strong>eliis</strong></span> <span class='ocrx_word' id='word_1_213' title='bbox 1040 2943 1123 2994; x_wconf 88' lang='lat' dir='ltr'><strong>rebus</strong></span> <span class='ocrx_word' id='word_1_214' title='bbox 1144 2944 1240 2993; x_wconf 90' lang='lat' dir='ltr'><strong>iocosis</strong></span> <span class='ocrx_word' id='word_1_215' title='bbox 1257 2943 1295 2992; x_wconf 93' lang='lat' dir='ltr'><strong>ri-</strong></span> 
     </span>
     <span class='ocr_line' id='line_1_27' title="bbox 204 3017 1295 3086; baseline -0.004 -14"><span class='ocrx_word' id='word_1_216' title='bbox 204 3021 351 3086; x_wconf 88' lang='lat' dir='ltr'><strong>punendis,</strong></span> <span class='ocrx_word' id='word_1_217' title='bbox 375 3021 487 3073; x_wconf 78' lang='lat' dir='ltr'><strong>tortasse</strong></span> <span class='ocrx_word' id='word_1_218' title='bbox 511 3023 593 3073; x_wconf 84' lang='lat' dir='ltr'><strong>etiam</strong></span> <span class='ocrx_word' id='word_1_219' title='bbox 614 3023 649 3073; x_wconf 87' lang='lat' dir='ltr'><strong>de</strong></span> <span class='ocrx_word' id='word_1_220' title='bbox 667 3035 733 3072; x_wconf 92' lang='lat' dir='ltr'><strong>con-</strong></span> <span class='ocrx_word' id='word_1_221' title='bbox 770 3021 862 3072; x_wconf 74' lang='lat' dir='ltr'><strong>dere.»</strong></span> <span class='ocrx_word' id='word_1_222' title='bbox 882 3047 909 3058; x_wconf 92' lang='lat'><em>-</em></span> <span class='ocrx_word' id='word_1_223' title='bbox 927 3020 1041 3084; x_wconf 71' lang='lat' dir='ltr'><strong>secundo]</strong></span> <span class='ocrx_word' id='word_1_224' title='bbox 1059 3017 1172 3070; x_wconf 85' lang='lat' dir='ltr'><strong>Trslntiu</strong></span> <span class='ocrx_word' id='word_1_225' title='bbox 1188 3021 1295 3082; x_wconf 89' lang='lat' dir='ltr'><strong>sumpte</strong></span> 
     </span>
     <span class='ocr_line' id='line_1_28' title="bbox 205 3093 1292 3161; baseline -0.002 -17"><span class='ocrx_word' id='word_1_226' title='bbox 205 3097 271 3146; x_wconf 78' lang='lat' dir='ltr'><strong>viris</strong></span> <span class='ocrx_word' id='word_1_227' title='bbox 289 3097 353 3161; x_wconf 85' lang='lat' dir='ltr'><strong>ipsis</strong></span> <span class='ocrx_word' id='word_1_228' title='bbox 370 3098 480 3147; x_wconf 81' lang='lat' dir='ltr'><strong>intense</strong></span> <span class='ocrx_word' id='word_1_229' title='bbox 493 3095 731 3160; x_wconf 78' lang='lat' dir='ltr'><strong>collocutosesse.i</strong></span> <span class='ocrx_word' id='word_1_230' title='bbox 770 3099 812 3147; x_wconf 91' lang='lat' dir='ltr'><strong>est</strong></span> <span class='ocrx_word' id='word_1_231' title='bbox 828 3109 844 3146; x_wconf 82' lang='grc' dir='ltr'><strong><em>ε</em></strong></span> <span class='ocrx_word' id='word_1_232' title='bbox 860 3098 941 3146; x_wconf 88' lang='lat' dir='ltr'><strong>vento</strong></span> <span class='ocrx_word' id='word_1_233' title='bbox 965 3093 1085 3145; x_wconf 88' lang='lat' dir='ltr'><strong>secundo</strong></span> <span class='ocrx_word' id='word_1_234' title='bbox 1112 3094 1185 3158; x_wconf 86' lang='lat' dir='ltr'><strong>(Epp.</strong></span> <span class='ocrx_word' id='word_1_235' title='bbox 1207 3095 1236 3154; x_wconf 72' lang='lat' dir='ltr'><strong>t,</strong></span> <span class='ocrx_word' id='word_1_236' title='bbox 1263 3094 1292 3154; x_wconf 83' lang='lat' dir='ltr'><strong>i,</strong></span> 
     </span>
     <span class='ocr_line' id='line_1_29' title="bbox 208 3167 1294 3235; baseline -0.004 -14"><span class='ocrx_word' id='word_1_237' title='bbox 208 3195 236 3206; x_wconf 95' lang='lat'>-</span> <span class='ocrx_word' id='word_1_238' title='bbox 259 3171 363 3234; x_wconf 60' lang='lat' dir='ltr'><strong>videos]</strong></span> <span class='ocrx_word' id='word_1_239' title='bbox 389 3172 449 3220; x_wconf 85' lang='lat' dir='ltr'><strong>Non</strong></span> <span class='ocrx_word' id='word_1_240' title='bbox 474 3174 515 3221; x_wconf 87' lang='lat' dir='ltr'><strong>est</strong></span> <span class='ocrx_word' id='word_1_241' title='bbox 540 3172 657 3235; x_wconf 85' lang='lat' dir='ltr'><strong>positum</strong></span> <span class='ocrx_word' id='word_1_242' title='bbox 683 3182 732 3234; x_wconf 90' lang='lat' dir='ltr'><strong>pro</strong></span> <span class='ocrx_word' id='word_1_243' title='bbox 771 3170 851 3233; x_wconf 53' lang='lat' dir='ltr'><strong>iiim</strong></span> <span class='ocrx_word' id='word_1_244' title='bbox 879 3172 1005 3234; x_wconf 73' lang='lat' dir='ltr'><strong>epraeter</strong></span> <span class='ocrx_word' id='word_1_245' title='bbox 1027 3171 1133 3219; x_wconf 86' lang='lat' dir='ltr'><strong>ceteros</strong></span> <span class='ocrx_word' id='word_1_246' title='bbox 1151 3180 1199 3218; x_wconf 90' lang='lat' dir='ltr'><strong>nos</strong></span> <span class='ocrx_word' id='word_1_247' title='bbox 1217 3167 1294 3218; x_wconf 85' lang='lat' dir='ltr'><strong>odiu-</strong></span> 
     </span>
     <span class='ocr_line' id='line_1_30' title="bbox 207 3240 1292 3308; baseline -0.005 -12"><span class='ocrx_word' id='word_1_248' title='bbox 207 3244 360 3306; x_wconf 73' lang='lat' dir='ltr'><strong>«sumes»,</strong></span> <span class='ocrx_word' id='word_1_249' title='bbox 385 3246 414 3294; x_wconf 88' lang='lat' dir='ltr'><strong>ut</strong></span> <span class='ocrx_word' id='word_1_250' title='bbox 435 3243 577 3295; x_wconf 86' lang='lat' dir='ltr'><strong>videbatur</strong></span> <span class='ocrx_word' id='word_1_251' title='bbox 593 3244 730 3306; x_wconf 79' lang='lat' dir='ltr'><strong>lumbino,</strong></span> <span class='ocrx_word' id='word_1_252' title='bbox 769 3240 1292 3308; x_wconf 66' lang='lat' dir='ltr'><strong>vauteppotiusquum:«applaudente,</strong></span> 
     </span>
     <span class='ocr_line' id='line_1_31' title="bbox 207 3317 1295 3382; baseline -0.002 -12"><span class='ocrx_word' id='word_1_253' title='bbox 207 3318 268 3370; x_wconf 87' lang='lat' dir='ltr'><strong>sed:</strong></span> <span class='ocrx_word' id='word_1_254' title='bbox 288 3317 368 3369; x_wconf 81' lang='lat' dir='ltr'><strong>«dom</strong></span> <span class='ocrx_word' id='word_1_255' title='bbox 385 3321 539 3381; x_wconf 87' lang='lat' dir='ltr'><strong>susurrant,</strong></span> <span class='ocrx_word' id='word_1_256' title='bbox 557 3320 653 3369; x_wconf 64' lang='lat' dir='ltr'><strong>videet</strong></span> <span class='ocrx_word' id='word_1_257' title='bbox 668 3318 732 3369; x_wconf 84' lang='lat' dir='ltr'><strong>bins</strong></span> <span class='ocrx_word' id='word_1_258' title='bbox 770 3319 930 3378; x_wconf 66' lang='lat' dir='ltr'><strong>arridente·</strong></span> <span class='ocrx_word' id='word_1_259' title='bbox 948 3319 1005 3368; x_wconf 80' lang='lat' dir='ltr'><strong>sut:</strong></span> <span class='ocrx_word' id='word_1_260' title='bbox 1028 3318 1068 3368; x_wconf 76' lang='lat' dir='ltr'><strong>riu</strong></span> <span class='ocrx_word' id='word_1_261' title='bbox 1085 3317 1187 3368; x_wconf 85' lang='lat' dir='ltr'><strong>lucetiis</strong></span> <span class='ocrx_word' id='word_1_262' title='bbox 1204 3317 1295 3382; x_wconf 84' lang='lat' dir='ltr'><strong>proie-</strong></span> 
     </span>
     <span class='ocr_line' id='line_1_32' title="bbox 206 3392 1293 3458; baseline -0.006 -14"><span class='ocrx_word' id='word_1_263' title='bbox 206 3395 292 3458; x_wconf 76' lang='lat' dir='ltr'><strong>capitu</strong></span> <span class='ocrx_word' id='word_1_264' title='bbox 302 3392 352 3443; x_wconf 89' lang='lat' dir='ltr'><strong>sibi</strong></span> <span class='ocrx_word' id='word_1_265' title='bbox 364 3393 479 3444; x_wconf 87' lang='lat' dir='ltr'><strong>invicem</strong></span> <span class='ocrx_word' id='word_1_266' title='bbox 489 3395 731 3458; x_wconf 70' lang='lat' dir='ltr'><strong>appropinquare.»</strong></span> <span class='ocrx_word' id='word_1_267' title='bbox 770 3394 860 3446; x_wconf 87' lang='lat' dir='ltr'><strong>rendis</strong></span> <span class='ocrx_word' id='word_1_268' title='bbox 889 3392 1022 3445; x_wconf 87' lang='lat' dir='ltr'><strong>secundus</strong></span> <span class='ocrx_word' id='word_1_269' title='bbox 1052 3395 1143 3457; x_wconf 75' lang='lat' dir='ltr'><strong>partes</strong></span> <span class='ocrx_word' id='word_1_270' title='bbox 1167 3395 1293 3456; x_wconf 55' lang='lat' dir='ltr'><strong>agente»</strong></span> 
     </span>
     <span class='ocr_line' id='line_1_33' title="bbox 207 3466 1295 3532; baseline -0.001 -14"><span class='ocrx_word' id='word_1_271' title='bbox 207 3495 235 3504; x_wconf 94' lang='lat'>-</span> <span class='ocrx_word' id='word_1_272' title='bbox 253 3466 372 3532; x_wconf 75' lang='lat' dir='ltr'><strong>stridere]</strong></span> <span class='ocrx_word' id='word_1_273' title='bbox 399 3469 465 3518; x_wconf 83' lang='lat' dir='ltr'><strong>Note</strong></span> <span class='ocrx_word' id='word_1_274' title='bbox 488 3469 684 3531; x_wconf 77' lang='lat' dir='ltr'><strong>sigmatismum</strong></span> <span class='ocrx_word' id='word_1_275' title='bbox 705 3467 732 3518; x_wconf 91' lang='lat' dir='ltr'><strong>in</strong></span> <span class='ocrx_word' id='word_1_276' title='bbox 769 3468 858 3520; x_wconf 88' lang='lat' dir='ltr'><strong>otalii</strong></span> <span class='ocrx_word' id='word_1_277' title='bbox 875 3467 1017 3532; x_wconf 79' lang='lat' dir='ltr'><strong>explicent.</strong></span> <span class='ocrx_word' id='word_1_278' title='bbox 1037 3493 1066 3504; x_wconf 91' lang='lat'><em>-</em></span> <span class='ocrx_word' id='word_1_279' title='bbox 1085 3467 1226 3532; x_wconf 67' lang='lat' dir='ltr'><strong>Nasidienus]</strong></span> <span class='ocrx_word' id='word_1_280' title='bbox 1244 3467 1295 3517; x_wconf 87' lang='lat' dir='ltr'><strong>Vu-</strong></span> 
     </span>
     <span class='ocr_line' id='line_1_34' title="bbox 205 3539 1295 3605; baseline -0.001 -13"><span class='ocrx_word' id='word_1_281' title='bbox 205 3542 258 3592; x_wconf 93' lang='lat' dir='ltr'><strong>boc</strong></span> <span class='ocrx_word' id='word_1_282' title='bbox 278 3555 360 3592; x_wconf 81' lang='lat' dir='ltr'><strong>versu</strong></span> <span class='ocrx_word' id='word_1_283' title='bbox 383 3540 504 3592; x_wconf 86' lang='lat' dir='ltr'><strong>consulto</strong></span> <span class='ocrx_word' id='word_1_284' title='bbox 527 3543 680 3605; x_wconf 82' lang='lat' dir='ltr'><strong>quaesitum</strong></span> <span class='ocrx_word' id='word_1_285' title='bbox 697 3541 732 3592; x_wconf 88' lang='lat' dir='ltr'><strong>ad</strong></span> <span class='ocrx_word' id='word_1_286' title='bbox 770 3545 855 3595; x_wconf 84' lang='lat' dir='ltr'><strong>estivo</strong></span> <span class='ocrx_word' id='word_1_287' title='bbox 873 3545 965 3604; x_wconf 81' lang='lat' dir='ltr'><strong>utitur,</strong></span> <span class='ocrx_word' id='word_1_288' title='bbox 989 3541 1157 3603; x_wconf 79' lang='lat' dir='ltr'><strong>diminuis,</strong></span> <span class='ocrx_word' id='word_1_289' title='bbox 1175 3541 1221 3591; x_wconf 90' lang='lat' dir='ltr'><strong>ubi</strong></span> <span class='ocrx_word' id='word_1_290' title='bbox 1239 3539 1295 3591; x_wconf 80' lang='grc' dir='ltr'><strong>πά-</strong></span> 
     </span>
     <span class='ocr_line' id='line_1_35' title="bbox 206 3613 1294 3682; baseline -0.003 -14"><span class='ocrx_word' id='word_1_291' title='bbox 206 3615 396 3680; x_wconf 80' lang='lat' dir='ltr'><strong>exprimendos</strong></span> <span class='ocrx_word' id='word_1_292' title='bbox 412 3629 538 3667; x_wconf 75' lang='lat' dir='ltr'><strong>sumrros.</strong></span> <span class='ocrx_word' id='word_1_293' title='bbox 559 3643 588 3654; x_wconf 90' lang='lat'><strong>-·</strong></span> <span class='ocrx_word' id='word_1_294' title='bbox 611 3621 732 3668; x_wconf 75' lang='lat' dir='ltr'><strong>secreta-</strong></span> <span class='ocrx_word' id='word_1_295' title='bbox 768 3617 823 3680; x_wconf 71' lang='lat' dir='ltr'><strong>cog</strong></span> <span class='ocrx_word' id='word_1_296' title='bbox 844 3616 995 3682; x_wconf 82' lang='lat' dir='ltr'><strong>praevalet,</strong></span> <span class='ocrx_word' id='word_1_297' title='bbox 1022 3629 1086 3667; x_wconf 87' lang='lat' dir='ltr'><strong>snos</strong></span> <span class='ocrx_word' id='word_1_298' title='bbox 1108 3617 1206 3667; x_wconf 85' lang='lat' dir='ltr'><strong>beross</strong></span> <span class='ocrx_word' id='word_1_299' title='bbox 1229 3613 1294 3666; x_wconf 87' lang='lat' dir='ltr'><strong>ullo-</strong></span> 
     </span>
     <span class='ocr_line' id='line_1_36' title="bbox 205 3687 1292 3756; baseline -0.005 -14"><span class='ocrx_word' id='word_1_300' title='bbox 205 3690 278 3754; x_wconf 82' lang='lat' dir='ltr'><strong>uure]</strong></span> <span class='ocrx_word' id='word_1_301' title='bbox 290 3693 363 3741; x_wconf 86' lang='lat' dir='ltr'><strong>Pers.</strong></span> <span class='ocrx_word' id='word_1_302' title='bbox 378 3693 406 3750; x_wconf 78' lang='lat' dir='ltr'><strong>d.</strong></span> <span class='ocrx_word' id='word_1_303' title='bbox 426 3691 473 3741; x_wconf 81' lang='lat'><strong>96:</strong></span> <span class='ocrx_word' id='word_1_304' title='bbox 497 3691 628 3742; x_wconf 71' lang='lat' dir='ltr'><strong>Serretm</strong></span> <span class='ocrx_word' id='word_1_305' title='bbox 643 3693 733 3756; x_wconf 77' lang='lat' dir='ltr'><strong>puuuit</strong></span> <span class='ocrx_word' id='word_1_306' title='bbox 770 3695 888 3756; x_wconf 86' lang='lat' dir='ltr'><strong>quuntur</strong></span> <span class='ocrx_word' id='word_1_307' title='bbox 903 3693 999 3756; x_wconf 77' lang='lat' dir='ltr'><strong>poetae</strong></span> <span class='ocrx_word' id='word_1_308' title='bbox 1017 3690 1095 3755; x_wconf 88' lang='lat' dir='ltr'><strong>epici.</strong></span> <span class='ocrx_word' id='word_1_309' title='bbox 1114 3689 1187 3740; x_wconf 83' lang='lat' dir='ltr'><strong>iliud.</strong></span> <span class='ocrx_word' id='word_1_310' title='bbox 1197 3687 1221 3751; x_wconf 78' lang='lat' dir='ltr'><strong>d,</strong></span> <span class='ocrx_word' id='word_1_311' title='bbox 1236 3690 1292 3738; x_wconf 79' lang='lat' dir='ltr'><strong>tm:</strong></span> 
     </span>
     <span class='ocr_line' id='line_1_37' title="bbox 204 3759 1295 3827; baseline -0.002 -12"><span class='ocrx_word' id='word_1_312' title='bbox 204 3767 233 3815; x_wconf 81' lang='lat' dir='ltr'><strong>iu</strong></span> <span class='ocrx_word' id='word_1_313' title='bbox 250 3779 347 3816; x_wconf 74' lang='lat' dir='ltr'><strong>aurun.</strong></span> <span class='ocrx_word' id='word_1_314' title='bbox 770 3759 843 3817; x_wconf 72' lang='lat' dir='ltr'><strong>Ouidi</strong></span> <span class='ocrx_word' id='word_1_315' title='bbox 860 3766 960 3826; x_wconf 77' lang='grc' dir='ltr'><strong><em>σέθεν,</em></strong></span> <span class='ocrx_word' id='word_1_316' title='bbox 986 3763 1126 3824; x_wconf 77' lang='grc' dir='ltr'><strong>Μενέλαε,</strong></span> <span class='ocrx_word' id='word_1_317' title='bbox 1149 3763 1214 3814; x_wconf 75' lang='grc' dir='ltr'><strong><em>θεοὶ</em></strong></span> <span class='ocrx_word' id='word_1_318' title='bbox 1235 3759 1295 3827; x_wconf 84' lang='grc' dir='ltr'><strong>μά·</strong></span> 
     </span>
    </p>

    <p class='ocr_par' dir='ltr' id='par_1_7' title="bbox 203 3837 1294 4358">
     <span class='ocr_line' id='line_1_38' title="bbox 237 3837 1293 3912; baseline -0.003 -22"><span class='ocrx_word' id='word_1_319' title='bbox 237 3840 322 3890; x_wconf 73' lang='lat' dir='ltr'><strong>susi.</strong></span> <span class='ocrx_word' id='word_1_320' title='bbox 343 3841 437 3905; x_wconf 79' lang='lat' dir='ltr'><strong>Reddo]</strong></span> <span class='ocrx_word' id='word_1_321' title='bbox 450 3839 646 3892; x_wconf 64' lang='lat' dir='ltr'><strong>«Relermibim</strong></span> <span class='ocrx_word' id='word_1_322' title='bbox 660 3843 732 3890; x_wconf 86' lang='lat' dir='ltr'><strong>-sit</strong></span> <span class='ocrx_word' id='word_1_323' title='bbox 769 3855 855 3912; x_wconf 76' lang='grc' dir='ltr'><strong><em>καρες</em></strong></span> <span class='ocrx_word' id='word_1_324' title='bbox 871 3837 1038 3890; x_wconf 75' lang='grc' dir='ltr'><strong><em>λελάθοντο.</em></strong></span> <span class='ocrx_word' id='word_1_325' title='bbox 1060 3865 1087 3874; x_wconf 88' lang='grc'>-</span> <span class='ocrx_word' id='word_1_326' title='bbox 1105 3844 1134 3888; x_wconf 81' lang='lat' dir='ltr'><strong>ut</strong></span> <span class='ocrx_word' id='word_1_327' title='bbox 1154 3843 1210 3888; x_wconf 82' lang='lat' dir='ltr'><strong>urta</strong></span> <span class='ocrx_word' id='word_1_328' title='bbox 1231 3839 1293 3903; x_wconf 82' lang='lat' dir='ltr'><strong>cet]</strong></span> 
     </span>
     <span class='ocr_line' id='line_1_39' title="bbox 205 3911 1294 3980; baseline -0.003 -15"><span class='ocrx_word' id='word_1_329' title='bbox 205 3927 303 3978; x_wconf 72' lang='lat' dir='ltr'><strong>quaerre</strong></span> <span class='ocrx_word' id='word_1_330' title='bbox 317 3913 452 3979; x_wconf 70' lang='lat' dir='ltr'><strong>trucw1nt</strong></span> <span class='ocrx_word' id='word_1_331' title='bbox 467 3914 610 3978; x_wconf 84' lang='lat' dir='ltr'><strong>patinailis</strong></span> <span class='ocrx_word' id='word_1_332' title='bbox 623 3928 732 3965; x_wconf 81' lang='lat' dir='ltr'><strong>murse—</strong></span> <span class='ocrx_word' id='word_1_333' title='bbox 770 3917 819 3966; x_wconf 79' lang='lat' dir='ltr'><strong>rut</strong></span> <span class='ocrx_word' id='word_1_334' title='bbox 841 3916 969 3980; x_wconf 84' lang='lat' dir='ltr'><strong>supientia</strong></span> <span class='ocrx_word' id='word_1_335' title='bbox 996 3916 1040 3964; x_wconf 87' lang='lat' dir='ltr'><strong>tue</strong></span> <span class='ocrx_word' id='word_1_336' title='bbox 1066 3914 1131 3964; x_wconf 87' lang='lat' dir='ltr'><strong>scite</strong></span> <span class='ocrx_word' id='word_1_337' title='bbox 1160 3911 1294 3962; x_wconf 78' lang='lat' dir='ltr'><strong>medearis</strong></span> 
     </span>
     <span class='ocr_line' id='line_1_40' title="bbox 205 3985 1291 4054; baseline -0.006 -13"><span class='ocrx_word' id='word_1_338' title='bbox 205 3989 413 4054; x_wconf 77' lang='lat' dir='ltr'><strong>nso.-tupeuu]</strong></span> <span class='ocrx_word' id='word_1_339' title='bbox 423 3991 497 4040; x_wconf 83' lang='lat' dir='ltr'><strong>tione</strong></span> <span class='ocrx_word' id='word_1_340' title='bbox 506 4001 602 4041; x_wconf 86' lang='lat' dir='ltr'><strong>vocem</strong></span> <span class='ocrx_word' id='word_1_341' title='bbox 613 3991 732 4054; x_wconf 72' lang='lat' dir='ltr'><strong>bannum</strong></span> <span class='ocrx_word' id='word_1_342' title='bbox 770 3989 890 4040; x_wconf 81' lang='lat' dir='ltr'><strong>tortuose</strong></span> <span class='ocrx_word' id='word_1_343' title='bbox 907 3988 1089 4040; x_wconf 70' lang='lat' dir='ltr'><strong>adversitati.»</strong></span> <span class='ocrx_word' id='word_1_344' title='bbox 1123 3987 1228 4037; x_wconf 68' lang='lat' dir='ltr'><strong>terent.</strong></span> <span class='ocrx_word' id='word_1_345' title='bbox 1241 3985 1291 4036; x_wconf 76' lang='lat' dir='ltr'><strong>nd.</strong></span> 
     </span>
     <span class='ocr_line' id='line_1_41' title="bbox 204 4061 1292 4128; baseline -0.004 -12"><span class='ocrx_word' id='word_1_346' title='bbox 204 4065 311 4128; x_wconf 88' lang='lat' dir='ltr'><strong>scripsit</strong></span> <span class='ocrx_word' id='word_1_347' title='bbox 327 4063 509 4116; x_wconf 79' lang='lat' dir='ltr'><strong>Schneidewin</strong></span> <span class='ocrx_word' id='word_1_348' title='bbox 527 4064 598 4128; x_wconf 84' lang='lat' dir='ltr'><strong>opud</strong></span> <span class='ocrx_word' id='word_1_349' title='bbox 620 4064 727 4116; x_wconf 75' lang='lat' dir='ltr'><strong>Martini.</strong></span> <span class='ocrx_word' id='word_1_350' title='bbox 769 4063 799 4124; x_wconf 80' lang='lat' dir='ltr'><strong>l,</strong></span> <span class='ocrx_word' id='word_1_351' title='bbox 818 4065 846 4124; x_wconf 81' lang='lat' dir='ltr'><strong>t,</strong></span> <span class='ocrx_word' id='word_1_352' title='bbox 865 4063 912 4114; x_wconf 71' lang='lat'><strong>23:</strong></span> <span class='ocrx_word' id='word_1_353' title='bbox 937 4063 1014 4125; x_wconf 77' lang='lat' dir='ltr'><strong>Illud,</strong></span> <span class='ocrx_word' id='word_1_354' title='bbox 1033 4063 1099 4124; x_wconf 80' lang='lat' dir='ltr'><strong>quod</strong></span> <span class='ocrx_word' id='word_1_355' title='bbox 1115 4061 1202 4112; x_wconf 78' lang='lat' dir='ltr'><strong>cecidit</strong></span> <span class='ocrx_word' id='word_1_356' title='bbox 1218 4062 1292 4125; x_wconf 71' lang='lat' dir='ltr'><strong>sorte,</strong></span> 
     </span>
     <span class='ocr_line' id='line_1_42' title="bbox 204 4135 1293 4202; baseline 0 -14"><span class='ocrx_word' id='word_1_357' title='bbox 204 4139 232 4198; x_wconf 80' lang='lat' dir='ltr'><strong>t,</strong></span> <span class='ocrx_word' id='word_1_358' title='bbox 252 4139 298 4200; x_wconf 76' lang='lat'><strong>2⁰,</strong></span> <span class='ocrx_word' id='word_1_359' title='bbox 318 4138 369 4200; x_wconf 65' lang='lat'><strong>⁴9„</strong></span> <span class='ocrx_word' id='word_1_360' title='bbox 388 4140 426 4190; x_wconf 85' lang='lat' dir='ltr'><strong>uti</strong></span> <span class='ocrx_word' id='word_1_361' title='bbox 443 4139 554 4189; x_wconf 87' lang='lat' dir='ltr'><strong>exhibet</strong></span> <span class='ocrx_word' id='word_1_362' title='bbox 570 4140 652 4189; x_wconf 81' lang='lat' dir='ltr'><strong>etiem</strong></span> <span class='ocrx_word' id='word_1_363' title='bbox 664 4140 729 4190; x_wconf 89' lang='lat' dir='ltr'><strong>Cod.</strong></span> <span class='ocrx_word' id='word_1_364' title='bbox 767 4137 795 4188; x_wconf 77' lang='lat' dir='ltr'><strong>id</strong></span> <span class='ocrx_word' id='word_1_365' title='bbox 811 4143 867 4189; x_wconf 85' lang='lat' dir='ltr'><strong>orie</strong></span> <span class='ocrx_word' id='word_1_366' title='bbox 888 4139 1054 4202; x_wconf 67' lang='lat' dir='ltr'><strong>mouerique.</strong></span> <span class='ocrx_word' id='word_1_367' title='bbox 1082 4164 1110 4174; x_wconf 92' lang='lat'>—</span> <span class='ocrx_word' id='word_1_368' title='bbox 1134 4135 1293 4200; x_wconf 76' lang='lat' dir='ltr'><strong>Muscuomol</strong></span> 
     </span>
     <span class='ocr_line' id='line_1_43' title="bbox 203 4208 1294 4278; baseline -0.003 -14"><span class='ocrx_word' id='word_1_369' title='bbox 203 4212 340 4264; x_wconf 73' lang='lat' dir='ltr'><strong>Hediceus</strong></span> <span class='ocrx_word' id='word_1_370' title='bbox 358 4213 413 4264; x_wconf 81' lang='lat' dir='ltr'><strong>Cic.</strong></span> <span class='ocrx_word' id='word_1_371' title='bbox 431 4213 466 4264; x_wconf 85' lang='lat' dir='ltr'><strong>ad</strong></span> <span class='ocrx_word' id='word_1_372' title='bbox 484 4215 556 4264; x_wconf 82' lang='lat' dir='ltr'><strong>Fam.</strong></span> <span class='ocrx_word' id='word_1_373' title='bbox 576 4213 618 4274; x_wconf 83' lang='grc'><strong>46,</strong></span> <span class='ocrx_word' id='word_1_374' title='bbox 637 4215 685 4275; x_wconf 74' lang='lat'><strong>26,</strong></span> <span class='ocrx_word' id='word_1_375' title='bbox 703 4215 728 4265; x_wconf 72' lang='lat'><strong>2.</strong></span> <span class='ocrx_word' id='word_1_376' title='bbox 768 4209 941 4278; x_wconf 75' lang='grc' dir='ltr'><em>Μαζονόμος</em></span> <span class='ocrx_word' id='word_1_377' title='bbox 966 4212 1072 4277; x_wconf 88' lang='lat' dir='ltr'><strong>proprie</strong></span> <span class='ocrx_word' id='word_1_378' title='bbox 1098 4214 1140 4262; x_wconf 90' lang='lat' dir='ltr'><strong>est</strong></span> <span class='ocrx_word' id='word_1_379' title='bbox 1164 4208 1224 4262; x_wconf 82' lang='lat' dir='ltr'><strong>lanx</strong></span> <span class='ocrx_word' id='word_1_380' title='bbox 1250 4211 1294 4261; x_wconf 91' lang='lat' dir='ltr'><strong>in-</strong></span> 
     </span>
     <span class='ocr_line' id='line_1_44' title="bbox 206 4283 1293 4358; baseline -0.003 -20"><span class='ocrx_word' id='word_1_381' title='bbox 206 4311 234 4324; x_wconf 85' lang='lat'>·</span> <span class='ocrx_word' id='word_1_382' title='bbox 253 4299 304 4338; x_wconf 83' lang='lat' dir='ltr'><strong>nou</strong></span> <span class='ocrx_word' id='word_1_383' title='bbox 320 4287 423 4351; x_wconf 80' lang='lat' dir='ltr'><strong>dautur]</strong></span> <span class='ocrx_word' id='word_1_384' title='bbox 441 4289 551 4339; x_wconf 84' lang='lat' dir='ltr'><strong>Factum</strong></span> <span class='ocrx_word' id='word_1_385' title='bbox 563 4290 728 4349; x_wconf 67' lang='lat' dir='ltr'><strong>ostentum</strong></span> <span class='ocrx_word' id='word_1_386' title='bbox 768 4301 848 4352; x_wconf 79' lang='lat' dir='ltr'><strong>gens,</strong></span> <span class='ocrx_word' id='word_1_387' title='bbox 861 4301 900 4358; x_wconf 24' lang='lat' dir='ltr'><strong>*ex</strong></span> <span class='ocrx_word' id='word_1_388' title='bbox 918 4299 970 4351; x_wconf 88' lang='lat' dir='ltr'><strong>que</strong></span> <span class='ocrx_word' id='word_1_389' title='bbox 987 4283 1065 4352; x_wconf 83' lang='grc' dir='ltr'><strong><em>μάζα</em></strong></span> <span class='ocrx_word' id='word_1_390' title='bbox 1081 4287 1210 4352; x_wconf 75' lang='grc' dir='ltr'><strong>νέμεται,</strong></span> <span class='ocrx_word' id='word_1_391' title='bbox 1233 4283 1293 4350; x_wconf 90' lang='lat' dir='ltr'><strong>puls</strong></span> 
     </span>
    </p>
   </div>
   <div class='ocr_carea' id='block_1_6' title="bbox 0 0 1582 4972">
    <p class='ocr_par' dir='ltr' id='par_1_8' title="bbox 0 0 1582 4972">
     <span class='ocr_line' id='line_1_45' title="bbox 0 0 1582 4972; baseline 0 1"><span class='ocrx_word' id='word_1_392' title='bbox 0 0 1582 4972; x_wconf 95' lang='lat' dir='ltr'><strong> </strong></span> 
     </span>
    </p>
   </div>
  </div>
 </body>
</html>
