3174 4974
594 427 654 478 ms.
674 429 706 478 ll.
741 427 840 479 EPIST.
858 429 877 477 4.

238 581 387 648 invenior
408 580 532 648 Parthis
553 581 742 650 mendacior
761 592 794 650 et
815 581 904 670 prius
926 593 996 650 orto

238 700 314 769 Sole
337 701 412 788 vigil
432 701 591 770 calamum
613 702 793 772 elcbertus
815 713 848 772 et
869 704 987 772 scrinia
1009 725 1119 792 posco.

237 825 349 890 Navim
370 845 468 912 cgere
490 825 621 920 ignarus
643 827 733 893 navis
755 827 861 906 timet;
884 825 1075 893 abrotonum
1097 847 1195 915 aegro

237 947 307 1011 Non
322 945 428 1024 audet,
444 945 505 1012 nisi
519 945 575 1034 qui
589 945 709 1026 didicit,
722 946 817 1028 dere3
833 947 922 1035 quod
934 947 1135 1016 medicorum
1147 949 1279 1028 estitit

228 1132 466 1184 membranaceum
483 1146 515 1183 ex
533 1133 640 1197 cygnea
658 1133 844 1185 bibliotheca.»
863 1135 967 1186 Corlius
984 1135 1018 1185 ed
1035 1137 1133 1187 Lucan.
1152 1137 1177 1198 3,
1195 1136 1247 1198 83,

228 1207 274 1271 qui
291 1208 464 1260 omissionem
475 1207 617 1272 improbet.
637 1208 853 1272 (liabentbSEc.)
868 1235 895 1246 -
915 1209 971 1262 444.
990 1211 1135 1270 Nocens,
1154 1224 1248 1262 omnes

228 1280 368 1342 schmidii,
388 1283 440 1332 th
452 1285 479 1332 et
489 1282 631 1333 Bentleius.
652 1285 690 1346 [Ut
702 1297 764 1346 nos,
783 1283 849 1349 bcp:
868 1285 894 1334 in
906 1285 926 1334 E
939 1287 987 1335 tria
998 1287 1084 1349 prime
1097 1285 1175 1336 huius
1186 1299 1249 1336 uer-

227 1369 274 1408 sus
290 1355 421 1407 vocabule
440 1357 568 1407 exstincte
586 1357 666 1420 sunt.)
695 1383 721 1394 -
749 1359 912 1409 leodidico
927 1359 975 1408 nisi
992 1361 1035 1422 qui
1052 1373 1075 1409 c.
1096 1387 1125 1398 -
1147 1359 1249 1410 4444444-

227 1431 402 1480 nnn-maliet
417 1429 527 1480 Bentleii
544 1431 668 1494 suspicio.

195 1598 331 1648 notionem
356 1596 526 1660 componendi.
561 1599 598 1650 44
623 1611 718 1648 revere
789 1599 909 1650 444-444.
934 1599 1107 1665 Narmaei]
1124 1599 1222 1652 Similia
1239 1614 1282 1651 re·

195 1672 233 1723 sic
244 1670 349 1722 videtur
360 1672 497 1735 accepisse
515 1673 621 1724 Persius
635 1674 658 1734 4,
671 1673 699 1722 bl
712 1686 717 1722 :
756 1673 844 1736 peries
853 1675 883 1725 4.
895 1676 922 1723 P.
934 1673 982 1724 349
991 1687 1051 1738 sqq.
1064 1677 1092 1725 44
1104 1679 1162 1726 eret
1173 1675 1281 1725 omuino

194 1761 244 1797 non
260 1747 282 1796 ri
299 1761 351 1809 444
369 1747 475 1812 elepidin
496 1749 568 1797 cudi
584 1748 720 1798 Dictorum
755 1744 830 1798 locus
854 1749 1004 1798 communis
1022 1750 1049 1798 et
1066 1761 1080 1798 4
1098 1749 1238 1800 socraticis
1255 1751 1283 1799 et

189 1819 328 1883 proceret?
343 1835 394 1871 non
406 1821 526 1884 quidquid
537 1823 641 1884 4444444
653 1822 720 1872 laelio
747 1833 771 1868 ,4
800 1821 929 1884 sophistis
957 1821 1120 1873 decantatus.
1158 1823 1279 1886 Xenoph.

193 1895 477 1946 Scribiturlncitrets?
500 1896 720 1960 Atquebencin-
755 1895 835 1944 44444.
850 1895 875 1956 3,
889 1897 913 1956 4,
926 1897 968 1946 st.
987 1897 1056 1948 4444.
1075 1900 1136 1960 Tyr.
1149 1899 1212 1959 9,4.
1233 1899 1281 1948 Dio

193 1969 412 2034 tau-pretationem
429 1971 552 2034 sequitur
569 1968 720 2020 Dillcnbur-
756 1967 894 2032 chrysost.
908 1971 951 2020 Or.
966 1971 1006 2021 40.
1019 1985 1045 2035 p.
1059 1971 1116 2022 304.
1135 1972 1178 2023 Or.
1192 1970 1232 2022 43.
1251 1984 1279 2035 p.

194 2057 251 2108 ger.
277 2043 301 2105 4)
319 2047 482 2096 «manantes
505 2046 719 2108 componuntnr
756 2040 813 2093 446.
828 2044 855 2094 li.
871 2071 899 2080 —
912 2043 1019 2108 4444444
1032 2045 1111 2110 mole]
1131 2045 1224 2096 «nauis
1235 2057 1282 2108 gu·

195 2121 315 2183 tempore
341 2119 460 2170 carmine
485 2132 571 2181 eaque
600 2119 719 2170 convivis
755 2114 910 2168 beruendae
928 2119 1012 2170 erlem
1033 2131 1086 2169 non
1104 2117 1230 2172 callens.»
1249 2145 1278 2155 -

193 2195 332 2246 recitent.»
367 2193 420 2244 Sed
445 2193 517 2242 notio
541 2191 719 2256 componendi
755 2191 912 2256 chramnum]
925 2193 1279 2254 artemisieabrotonumh.,

193 2282 228 2319 ex
252 2270 373 2331 tempore
399 2267 425 2318 in
450 2265 564 2330 simplici
580 2281 605 2318 v.
624 2267 720 2316 4444444
755 2264 927 2316 Stnbwurr.
946 2265 1010 2318 Plin.
1025 2269 1055 2318 ll.
1070 2271 1099 2318 ll.
1112 2268 1158 2329 44,
1175 2268 1218 2328 at,
1232 2268 1277 2317 92:

194 2344 266 2394 certe
283 2355 337 2392 444
354 2342 433 2392 44444.
463 2342 517 2405 Ego
534 2341 573 2391 sic
586 2339 718 2405 explicare
758 2341 819 2390 44444
834 2345 858 2390 44
873 2341 951 2403 schir,
977 2343 1019 2392 red
1040 2343 1126 2392 metor
1141 2343 1229 2392 remini
1245 2341 1280 2394 ed

193 2415 298 2468 malim:
315 2415 386 2466 asub
398 2415 479 2467 linem
491 2429 590 2467 444444
601 2415 718 2466 carmina
755 2415 982 2478 444444444444,
996 2416 1050 2466 ideo
1058 2417 1141 2466 neruis
1148 2416 1217 2478 utile,
1230 2421 1281 2466 444-

194 2491 294 2555 (utique
317 2491 391 2553 prius
408 2490 563 2554 composite)
585 2491 639 2540 tam
657 2503 719 2552 gra·
754 2491 791 2551 ri,
816 2489 981 2552 orthopnoeae
999 2491 1049 2540 cet.
1074 2517 1102 2526 -
1125 2491 1169 2552 444
1185 2489 1280 2555 didicit]

192 2566 261 2617 viler
284 2562 336 2616 ute
354 2566 494 2614 eleonora
511 2576 578 2614 voce
595 2565 716 2625 recitent,
755 2565 882 2628 «quando
904 2565 931 2616 44
948 2567 1078 2630 quantum
1095 2566 1152 2616 eins
1170 2567 1279 2629 aegroto

193 2639 269 2703 quasi
293 2652 309 2688 a
335 2638 469 2698 convivis,
496 2637 594 2701 quibus
615 2639 718 2690 interea
754 2638 873 2690 dandum
894 2640 954 2690 sit.»
982 2667 1009 2676 -
1038 2640 1122 2690 «hiire
1145 2639 1209 2690 dixit
1226 2653 1279 2690 nnn

193 2713 259 2764 dura
288 2713 394 2764 tacendi
420 2713 566 2763 necessitas
594 2713 717 2776 imposita
754 2711 936 2774 helleborum,
954 2713 1003 2763 sed
1014 2712 1187 2773 abrotonum,
1207 2714 1279 2778 quod

194 2791 265 2849 eret,
292 2785 395 2838 celemo
421 2786 576 2850 excipienda
599 2789 716 2838 esseut.»
754 2788 857 2838 minore
875 2785 994 2851 periculo
1006 2787 1084 2836 etiam
1097 2785 1219 2838 indoctus
1230 2787 1280 2838 mi-

193 2863 236 2913 Sic
248 2862 349 2914 senties
359 2860 436 2912 verbi
447 2862 549 2926 gratam
562 2861 715 2931 εἰρωνείαν.
754 2875 832 2912 scere
849 2863 938 2926 potest
954 2873 986 2910 44
1001 2860 1091 2910 dare.»
1109 2862 1233 2910 Pnnrnrn.
1249 2887 1277 2898 -

195 2963 222 2973 -
240 2937 339 2987 Peribit
359 2937 515 2998 mordacior]
542 2935 717 2987 Proverbium
754 2937 821 2996 quod
844 2936 998 2986 medicorum
1012 2933 1090 2998 'cetl
1121 2935 1279 2998 «Sapienter

193 3012 247 3072 444,
274 3012 304 3060 44
325 3009 360 3060 de
383 3012 481 3060 Punice
502 3012 529 3060 et
546 3011 645 3060 Graece
663 3009 716 3060 ilde
754 3008 928 3074 relinquimus
945 3009 1105 3060 medicinam
1122 3008 1234 3061 medicis
1252 3011 1280 3060 et

191 3097 225 3135 ac
248 3083 283 3134 de
306 3083 479 3136 Cretensibus
500 3077 547 3134 del
562 3089 714 3149 ψευσταῑς.
754 3083 835 3135 labris
847 3085 951 3146 omnia,
965 3097 1033 3148 quae
1044 3083 1278 3136 adeorumartem

192 3160 235 3210 Sic
252 3158 342 3220 cdi,
360 3160 463 3220 lma:
481 3160 553 3224 insidi
568 3161 665 3210 4444444.
687 3187 714 3196 -
753 3159 903 3222 pertinent;
931 3161 1023 3209 contre
1046 3158 1163 3209 carmine
1184 3171 1278 3210 omnes

192 3233 326 3297 4444444444]
353 3231 417 3284 Ρ444.
436 3233 467 3283 H.
485 3235 515 3284 N.
536 3234 579 3296 46,
600 3233 645 3295 36,
667 3233 714 3286 oi:
753 3233 965 3297 componimus.»
998 3230 1108 3282 Bentleii
1130 3231 1212 3282 4444444
1233 3245 1279 3282 es-

192 3307 717 3372 momamimtcnnmmepypuima-
753 3311 814 3358 sent
839 3309 952 3371 «poetae
977 3304 1081 3369 lyr-reip
1112 3318 1177 3366 uon,
1205 3304 1277 3368 quod

191 3382 274 3443 44444,
300 3382 448 3444 contentione
475 3383 587 3442 eundem
611 3383 714 3445 papyri.
752 3379 861 3432 uolebat
876 3379 932 3442 ille,
950 3380 1051 3439 merim
1070 3392 1132 3429 nem
1144 3378 1277 3430 Lucretia-

190 3456 347 3508 Prcllntiores
368 3461 453 3506 temni
477 3457 563 3508 Gntdii
585 3463 608 3508 et
631 3459 674 3520 oui
689 3459 717 3507 in
753 3468 818 3506 num
835 3467 914 3506 usum
932 3454 971 3516 (5,
990 3451 1053 3505 aul:
1072 3453 1146 3502 inodo
1163 3451 1278 3516 manniri

192 3531 253 3584 nto
268 3531 338 3582 circe
348 3530 492 3582 Anoitieten
507 3531 591 3582 lecum
606 3545 717 3582 444444-
751 3529 977 3592 netcospeperere
987 3527 1109 3591 sonores.)
1120 3527 1146 3577 in
1160 3527 1211 3576 hoc
1222 3525 1277 3589 epi·

191 3613 242 3671 tur.
263 3633 290 3644 -
308 3607 415 3671 scrinio]
439 3605 571 3659 librariolo
598 3607 661 3670 (Cic.
681 3608 714 3660 de
752 3602 880 3655 stolarum
897 3615 1022 3655 sermone
1039 3603 1116 3666 sequi
1135 3614 1184 3665 pro
1201 3600 1276 3650 certo

192 3685 270 3746 hess.
285 3684 314 3742 4,
333 3683 362 3743 4,
375 3679 425 3746 4.),
444 3695 554 3747 capsae,
574 3684 714 3747 inquibus
753 3692 806 3729 non
828 3676 933 3728 licebat.
963 3677 1089 3728 Ceterum
1112 3676 1151 3726 sic
1168 3675 1276 3724 ratioci-

191 3757 273 3808 libros
285 3759 312 3807 et
323 3757 428 3808 cherlus
437 3756 619 3818 esservebent,
633 3761 712 3810 etium
753 3755 829 3806 natus
847 3754 889 3804 est
904 3765 1016 3816 magnus
1030 3749 1072 3802 ille
1085 3749 1213 3800 criticus:
1234 3749 1274 3798 «Si

191 3829 355 3895 singidorum
386 3831 550 3902 wluminum
579 3831 712 3896 capsulae.
751 3828 802 3880 hoc
814 3828 894 3879 modo
906 3827 1013 3891 scripsit
1023 3827 1131 3886 Noster,
1149 3823 1199 3886 Δὶς
1209 3815 1276 3874 ταῦ-

191 3907 234 3957 Sic
250 3905 325 3958 Ovio.
338 3905 414 3958 Trist.
430 3907 458 3967 t,
474 3907 503 3966 4,
517 3905 578 3955 4064
598 3906 714 3969 Contipe-
751 3898 802 3952 τὸν
814 3897 884 3968 ἡμῖν
895 3897 973 3952 elnon
984 3895 1108 3962 ὁσοφός
1118 3893 1272 3961 Αἰσχύλος.

189 3983 372 4044 meusium,
388 3981 586 4040 4444444444,
602 3979 712 4030 domum.
750 3978 806 4028 lem
824 3979 894 4028 enim
910 3979 973 4033 selis
984 3973 1274 4035 indicaveratmedicoa‚

190 4055 280 4108 Pollux
296 4057 342 4118 40,
364 4056 404 4108 64.
432 4069 463 4106 44
489 4057 567 4105 vocet
593 4050 715 4114 κιβώτια
751 4064 812 4102 cum
824 4053 912 4116 priora
923 4050 966 4102 ille
977 4050 1078 4114 posuit,
1091 4049 1275 4099 Abrotonum--

190 4127 433 4202 γραμματοφόρα.
453 4129 492 4180 Ci.
506 4128 569 4180 Plio.
583 4129 613 4180 ll.
626 4131 657 4180 N.
672 4130 711 4190 46,
751 4127 821 4178 dere.
857 4127 924 4176 Nem
945 4124 1065 4190 proiecto
1087 4124 1173 4186 quiid
1189 4123 1275 4173 didicit

190 4206 235 4267 43,
252 4207 293 4257 el.
320 4208 422 4258 Becker
439 4205 526 4256 Gallus
543 4203 594 4266 (ed.
608 4203 663 4265 alt.)
681 4206 711 4256 ll.
751 4199 872 4252 medicus
897 4203 947 4250 est.
993 4199 1061 4262 Ergo
1085 4198 1136 4250 hoc
1161 4198 1272 4263 perinde

190 4295 217 4344 p.
236 4282 284 4332 346
301 4295 343 4344 sq.
751 4281 804 4336 est,
823 4289 855 4324 44
872 4277 893 4325 44
912 4273 1034 4326 dixisset:
1058 4287 1138 4325 nemo
1155 4275 1204 4326 nisi
1220 4287 1274 4326 rne-
