3156 4972
273 421 334 486 334
649 421 777 472 nonnrn
795 420 976 474 snnmuuu

314 577 499 644 Discedunt.
546 577 669 643 Etenim
691 576 794 643 fateor
815 597 883 652 me,
907 576 1023 643 dixerit
1045 574 1112 652 ille,

315 699 395 765 Duci
419 708 530 765 ventre
553 697 673 774 levem,
700 719 815 765 nasum
838 698 951 765 nidore
974 697 1122 785 supinor,

315 818 512 897 Imbecillus,
537 820 637 896 iners,
662 820 689 886 si
712 817 791 908 quid
813 819 877 895 vis,
902 819 1002 896 adde,
1027 819 1156 906 popino.

314 943 377 1017 Tu,
401 962 474 1007 curn
497 941 542 1007 sis
564 940 653 1029 quod
676 961 737 1027 ego
761 949 794 1006 ct
814 940 959 1006 fortassis
983 940 1137 1028 nequior,
1162 939 1245 1007 ultro
1317 942 1358 1004 io

314 1063 478 1130 insectere
500 1061 589 1130 velut
610 1061 724 1129 melior
745 1061 920 1150 verbisque
943 1061 1072 1129 decoris

313 1182 476 1250 Obvolves
499 1184 636 1250 vitium?
658 1183 757 1263 Quid,
782 1183 808 1250 si
831 1204 883 1274 rue
906 1183 1032 1250 stultior
1053 1185 1124 1272 ipso

337 1401 377 1452 39.
396 1403 418 1451 si
435 1402 532 1463 quinon
549 1403 598 1452 LC.
621 1428 647 1436 -
666 1399 707 1452 is.
726 1403 777 1464 ipsc
794 1403 826 1451 Sc
844 1404 871 1450 et
888 1414 957 1450 corr.
977 1401 1003 1462 b,
1024 1402 1085 1452 bct.

271 1612 324 1648 non
342 1597 486 1657 sudemus,
506 1597 644 1657 timentes,
668 1609 701 1646 ne
720 1599 794 1659 tergo
831 1596 918 1646 satiris
936 1597 990 1647 suis
1008 1595 1137 1660 permota
1162 1596 1299 1647 «ciborum
1317 1600 1357 1648 ni-

271 1686 317 1722 cus
335 1673 442 1736 expiare
460 1670 635 1722 debeamus.»
657 1699 684 1707 —
701 1672 796 1720 dicerit
832 1670 897 1720 dore
920 1683 1014 1721 nasum
1032 1669 1082 1721 sibi
1105 1672 1233 1733 supinari,
1260 1671 1355 1730 ottolii,

269 1746 318 1810 iiie]
337 1748 394 1797 Non
412 1747 488 1810 quusi
509 1746 611 1795 cautius
628 1743 741 1808 loquens
759 1744 793 1794 de
832 1748 860 1794 nt
885 1745 981 1809 cupide
1005 1759 1067 1796 eurn
1091 1745 1221 1796 olluciet.»
1256 1745 1356 1796 «Facile

270 1822 357 1871 semet
373 1822 432 1886 ipso
449 1821 538 1870 Davus
556 1822 666 1884 usurpet
682 1819 737 1880 iiie,
760 1813 793 1868 «ὁ
831 1821 946 1883 pelion»
965 1821 1050 1883 inquit
1068 1819 1193 1880 Mulvius,
1215 1833 1277 1870 «me
1295 1833 1310 1870 u
1330 1825 1356 1870 te

269 1892 361 1956 δεῖνα,
381 1894 543 1959 quispiam»,
563 1897 592 1943 ui
608 1891 739 1952 nonnulli;
766 1897 795 1944 ui
832 1894 962 1944 nominari
990 1895 1155 1953 inbecillum,
1188 1893 1357 1958 cupidinibus

269 1969 324 2031 olii,
345 1970 453 2018 udinem
468 1969 522 2030 iile,
542 1981 624 2032 quern
642 1971 669 2018 tu
683 1971 737 2018 ism
751 1981 794 2017 vc·
832 1968 977 2019 obnoxium
987 1971 1014 2017 ei
1026 1969 1109 2032 turpis
1119 1969 1162 2018 otii
1175 1971 1355 2033 appetentem

270 2045 410 2094 henrenter
429 2044 591 2104 insectarep»
617 2040 644 2091 id
664 2043 717 2101 esi,
740 2041 795 2091 idi·
832 2043 926 2104 etiem,
940 2044 961 2093 si
974 2044 1027 2104 vis,
1041 2045 1131 2106 peiore
1143 2043 1226 2104 udde,
1240 2057 1356 2094 essetne

269 2119 352 2168 nerim
372 2130 447 2180 ego.»
476 2119 521 2176 At,
540 2117 584 2179 qui
602 2117 641 2167 sic
653 2114 792 2179 explicent,
833 2117 970 2168 bominem
987 2131 1120 2181 nequam,
1143 2120 1187 2182 qui
1206 2131 1315 2181 semper
1331 2119 1357 2168 io

270 2205 323 2242 non
348 2191 412 2242 sctis
438 2191 639 2254 expenderunt,
668 2189 710 2240 bis
737 2193 793 2240 turn
831 2193 936 2256 popinis
947 2195 1096 2242 versetur.»
1126 2191 1358 2256 (Fornicetnnctc

270 2267 348 2316 nimis
373 2263 450 2316 simili
477 2265 558 2314 modo
582 2278 642 2315 sese
664 2277 793 2315 excusare
827 2267 925 2328 popina
942 2267 1085 2328 iunguntur
1103 2267 1168 2330 Epp.
1193 2266 1220 2326 t,
1243 2264 1287 2324 tl,
1314 2266 1354 2315 st.

269 2352 301 2389 oc
318 2338 463 2389 detendere
481 2352 605 2400 servum,
634 2340 717 2389 hicet
734 2352 794 2388 rur·
831 2343 860 2390 ui
884 2340 935 2392 loci
961 2353 1047 2402 esque
1074 2341 1226 2403 inhonesti.)
1256 2340 1357 2389 Verum

270 2427 316 2465 sus
334 2413 394 2464 inde
412 2426 465 2462 εν.
480 2413 527 2463 too
546 2427 622 2477 seqq.
654 2415 709 2464 Hoc
730 2427 793 2476 ergo
832 2429 893 2466 cum
911 2419 939 2465 iu
958 2415 1054 2465 eodem
1071 2413 1148 2478 gulee
1161 2415 1224 2464 vitio
1242 2413 1357 2464 tenearis

270 2487 347 2537 dicit:
367 2485 467 2537 «Fecile
480 2499 557 2538 susm
574 2500 684 2538 consum
695 2487 795 2538 adver·
832 2493 859 2542 et
870 2491 907 2540 sis
920 2489 1031 2540 tortasse
1043 2501 1087 2539 me
1099 2489 1224 2552 nequior,
1239 2501 1287 2538 cur
1298 2491 1358 2536 tnn-

269 2575 315 2612 sus
333 2564 358 2612 te
376 2561 411 2610 its
429 2561 577 2612 defenderit
594 2561 705 2613 Mulvius
716 2575 795 2612 seur·
832 2565 895 2615 dem
906 2565 982 2624 uitro,
997 2576 1068 2614 nme
1081 2577 1134 2613 uon
1147 2562 1294 2622 lacessitus
1307 2559 1357 2612 sed

270 2650 326 2686 ru.»
352 2637 456 2685 Etenim
475 2637 548 2686 Davo
566 2638 653 2687 minus
672 2637 795 2687 convenii
831 2640 907 2702 quusi
926 2638 1162 2700 tuoiureinsuper
1177 2635 1240 2686 mibi
1258 2635 1355 2699 probra

270 2725 295 2762 v.
306 2711 358 2770 ³9.;
372 2712 468 2775 raptim
480 2711 590 2774 quidem
601 2711 794 2776 lupnnursdire
833 2714 964 2775 ingeris‘tn
986 2737 1012 2748 -
1033 2709 1108 2774 iners]
1126 2711 1168 2760 Sic
1186 2710 1292 2760 Lucioui
1311 2711 1357 2758 Pa-

270 2787 304 2848 (v.
317 2784 378 2848 iit),
398 2799 450 2838 nou
473 2799 538 2836 vero
556 2785 646 2850 piures
670 2787 750 2836 hores
768 2787 793 2836 in
831 2790 929 2838 nasitus
947 2789 976 2838 C.
991 2789 1014 2836 l.
1031 2786 1115 2837 libore
1134 2785 1230 2836 latetur
1246 2798 1276 2835 se
1296 2782 1357 2834 uul-

269 2861 373 2924 popinis
390 2863 478 2910 terere
495 2863 601 2925 poterut
617 2875 726 2920 servus;
746 2874 794 2910 ue·
832 2861 994 2922 lemanem,
1014 2863 1055 2911 cui
1069 2861 1178 2924 quidem
1190 2857 1356 2910 consuetudo

269 2947 321 2997 que
338 2937 572 2986 imcctaturherus
594 2949 717 2994 servum,
745 2935 794 2985 sed
832 2937 881 2986 boc
899 2950 997 2987 nornen
1015 2936 1128 2995 tribuni,
1147 2933 1259 2995 callers,
1288 2933 1357 2982 nihi-

269 3011 379 3073 custigot
405 3009 447 3061 vel
478 3010 569 3060 verbis
598 3009 640 3060 vel
672 3010 794 3060 verberi·
830 3009 945 3062 lominus
963 3023 1089 3074 magnum
1108 3023 1137 3060 sc
1154 3007 1356 3060 esseortiflcem

269 3084 334 3145 bus,
366 3099 454 3150 neque
484 3085 600 3149 denique
626 3099 688 3136 curn
716 3099 794 3136 men·
831 3097 975 3136 coenarum
999 3087 1048 3134 rite
1069 3083 1268 3148 captendsrurn.
1290 3081 1356 3130 -si

269 3159 337 3222 cipio
355 3173 384 3208 se
402 3162 497 3224 purgat
515 3161 596 3210 certis
611 3162 714 3210 decoris.
742 3160 794 3210 Re·
830 3160 890 3221 quid
905 3159 952 3223 nis]
970 3155 1356 3218 Malcolimedebnntsiqniri·

269 3236 321 3284 stet
336 3233 476 3284 dillicultos
496 3249 511 3284 a
532 3235 672 3285 senadono
693 3234 794 3297 signifi·
829 3235 875 3284 vis.
911 3232 1013 3284 cloud
1030 3233 1123 3294 stin,
1141 3233 1170 3293 ἲ,
1189 3233 1222 3281 3;
1244 3231 1356 3280 Tironem

269 3310 343 3356 cute:
374 3309 407 3358 Le
428 3307 501 3370 poe'te
522 3311 590 3358 aonii
614 3310 793 3372 sufflsomment
828 3309 912 3358 Patris
933 3321 1037 3371 asprum
1059 3306 1150 3368 reliqui
1167 3305 1354 3366 adolescentem,

266 3387 378 3444 precene
405 3387 467 3432 cette
490 3385 611 3444 msprise,
641 3395 672 3432 cn
698 3383 793 3445 sonant
829 3387 857 3431 ot
873 3382 952 3442 nosti,
970 3386 994 3432 et
1010 3382 1089 3442 adde,
1107 3381 1128 3430 si
1146 3381 1206 3442 quie
1220 3381 1272 3440 oie,
1291 3395 1355 3442 pro·

269 3457 323 3506 dire
344 3457 361 3506 ὰ
385 3457 471 3506 Dacus
495 3457 556 3518 qn'il
581 3457 670 3506 n'osoii
694 3459 793 3517 repetet·
829 3457 895 3506 inm
918 3483 944 3492 -
960 3455 1063 3519 popino]
1082 3457 1190 3505 Sueiou.
1208 3455 1242 3504 de
1260 3452 1353 3504 illustr.

268 3532 302 3581 ies
325 3531 419 3593 irpnres
446 3531 505 3580 dont
531 3531 641 3582 Moluius
664 3531 794 3594 cborpeait
829 3534 946 3582 Gratum.
961 3532 1005 3580 lii:
1028 3531 1155 3580 inmunem
1173 3535 1197 3580 et
1211 3529 1356 3579 nebulonem

267 3607 373 3657 Horace.
408 3606 461 3656 sed
478 3618 530 3656 uon
549 3609 611 3656 suni
628 3606 676 3655 hae
696 3606 793 3669 impre-
828 3617 1013 3671 consortemque
1029 3605 1165 3668 appellens.

268 3681 401 3740 cotiones,
420 3679 564 3744 dequibus
583 3681 671 3729 Davus
688 3678 792 3730 locutus

268 3757 340 3812 erut3
368 3756 409 3804 est
429 3754 557 3805 defensio.
579 3782 606 3789 -
626 3754 691 3804 Dnci
707 3759 793 3804 nerine
863 3753 951 3804 iu-lo.
980 3752 1061 3803 verbis
1085 3752 1189 3816 decoris]
1216 3753 1301 3803 «Cum
1327 3755 1355 3802 tu

268 3829 345 3878 levem
372 3829 434 3891 cet]
465 3828 560 3879 bibere
591 3829 669 3892 igitur
696 3828 793 3878 letetur
829 3828 896 3880 dicis
913 3829 1026 3878 amicitie
1051 3829 1076 3878 te
1099 3827 1172 3887 duci,
1198 3827 1249 3877 boc
1269 3826 1355 3877 obvo-

268 3917 373 3962 scurrs,
392 3917 437 3955 nse
450 3907 541 3969 utpote
557 3903 692 3953 bominem
704 3901 791 3952 levem
829 3901 903 3952 lucro
920 3915 985 3952 usus
1009 3904 1034 3950 te
1056 3903 1202 3965 parasitum
1223 3914 1284 3951 esse
1307 3915 1355 3952 ne-

267 3975 328 4040 guli
344 3976 379 4026 ad
396 3979 422 4028 te
440 3979 639 4028 convivatorem
656 3976 790 4035 deducu»
829 3976 942 4040 gobis‘ln
980 3973 1105 4026 Similiter
1129 3975 1261 4040 Aristopb.
1287 3974 1353 4026 Plut.

269 4053 339 4113 (num
361 4049 426 4102 tales
442 4065 550 4115 quoque
568 4053 691 4102 homines
710 4051 791 4100 enimi
830 4053 890 4102 tes:
920 4045 1132 4116 Αἰσχυνόμενοι
1156 4077 1171 4086 -
1190 4075 1205 4087 -
1221 4044 1354 4114 Ὀνόματι

268 4137 347 4175 ceusu
371 4125 505 4176 interdurn
529 4124 680 4190 excipiebat
700 4123 792 4175 couvi·
829 4126 1029 4195 espaniacum
1050 4121 1104 4190 τὴν
1125 4123 1303 4194 μοχθηρίαν.
1323 4149 1351 4160 -

268 4200 316 4250 viis
344 4200 478 4261 Horatius,
508 4203 536 4250 ui
562 4213 594 4250 er
620 4201 738 4264 ipsorum
765 4201 792 4250 et
830 4201 903 4262 (inid,
922 4201 944 4250 si
960 4202 1024 4263 cet]
1041 4201 1106 4252 Hinc
1124 4199 1293 4264 usqueudv.
1312 4199 1351 4250 io.

268 4273 387 4326 moribus
411 4277 438 4324 et
461 4273 630 4326 sermonibus
653 4275 792 4326 materiem
829 4275 917 4324 Davus
930 4275 964 4324 de
977 4287 1006 4325 se
1019 4276 1077 4338 ipso
1090 4275 1143 4324 ium
1157 4273 1286 4338 loquitur,
1305 4271 1355 4324 sed
