3130 4966
582 427 640 478 nro.
660 430 678 478 ι.
713 431 780 480 snt.
801 431 830 480 ιι.
1207 431 1247 496 33

161 586 199 653 Ut
222 585 386 673 quondam
408 585 589 662 Marsaeus
615 595 740 652 amator
761 585 902 673 Originis
926 585 991 661 ille,
1137 615 1141 622 ·
1206 591 1247 654 55

160 708 222 787 Qui
244 708 384 795 patrium
407 707 524 775 mimae
546 707 644 774 donat
665 707 864 796 fundumque
886 708 1066 798 laremque,

157 828 207 896 Nil
231 829 325 896 luerit
346 831 406 906 mi,
432 829 546 917 inquit,
570 849 644 896 cum
667 829 822 897 uxoribus
844 853 987 919 unquam
1010 832 1132 900 alienis.

158 954 277 1019 Verum
300 961 350 1018 est
370 972 445 1018 cum
466 952 587 1028 mimis,
612 963 661 1018 est
683 973 757 1018 cum
778 953 1018 1032 meretricibus,
1043 953 1129 1020 unde

159 1077 258 1142 Fama
279 1072 399 1140 malum
421 1073 552 1161 gravius
575 1095 673 1162 quam
696 1095 750 1140 res
772 1074 875 1141 trabit.
920 1077 967 1141 An
991 1075 1046 1142 tibi
1069 1075 1197 1144 abunde

158 1199 335 1264 Personam
357 1196 435 1262 satis
458 1205 522 1274 est,
547 1217 611 1262 non
633 1195 727 1274 illud,
751 1197 911 1285 quidquid
933 1197 1055 1286 ubique
1205 1204 1247 1266 ou

158 1319 279 1394 Obicit,
304 1318 449 1385 evitare?
470 1319 591 1384 Bonam
614 1317 798 1405 deperdere
821 1319 953 1396 lamam,

157 1445 237 1510 Rem
259 1440 359 1528 patris
385 1439 555 1518 oblimare,
579 1438 697 1506 mulum
719 1449 769 1508 est
790 1440 986 1530 ubicunque.
1031 1443 1116 1523 Quid
1140 1445 1222 1514 inter
1235 1484 1251 1495 -

157 1565 216 1630 Est
237 1564 270 1629 in
291 1571 449 1642 matrona,
474 1561 589 1630 ancilla
609 1582 770 1649 peccesne
787 1564 926 1651 togata?

225 1781 267 1832 63.
286 1781 321 1847 tn]
337 1795 372 1831 on
386 1795 402 1830 τ
415 1783 443 1832 et
459 1795 514 1831 var.
529 1780 590 1833 lect.
610 1780 634 1832 λ,
650 1808 677 1819 -
686 1795 804 1844 peccesne
823 1796 897 1844 ιφω,
916 1780 1000 1832 Bentl.
1014 1783 1085 1834 Llll:
1102 1797 1218 1846 pccceeue

189 1855 366 1921 BbScdp,CtF
383 1858 411 1907 et
431 1857 546 1907 Pottierii
563 1869 658 1909 omnes
684 1859 793 1922 prester
808 1869 892 1908 unum
909 1857 933 1906 9.
950 1857 1091 1920 (matrona,
1110 1859 1216 1920 contio,

186 1945 306 1995 peccem
322 1931 439 1983 distinxit
455 1931 609 1995 Bentleiusl

161 2129 195 2180 ab
213 2130 308 2190 iisset,
325 2127 687 2190 quiolteremconstructio-
724 2131 784 2195 vigil
813 2131 1029 2197 disputationem.
1073 2133 1178 2184 Etenim
1208 2129 1251 2183 alii

156 2219 222 2256 nem
236 2219 290 2256 noo
301 2205 366 2256 setis
378 2204 518 2268 callerent,
537 2206 571 2256 de
586 2219 639 2270 qua
651 2205 684 2256 cl.
724 2219 773 2271 pro
799 2208 934 2271 praeteriti
960 2220 1080 2272 syncope
1105 2206 1175 2258 male
1201 2208 1251 2258 ha-

156 2281 685 2344 Sot.t,l,l9.-ltocteamptcctttoruno]
723 2279 799 2332 beot.
820 2306 847 2316 -
867 2283 910 2332 Nil
929 2282 1006 2345 fucrit
1025 2283 1061 2332 mi
1082 2282 1144 2347 cet]
1166 2284 1250 2334 ident-

157 2357 227 2406 uhoc
247 2352 304 2404 solo
328 2354 378 2405 sibi
396 2352 555 2406 blanditur.»
573 2357 635 2406 Aca.
657 2382 684 2392 -
724 2356 792 2406 testo
810 2357 921 2408 Marsaci
938 2359 1000 2406 sunt
1016 2357 1112 2417 verba,
1131 2370 1185 2406 non
1202 2359 1251 2406 Sa·

154 2432 209 2482 lloc
221 2431 299 2494 amet]
312 2431 358 2482 Est
368 2432 456 2496 potios
465 2431 597 2482 ablativus
607 2444 687 2496 «pro-
723 2430 805 2492 lustii,
826 2433 871 2496 qui
888 2432 927 2482 sic
944 2431 1016 2482 idem
1032 2431 1075 2482 bis
1092 2431 1203 2481 dIceret.
1218 2456 1245 2467 -

156 2507 218 2569 pter
235 2505 287 2556 hoc
304 2519 335 2556 se
349 2508 435 2567 amat,
454 2503 598 2570 φίλαυτός
614 2507 685 2566 ἐστι,
726 2508 816 2556 Verum
827 2511 863 2556 cst
874 2507 936 2570 cet]
950 2508 1023 2567 ont»,
1042 2506 1189 2570 respondet
1200 2507 1251 2558 llo-

154 2581 269 2645 proptcr
285 2581 336 2631 boc
353 2594 383 2632 se
406 2579 525 2642 laudato
544 2595 626 2647 quant
644 2597 687 2634 ec-
724 2581 814 2642 ratius,
835 2593 894 2632 «res
912 2581 959 2632 tibi
980 2582 1022 2631 est
1038 2594 1100 2632 curn
1118 2582 1206 2632 mimis
1223 2585 1251 2632 et

158 2656 302 2706 cusativus.
337 2657 380 2706 sic
392 2657 445 2708 Sat.
459 2659 489 2719 ἓ,
503 2657 532 2719 7,
546 2657 590 2708 3⁴:
610 2659 647 2708 tta
664 2663 687 2708 to
723 2655 919 2716 meretricibus,
933 2668 1072 2720 equarum
1083 2669 1175 2706 amore
1187 2670 1250 2720 gra-

155 2732 253 2796 sclicem
270 2732 332 2780 dicte
348 2745 470 2792 amesque
487 2732 540 2795 (tel.
576 2733 623 2783 Est
636 2746 686 2783 no-
722 2732 797 2781 viora
822 2732 903 2780 etiam
927 2730 1014 2781 lemae
1041 2744 1123 2794 quam
1148 2733 1187 2781 rei
1210 2732 1251 2782 le·

157 2809 245 2857 snum
260 2807 312 2856 siclt
329 2807 378 2870 aas
390 2813 467 2857 etwas
486 2821 520 2858 zu
536 2813 594 2872 pon
616 2809 684 2858 titan
723 2807 831 2858 milleris
848 2808 946 2858 demna
958 2809 1105 2858 oriuntur.»
1120 2835 1147 2843 -—
1162 2809 1248 2873 trabit]

157 2881 264 2932 Freund
281 2881 403 2945 quidem:
423 2895 560 2932 «amarem
572 2883 685 2934 tortasse
724 2882 960 2932 «moimmsen»
975 2909 1004 2919 -
1016 2883 1158 2944 Persotom]
1173 2895 1252 2934 «cou-

157 2957 230 3021 epud
252 2969 337 3008 unum
359 2957 519 3007 Ciceronem
538 2959 685 3022 reperitur»
723 2957 857 3007 dicionem
874 2970 906 3008 ec
923 2959 1022 3008 statum
1033 2955 1171 3018 alicuiusn,
1189 2958 1216 3008 h.
1231 2957 1247 3008 l.

159 3030 258 3095 (utique
277 3033 311 3082 de
323 3029 462 3102 prtavstp
475 3033 582 3096 proprie
595 3033 684 3096 dicta).
723 3035 870 3082 matronae.
890 3058 919 3068 -
940 3031 1039 3096 ubique]
1063 3032 1105 3081 «in
1127 3044 1250 3095 quecun-

191 3106 279 3156 55-63.
298 3107 435 3170 ostendero]
455 3107 568 3158 «abhinc
586 3105 686 3170 aliquot
723 3118 775 3168 quc
793 3117 908 3167 persone
925 3118 1049 3168 peccas.»
1071 3133 1098 3141 -
1120 3105 1249 3170 oblimare]

160 3193 272 3230 annos.»
283 3209 310 3217 -
323 3181 464 3246 Marsaeus]
477 3182 559 3232 horno
570 3182 683 3244 ignotus.
724 3181 754 3230 tit
769 3177 872 3228 illuvies
890 3180 987 3242 pingue
1004 3181 1111 3242 pratum
1128 3180 1187 3229 tinto
1199 3179 1250 3231 ob-

160 3283 187 3292 -
201 3255 319 3320 Originis]
332 3258 447 3307 «Romae
460 3256 568 3308 luerunt
579 3257 684 3318 (eodem
722 3254 796 3304 ducit
812 3252 895 3316 etqud
912 3251 1002 3304 sterile
1019 3252 1120 3316 reddit,
1144 3255 1183 3304 sic
1200 3269 1251 3319 pa-

158 3331 293 3394 temporo,
313 3331 418 3380 circiter
433 3344 456 3380 e.
470 3344 496 3380 u.
511 3345 535 3381 c.
549 3331 616 3392 7⁴0.)
631 3333 685 3380 tres
722 3329 877 3378 trimonium
899 3341 915 3377 a
938 3326 1047 3391 prodigo
1072 3329 1247 3382 consumitur.

158 3405 317 3456 meretrices
328 3404 521 3467 nobilissimae,
535 3406 621 3468 Origo,
635 3407 686 3468 Ly·
721 3401 770 3452 Alii
791 3403 880 3454 minus
903 3403 1023 3467 apposite
1041 3416 1056 3453 a
1073 3417 1099 3454 v.
1118 3405 1181 3454 limo
1198 3405 1249 3456 du-

159 3480 229 3530 coris
247 3481 275 3530 et
290 3479 466 3531 Arbuscula.»
493 3482 578 3530 Corin,
603 3480 682 3537 Cano.
722 3479 798 3539 cunt,
824 3479 854 3527 ut
874 3479 909 3528 sit
926 3476 1004 3528 alima
1021 3480 1150 3542 atterere,
1176 3479 1248 3532 lente

157 3555 317 3618 Lycoridem
346 3554 457 3618 virgilii,
487 3568 553 3606 vero
577 3555 683 3605 nomine
722 3553 912 3612 imminuerem
937 3566 991 3616 qus
1013 3553 1203 3616 significatione
1220 3569 1246 3605 v.

158 3629 348 3693 Cytheridem,
379 3631 485 3680 Antonii
513 3633 540 3680 et
569 3628 683 3680 Cornelii
721 3626 784 3677 illud
809 3640 943 3690 nusquam
965 3629 1109 3691 reperitur,
1132 3655 1160 3664 -
1184 3630 1250 3690 Quid

158 3705 220 3757 Galli
247 3707 362 3758 emicem
387 3706 468 3757 luisse
490 3707 554 3756 dicit
575 3706 684 3757 Servius
720 3703 868 3763 inter-Est]
887 3701 922 3751 ad
939 3700 1054 3765 culpam.
1091 3703 1190 3764 «Negat
1206 3703 1248 3752 in·
1287 3726 1288 3729 ¹

158 3779 192 3829 ed
215 3778 270 3830 Ecl.
291 3781 337 3842 to,
361 3781 386 3830 Ξ.
407 3807 436 3817 -
459 3781 544 3844 donat]
570 3781 600 3830 ll.
620 3779 637 3830 l.
657 3781 682 3830 in
721 3779 825 3828 teresse
843 3776 1005 3840 quidquam,
1033 3777 1123 3826 utrum
1143 3777 1203 3839 quis
1221 3779 1247 3829 in

157 3857 337 3919 propositione
355 3855 463 3906 relativa
483 3868 612 3921 praesens
634 3868 683 3919 pro
721 3853 843 3903 matrona
861 3863 895 3900 on
912 3851 938 3900 in
956 3847 1050 3900 ancilla
1068 3861 1101 3898 en
1119 3851 1200 3902 ettam
1220 3853 1247 3903 in

158 3930 289 3993 perlecto,
316 3932 346 3980 ut
362 3929 425 3980 alibi
442 3932 469 3981 in
486 3929 683 3981 donationibus
721 3927 840 3979 adultera
870 3925 1021 3990 delinquut;
1051 3929 1162 3978 secutus
1188 3930 1247 3992 opi-

159 4002 273 4055 directis.
308 4006 405 4056 Nescio
428 4007 488 4069 quis
512 4005 565 4055 hoc
591 4018 685 4056 corre·
721 4004 1004 4062 oionemStoicorum,
1023 4002 1247 4067 quiomniapec-

160 4079 249 4128 durus
265 4080 306 4130 sic
322 4079 503 4144 interpolavit:
521 4081 614 4130 monos
624 4093 683 4130 cen-
721 4081 780 4130 cata
796 4079 871 4143 paria
884 4091 944 4128 esse
957 4075 1073 4127 dicunt.»
1097 4078 1188 4126 Senon.
1208 4077 1246 4128 De

159 4165 212 4204 nnn
220 4155 437 4214 donoodcowcc,
451 4168 533 4218 quem
540 4153 684 4208 lectionem
719 4154 805 4204 verbo
823 4155 892 4203 inter
904 4151 958 4202 duo
969 4165 1066 4202 versus
1077 4151 1163 4202 diviso
1175 4151 1244 4202 conl.

161 4227 212 4278 duo
238 4229 322 4281 Codd.
342 4229 469 4280 exhibent
494 4231 567 4294 apud
592 4231 681 4282 Feam.
720 4231 773 4280 Sat.
793 4231 823 4291 2,
842 4227 870 4288 3,
889 4227 945 4278 tlt.
972 4227 1080 4291 Eppt,
1100 4227 1128 4288 2,
1147 4225 1188 4276 93.
1215 4228 1244 4276 Α.

161 4303 596 4366 Videomoiooedset.t,6,l3.
613 4306 684 4358 blod-
721 4307 748 4355 P.
768 4303 825 4356 tat.
854 4328 882 4340 —
910 4303 1004 4352 oncdtc
1022 4327 1067 4340 ·-
1084 4299 1180 4364 mpetu]
1208 4301 1245 4348 ltu

184 4377 188 4383 ⁵
217 4397 306 4444 itomr.
324 4409 380 4442 voc.
397 4397 425 4443 ll.
455 4408 495 4442 eo.
511 4408 562 4442 ιιιι.
579 4397 617 4442 lll.
1032 4395 1046 4437 3
