3116 4968
227 426 289 492 252
607 425 736 476 nonam
753 424 935 477 sirinanun

272 590 394 660 Stultus
416 601 448 658 et
470 590 611 656 insanus.
656 588 758 670 Quid,
782 589 809 655 si
832 588 906 676 quis
928 607 993 654 non
1016 587 1057 654 sit
1078 607 1209 664 avarus,

272 712 430 781 Continuo
453 711 576 778 sanus?
599 711 736 778 Minime.
780 711 861 787 Cur,
887 709 1016 777 Stoice?
1038 709 1160 776 Dicam.
1255 707 1316 774 460

272 838 341 903 Non
363 843 413 901 cst
434 833 603 901 cardiacus
624 871 668 882 -
690 833 858 900 Craterum
879 830 1001 898 dixisse
1023 840 1134 919 putato
1155 867 1198 882 -

272 957 333 1024 llic
355 976 471 1043 aeger:
495 965 583 1022 recte
606 964 655 1021 est
677 953 774 1041 igitur
796 952 997 1040 surgatque?
1018 951 1167 1040 Negabit‚

273 1078 369 1160 Quod
391 1075 474 1145 latus
497 1087 552 1144 aut
573 1097 669 1144 renes
692 1074 807 1143 morbo
830 1083 993 1142 tentantur
1014 1084 1119 1141 acuto.

273 1203 343 1268 Non
366 1210 417 1267 est
437 1199 589 1287 periurus
612 1217 719 1286 neque
742 1197 911 1276 sordidus;
935 1195 1078 1263 immolet
1100 1196 1214 1284 aequis

273 1307 333 1388 Hic
354 1308 491 1409 porcum
514 1318 668 1386 Laribus:
691 1341 805 1386 verum
827 1317 1016 1385 ambitiosus
1039 1327 1071 1384 et
1093 1317 1213 1398 audax3
1257 1316 1319 1386 liiii

274 1443 408 1531 Naviget
429 1441 622 1530 Anticyram.
668 1440 753 1522 Quid
776 1441 861 1509 enim
884 1439 1005 1520 differt,
1029 1439 1223 1508 barathrone

299 1611 355 1664 463.
374 1617 419 1663 cot
436 1625 571 1676 superscr.
584 1617 607 1662 et
624 1613 650 1662 S.
665 1636 693 1648 —
708 1617 857 1674 emuntur
872 1625 921 1663 seu
933 1615 1057 1662 wnteotor
1072 1611 1152 1677 bScp,
1171 1612 1289 1662 Potlr'erii

266 1685 387 1752 plerique
405 1687 432 1737 et
450 1689 468 1737 t.
489 1688 528 1750 (iit
544 1699 606 1748 noe,
624 1686 734 1738 Bentleii
751 1687 825 1748 octo,
844 1685 960 1736 Pottierii
978 1687 1049 1746 tres,
1074 1686 1199 1737 Priscian.
1219 1685 1243 1746 6,
1261 1686 1286 1746 6,

266 1761 317 1824 344.)
337 1785 365 1797 -
386 1762 442 1813 466.
461 1760 594 1812 butotroce
617 1761 716 1814 eCod.
736 1761 878 1826 Baginensi
895 1762 923 1812 ot
939 1758 1054 1812 Galeano
1071 1759 1217 1823 Bentlelus‚
1242 1760 1288 1810 bc-

234 1911 307 1962 idem
339 1910 451 1962 lortasse
480 1911 652 1976 deturpatur,
688 1923 758 1976 quae
796 1911 864 1962 Eum
888 1911 1005 1960 imitatus
1029 1913 1071 1961 eet
1092 1911 1209 1962 Serenus
1231 1912 1323 1962 Samo-

235 2000 288 2051 quo
311 1984 399 2036 miuus
422 1998 484 2036 eum
508 1999 557 2050 pro
575 1999 640 2037 sano
657 1985 760 2036 lrabea-
798 1987 873 2036 nicus
891 1999 917 2036 v.
933 1985 998 2036 392:
1028 1985 1056 2036 Si
1080 1985 1147 2036 lutras
1170 1985 1324 2036 modion

234 2073 295 2111 mus
312 2061 412 2111 vetant.
447 2058 488 2110 Ab
506 2060 631 2112 omnibus
648 2062 761 2124 ergoui-
796 2059 883 2108 morbo
899 2063 1011 2109 matur
1027 2063 1109 2110 acido
1147 2061 1185 2110 De
1208 2057 1324 2110 laterum

236 2136 278 2186 tiis
304 2133 373 2184 liber
396 2135 431 2184 sit
456 2136 576 2198 oportet,
604 2147 684 2198 quem
712 2147 760 2185 nos
798 2132 1001 2184 doioreci.Sal.
1016 2134 1086 2196 4,9,
1106 2133 1145 2184 34.
1162 2135 1323 2199 -tentcturl

235 2209 314 2258 Stoici
332 2220 427 2259 sanum
439 2221 593 2259 vocamus.»
628 2210 702 2259 lianc
713 2221 762 2258 au·
799 2207 936 2259 «laborant
953 2211 999 2259 aut
1014 2206 1155 2272 pleuritide
1170 2211 1217 2259 aut
1226 2222 1324 2260 renum

235 2285 290 2334 tem
309 2281 457 2333 doctrinam
475 2282 642 2338 diversorum
656 2281 763 2334 morbo-
799 2283 907 2344 morbo,
928 2283 956 2334 ut
967 2295 1015 2334 nos
1028 2284 1076 2347 ipsi
1087 2283 1238 2334 ridemus.»
1256 2284 1325 2334 Con·

235 2353 563 2420 rumeremplislllustrat‚
574 2369 764 2421 quorumquo·
799 2360 931 2410 iunctivus
948 2362 1072 2409 mentor
1082 2358 1243 2422 signiticaret
1253 2360 1325 2410 hano

236 2445 290 2496 quo
301 2429 396 2494 aliquis
406 2433 536 2493 tentetur,
556 2443 637 2481 sanus
649 2445 763 2496 corpore
799 2435 930 2484 rationem
941 2447 956 2483 a
969 2434 1079 2484 Cratero
1091 2433 1193 2496 alterni,
1212 2433 1239 2484 id
1250 2434 1325 2498 quod

237 2507 341 2557 nonsit.
356 2506 764 2568 Ceterumntmiumopcraecou·
800 2509 888 2560 minus
909 2511 1002 2572 aptum
1026 2510 1075 2558 est.
1096 2536 1123 2544 -
1143 2504 1326 2578 oodo165etq

236 2581 345 2632 comitur
361 2593 379 2630 α
395 2581 497 2643 Stoicis,
521 2581 634 2631 mommo
650 2595 667 2630 a
684 2581 764 2643 cirp-
800 2581 888 2650 νόσῳ.
919 2581 988 2633 Cels.
1002 2583 1031 2642 3,
1051 2584 1080 2631 l:
1100 2584 1207 2646 widem
1220 2584 1324 2648 (morbi)

236 2656 384 2719 cipporum
392 2655 766 2719 morbisccipommcompurc·
801 2659 886 2709 breem
910 2659 1025 2718 cautique
1050 2661 1121 2718 aaut,
1147 2659 1191 2718 qui
1215 2660 1263 2709 cito
1286 2659 1327 2710 cat

237 2729 436 2780 turmorbomm
446 2729 525 2779 animi
540 2730 683 2780 similitudo.
707 2731 762 2780 Cic.
801 2733 890 2784 toltum
905 2733 1028 2782 loomtncm
1044 2732 1084 2780 ool
1104 2732 1151 2794 ipsi
1166 2735 1215 2783 cito
1229 2735 1327 2798 finiun-

237 2805 315 2855 Tusc.
329 2802 357 2866 4,
378 2804 422 2866 to,
435 2803 476 2855 23.
493 2831 520 2840 -
535 2805 600 2866 Cur,
612 2804 717 2870 Stoicci]
730 2805 763 2856 Se
801 2815 857 2868 tur;
875 2809 978 2870 quidam
994 2807 1075 2870 onai,
1093 2806 1138 2856 aab
1149 2807 1328 2870 quicuncque

238 2881 295 2945 ipse
313 2881 458 2944 interrogat
470 2881 617 2931 Stertinius.
644 2883 673 2931 ln
685 2893 764 2945 prosa
801 2885 897 2934 sonitus
919 2883 946 2932 in
965 2882 1109 2944 propinquo
1125 2895 1205 2944 caque
1221 2885 1328 2934 aritium

239 2956 370 3006 oratione:
398 2956 480 3017 «Cur,
499 2969 532 3007 ex
549 2967 610 3006 moa
628 2954 765 3020 disciplina
802 2964 845 3009 est.

240 3029 327 3080 Stoica
344 3027 459 3080 dicem.»
492 3031 534 3081 Sic
553 3029 649 3082 crebro
671 3032 696 3081 in
714 3032 765 3081 Ar·
835 3031 956 3083 toi-too.
979 3031 1036 3080 Nou
1052 3035 1087 3080 est
1103 3030 1166 3096 cot]
1185 3033 1327 3085 uConcedo

239 3104 305 3154 riaui
331 3105 466 3170 Epicteto,
493 3109 523 3156 ut
543 3108 573 3168 2,
596 3107 643 3168 ao,
664 3107 711 3156 22:
737 3107 765 3156 cl
802 3107 918 3171 aliquem
935 3104 1083 3157 sceleribus
1095 3119 1147 3156 non
1159 3110 1325 3172 coopertum,

239 3175 520 3245 λέγεις,φιλόσοφε;
531 3180 595 3231 ibid.
610 3180 633 3244 ἕ.
647 3179 691 3232 at:
710 3171 764 3241 ud,
802 3195 856 3233 non
887 3181 1025 3245 periurum
1054 3193 1114 3231 esse
1144 3195 1233 3246 neque
1259 3182 1328 3234 adeo

240 3250 397 3316 φιλόσοφε.
427 3283 454 3292 -
482 3255 629 3320 cardiacae]
655 3253 766 3326 Kapdta
802 3255 956 3316 sordidum,
974 3257 1004 3305 ut
1020 3260 1163 3320 propterea
1176 3257 1258 3308 iidem
1274 3255 1329 3309 lae-

241 3341 295 3379 non
312 3327 398 3380 solum
418 3342 478 3390 cor,
497 3330 546 3379 sed
564 3331 643 3380 ettam
661 3343 691 3380 os
703 3343 767 3380 ven·
803 3330 849 3381 dat
866 3342 897 3380 ao
909 3328 1024 3391 iuretur,
1044 3329 1164 3381 concedo
1177 3343 1240 3383 eum
1251 3331 1329 3382 idcir-

241 3399 327 3453 tricoli
349 3403 491 3465 significan
517 3405 563 3466 qui
588 3405 667 3454 buius
692 3405 767 3454 intir-
803 3419 836 3456 co
847 3403 954 3455 boribus
964 3405 1065 3467 aequas,
1078 3404 1167 3467 idest,
1180 3419 1233 3456 non
1246 3407 1327 3470 iratis,

241 3477 333 3528 mitate
344 3475 460 3538 laborat,
478 3479 590 3528 vocatur
600 3475 764 3549 καρδιακός.
803 3493 886 3546 porco
903 3479 992 3530 lacere
1010 3493 1091 3544 posse
1110 3479 1165 3543 (cir.
1179 3479 1228 3531 Od.
1241 3481 1272 3542 3,
1285 3481 1328 3542 23,

241 3551 311 3604 Cels.
325 3551 353 3615 3,
372 3552 418 3602 49;
444 3552 490 3602 His
504 3553 597 3603 morbo
615 3554 702 3616 [variis
725 3555 767 3605 in·
803 3555 848 3618 4.);
867 3557 895 3605 at
906 3553 1032 3616 eundem,
1045 3555 1067 3605 si
1079 3555 1114 3606 sit
1123 3554 1280 3607 ambitiosus
1292 3559 1328 3618 et,

241 3627 331 3678 suniae
349 3625 501 3691 generibus)
517 3627 654 3690 praecipue
667 3633 769 3679 concc-
804 3643 858 3693 quo
870 3628 1007 3680 ambitioni
1025 3628 1183 3692 satisfaciat,
1202 3628 1331 3682 audacter

241 3703 309 3752 rimu
325 3707 360 3752 cat
376 3701 402 3751 id
418 3714 509 3765 qanto,
528 3702 594 3764 qood
610 3699 767 3774 καρσιακὸν
804 3701 885 3756 multa
904 3701 1041 3764 moliatur,
1061 3703 1186 3766 aquibus
1197 3703 1332 3757 abstineat

242 3791 260 3826 o
276 3776 380 3826 Graecis
395 3777 550 3826 nominatur.
581 3777 619 3828 Cl.
637 3791 663 3828 v.
680 3779 721 3828 28.
737 3807 765 3815 -
803 3779 884 3829 homo
896 3778 1048 3838 modestus,
1062 3778 1185 3829 insanum
1197 3791 1257 3830 esse
1269 3793 1332 3830 cen·

242 3849 531 3916 Crctemm1illustrem
549 3849 768 3919 illorumtempo-
803 3867 863 3914 seo,
890 3865 922 3902 ac
941 3852 1084 3916 propterea
1103 3853 1127 3902 ei
1152 3855 1330 3918 praecipiam,

243 3937 303 3974 rum
328 3925 479 3988 medicum,
506 3939 560 3991 quo
585 3927 639 3977 iam
667 3928 768 3979 Atticus
804 3929 834 3978 ut
850 3929 1004 3990 Anticyram
1022 3927 1152 3990 naviget.»
1173 3954 1199 3964 —
1223 3929 1333 3980 inueniet

243 4010 308 4050 usus
326 4001 391 4050 erat.
427 4001 482 4052 Cio.
497 4001 531 4052 ad
548 4003 599 4052 444.
614 4003 658 4066 42,
678 4003 722 4064 43,
743 4003 766 4052 l.
805 4029 819 4040 -
830 4001 969 4065 -porouml
987 4002 1044 4052 Non
1062 3999 1179 4066 loquitur
1195 4000 1229 4052 de
1247 4006 1332 4054 sacri-

245 4073 291 4134 42,
311 4071 355 4136 44,
373 4072 398 4124 4.
420 4102 447 4112 -
460 4077 532 4128 Recta
542 4078 586 4138 cat]
601 4077 655 4127 Cic.
670 4078 702 4128 ed
715 4080 766 4128 ntt.
806 4077 866 4127 licio
884 4076 1043 4140 expiatorio‚
1063 4075 1112 4126 sed
1130 4075 1163 4126 do
1181 4077 1277 4140 quovis
1290 4076 1332 4129 vel

246 4148 274 4208 4,
293 4147 321 4196 i:
346 4148 419 4211 Apud
439 4155 546 4202 marein
561 4157 628 4202 recto
642 4157 686 4203 eat.
714 4152 767 4203 Clr.
807 4153 945 4203 menstruo
954 4149 997 4202 vel
1009 4151 1198 4212 anniversario,
1212 4151 1333 4216 aquibus

246 4221 341 4282 Sati,
359 4222 387 4283 i,
408 4223 464 4282 406,
486 4251 512 4260 —
534 4227 604 4288 Quod
623 4226 689 4278 tatae
706 4226 769 4292 cet]
807 4228 897 4278 mente
926 4227 996 4291 capti
1025 4225 1201 4286 arcebantur;
1235 4239 1333 4291 quam-

245 4295 319 4348 idem
336 4295 485 4350 versiculus
498 4301 539 4350 est
550 4301 615 4366 Epp.
630 4303 659 4364 4,
678 4302 708 4366 6,
727 4301 767 4354 28.
808 4315 906 4366 quam,
936 4303 959 4354 ei
987 4303 1047 4366 quis
1075 4303 1176 4354 insania
1204 4301 1332 4354 liberatus
