3090 4974
334 409 395 474 712
732 469 734 474 ,
815 408 944 458 nonnrn

377 569 505 632 Format
527 564 613 630 enim
636 572 748 629 natura
771 562 860 650 prius
883 583 942 628 nos
965 563 1048 628 intus
1071 561 1113 628 ad
1135 581 1262 628 omnem

377 689 589 752 Fortunarum
612 683 773 762 habitum;
797 685 884 749 iuvat
905 694 960 749 aut
983 681 1115 770 impellit
1137 682 1179 748 ad
1202 685 1280 748 iram

377 809 438 872 Aut
460 807 501 873 ad
524 806 656 872 humum
678 824 827 871 maerore
850 805 939 888 gravi
961 802 1093 871 deducit
1116 814 1147 870 et
1170 777 1270 891 augin
1362 803 1416 867 itt

378 931 454 994 Post
476 927 568 994 effert
589 927 685 992 animi
709 934 814 991 motus
838 925 1009 1012 interprete
1024 924 1142 1012 lingua.

378 1049 410 1115 Si
433 1049 569 1116 dicentis
591 1056 685 1113 erunt
706 1046 840 1114 fortunis
862 1046 985 1112 absona
1007 1044 1107 1124 diota,

402 1210 458 1259 ⁴09.
472 1215 547 1271 atque
560 1209 655 1271 tapetitt
672 1207 726 1270 (aio)
745 1210 772 1258 T.
792 1235 818 1245 -
834 1207 891 1258 tia.
904 1208 1045 1270 equitesque
1051 1213 1189 1270 patresque
1200 1206 1390 1272 (alibrariorum

369 1281 468 1347 populo
480 1282 568 1334 valera
581 1284 679 1345 iusso»)
697 1281 839 1331 Bentleius.
855 1309 881 1316 -
898 1281 954 1333 itt.
973 1283 1073 1333 Meosne
1090 1283 1199 1346 antiqua
1215 1285 1389 1348 scripturali,

370 1357 489 1418 divusque
505 1359 540 1417 E,
565 1357 668 1406 dimone
685 1369 819 1419 supersor.
839 1369 871 1416 α,
894 1360 922 1406 ut
940 1358 974 1406 sit
991 1359 1121 1418 Davusne,
1145 1357 1213 1420 bic,
1233 1361 1261 1408 et
1276 1361 1392 1410 Deouana

372 1433 432 1482 Li'i.
448 1459 476 1469 -
489 1446 523 1481 aa
534 1431 619 1496 term]
636 1445 671 1481 aa
681 1432 759 1481 Herm
775 1432 812 1494 (ut
823 1431 875 1480 hoo
888 1443 995 1495 quoque
1008 1432 1077 1480 servi
1089 1432 1124 1481 sit
1134 1432 1241 1495 noman)
1259 1435 1287 1495 F,
1300 1435 1394 1484 Erana

339 1585 367 1629 ut
384 1581 454 1630 aaa
471 1581 498 1630 in
512 1579 615 1644 fidiam,
633 1580 672 1630 ita
688 1585 790 1641 munt,
809 1585 865 1629 uto
901 1581 996 1642 protem
1007 1580 1170 1631 deminuto.
1181 1581 1236 1630 Liv.
1249 1583 1272 1640 i,
1283 1582 1330 1634 ii:
1341 1585 1421 1633 orma

240 1669 243 1675 ·
338 1659 408 1704 motu
424 1655 504 1704 animi
515 1668 618 1718 putoque
633 1660 690 1704 aaut
704 1654 801 1716 pulsae.
902 1657 966 1704 aives
983 1656 1089 1704 iimrtani
1102 1657 1196 1717 equitia
1209 1658 1360 1718 partitaque.
1378 1661 1421 1707 Per

373 1728 493 1778 tos-tie.
512 1729 617 1778 Fumant
632 1730 698 1779 anim
713 1729 775 1792 oet]
795 1729 866 1778 Con·
903 1731 991 1780 iocum
1004 1728 1111 1780 Plautus
1123 1732 1204 1780 Poan.
1218 1730 1242 1792 i,
1252 1731 1277 1792 2,
1289 1733 1334 1781 to:
1352 1731 1421 1794 uqa·

340 1804 428 1854 iirmat
449 1805 616 1868 praecedens
633 1807 806 1870 praeceptum
825 1805 866 1854 his
903 1810 963 1863 aaa,
979 1805 1102 1866 peditem,
1120 1805 1277 1866 iwannum,
1295 1807 1377 1868 [wem
1391 1817 1420 1854 aa

339 1878 443 1928 verbis:
463 1881 582 1930 «Veritas
600 1883 690 1930 autem
704 1881 771 1929 haeo
785 1871 867 1943 ἠθῶν
901 1878 1419 1943 sopitivumoeiis.Comparareiioetetiam

340 1952 389 2003 zat
407 1951 508 2002 παθῶν
525 1967 540 2003 a
555 1953 634 2004 bonis
646 1954 731 2017 poetis
744 1952 866 2016 religiosa
904 1952 984 2015 Soph.
1000 1952 1064 2001 Oed.
1079 1950 1134 2003 001.
1148 1953 1211 2004 898:
1231 1950 1421 2004 πάντα-λεών

341 2029 445 2078 servata
475 2025 516 2078 vel
544 2027 605 2078 ideo
633 2028 786 2078 necessaria
815 2029 866 2087 est,
897 2019 1033 2076 Ἆνιππον
1051 2022 1175 2091 ἱππότην
1190 2041 1231 2078 πε.
1258 2029 1366 2080 Bentleii
1381 2041 1421 2078 au·

341 2099 414 2163 quod
431 2101 581 2151 animorum
597 2102 703 2152 habitus
716 2105 743 2150 et
755 2101 867 2150 aflectus
906 2103 959 2150 tarn
984 2105 1070 2162 patres
1093 2101 1246 2154 cachinnare
1267 2107 1295 2154 et
1319 2105 1381 2169 ipsis
1399 2106 1421 2153 ei

343 2175 458 2224 maxime
470 2175 589 2238 pendent
600 2173 867 2240 actemperanturab
906 2175 1013 2224 Horatio
1030 2176 1119 2226 minus
1136 2178 1178 2226 est
1201 2176 1320 2241 dignum.
1342 2207 1368 2216 -
1387 2191 1422 2239 pe

343 2249 459 2298 externis
471 2262 647 2312 personarum
659 2251 784 2309 fortunis3
798 2263 868 2312 quaa
904 2249 980 2310 dites]
1006 2249 1141 2299 «tenuiore
1164 2249 1223 2300 looo
1249 2254 1331 2302 orti.»
1364 2254 1421 2302 Nam

343 2322 473 2384 cuiusque
490 2321 595 2373 fortuna
613 2337 674 2374 cum
687 2326 748 2372 nota
761 2324 794 2373 sit
805 2336 869 2386 spe·
905 2325 985 2375 etiam
1004 2324 1126 2374 homines
1144 2324 1177 2374 da
1190 2324 1267 2389 volgo
1279 2325 1422 2391 sympathia

343 2393 502 2455 uiatoribus,
522 2409 571 2446 suo
588 2399 645 2446 iure
662 2396 810 2461 postulant,
830 2398 867 2454 ut,
907 2399 970 2448 taoti
986 2399 1194 2461 persentiscunt,
1213 2401 1303 2451 utrum
1321 2403 1422 2452 auectus

344 2481 413 2530 quae
431 2467 560 2532 loquitur,
587 2485 649 2521 cum
666 2471 807 2520 affectibus
824 2469 868 2520 tali
907 2474 980 2522 reate
989 2487 1022 2521 uu
1035 2485 1114 2523 secus
1126 2474 1247 2536 expressi
1255 2475 1332 2525 sinta
1342 2479 1420 2540 poeta.

345 2542 446 2592 torinna
469 2547 607 2596 concitatis
628 2559 738 2610 prorsus
756 2559 870 2610 congru·
907 2549 957 2597 Per
977 2549 1062 2597 totum
1086 2549 1175 2597 autem
1194 2547 1283 2599 iocum
1300 2551 1378 2600 unice
1394 2548 1421 2598 do

344 2620 403 2668 ant:
421 2619 868 2686 quodnitit,iabulaexploditur.n
906 2621 1028 2672 dramate
1050 2621 1116 2685 agit,
1143 2623 1240 2686 partim
1257 2624 1321 2686 quia
1339 2626 1363 2674 in
1381 2625 1422 2672 hor

347 2719 373 2728 -
393 2692 517 2757 Μὺίιωπι]
545 2697 663 2746 astatum
684 2697 711 2746 et
734 2695 870 2746 condicio·
907 2694 1003 2746 clarius
1020 2695 1126 2746 eiucent
1137 2695 1292 2760 faciliusque
1304 2697 1422 2760 veiapu

346 2781 435 2818 nem.»
461 2770 503 2819 Sic
518 2772 636 2835 scriptor
648 2771 753 2822 Consul.
767 2772 800 2822 ad
814 2772 868 2821 Liv.
908 2769 969 2834 puio
987 2769 1124 2820 diiudicari
1149 2777 1261 2835 possunt
1277 2773 1386 2824 atiectus
1401 2773 1423 2820 at

345 2843 392 2891 57:
413 2844 490 2905 onia,
509 2846 530 2894 st
546 2858 596 2894 non
613 2845 718 2895 tabita
734 2847 769 2895 sio
779 2859 805 2895 aa
814 2858 870 2909 pas-
907 2843 1087 2916 χαρακτῆρες
1103 2859 1185 2910 quam
1203 2848 1229 2896 in
1247 2847 1376 2912 epicurei
1391 2847 1422 2908 iy-

346 2918 536 2980 assumamini,
551 2921 581 2968 Ut
597 2933 705 2970 manen
717 2919 871 2970 essuttinai-
908 2923 962 2970 rico
989 2922 1126 2984 poemate,
1155 2922 1252 2984 partim
1278 2925 1340 2986 quia
1365 2925 1422 2973 haec

346 2993 418 3042 etiosa
428 2993 511 3043 bona?
527 2992 642 3044 luvenai.
654 2995 679 3056 9,
694 2995 738 3044 ts:
757 2997 871 3056 Deprm-
908 2996 1062 3046 nominatim
1075 2995 1208 3046 advocare
1220 2997 1282 3048 nihii
1294 2999 1421 3050 attinebat.

347 3067 393 3116 atas
409 3069 489 3118 animi
505 3074 628 3118 commta
644 3069 742 3120 latentis
758 3071 872 3132 inaapro
942 3069 998 3120 tit.
1025 3070 1139 3120 intererit
1160 3072 1267 3121 mutuari
1288 3074 1352 3139 cet]
1377 3075 1422 3123 iarn

347 3141 470 3205 Corpora,
488 3145 660 3205 depraedasse
669 3144 781 3206 paedia:
798 3144 873 3192 sumit
908 3158 971 3194 aum
988 3145 1014 3194 in
1026 3144 1137 3195 aiieatus
1149 3147 1314 3204 animorum.
1334 3151 1359 3199 iu
1373 3159 1423 3198 seu·

346 3219 873 3280 utmmqualadaiobitumiaaias.-iuvut
909 3221 1018 3278 tentius,
1044 3231 1111 3282 quas
1129 3220 1267 3283 proterunt
1284 3221 1422 3273 tabularum

348 3291 409 3356 cat]
421 3290 588 3342 «veinatriu
599 3293 744 3352 nosaifioit,
758 3292 799 3342 vei
809 3293 873 3343 aiiii·
909 3307 1055 3358 personae,
1074 3295 1154 3356 atquo
1167 3295 1193 3344 in
1205 3295 1293 3358 ipsum
1304 3298 1423 3358 cuiusque

348 3367 410 3429 git.»
425 3393 451 3402 -
470 3367 498 3416 Si
509 3367 611 3416 ouantis
623 3367 685 3430 oet]
699 3366 753 3417 «ct.
766 3368 870 3416 tuucian.
910 3381 1040 3434 personae
1050 3381 1135 3430 genus
1144 3367 1249 3418 dicendi
1261 3374 1366 3433 praeter
1376 3381 1424 3420 ma

349 3441 383 3491 de
402 3441 462 3490 hist.
482 3441 614 3491 conscrib.
637 3455 695 3506 cap.
710 3443 759 3493 58i
773 3437 825 3492 Ἢν
841 3439 873 3492 ‹ia'
910 3441 1019 3493 tabitam
1036 3442 1169 3492 tartunam
1187 3456 1310 3506 magnam
1322 3447 1374 3496 vim
1388 3457 1424 3492 ax-

350 3529 418 3564 ποτε
435 3515 485 3564 καὶ
501 3512 606 3582 λόγους
620 3513 742 3586 ἐροῦντά
752 3530 816 3566 τινα
827 3515 873 3566 ‹ia-
910 3520 1001 3568 ercoat
1025 3517 1105 3566 etiam
1131 3521 1219 3578 aetas,
1243 3531 1338 3580 sexus,
1365 3519 1423 3567 vitae

350 3587 409 3660 ήσῃ
427 3586 568 3656 εἰσάγειν,
594 3589 721 3655 μάλιστα
743 3591 798 3657 μὲν
814 3591 873 3642 ioa—
910 3605 1011 3657 genus,
1039 3592 1132 3655 stirpa.
1159 3592 1243 3652 natio,
1270 3594 1421 3646 cautionum.

350 3663 422 3715 κόπα
446 3662 485 3730 τῷ
512 3661 657 3736 προσώπῳ
678 3667 727 3716 nai
743 3664 783 3732 τῷ
801 3663 873 3737 πρά-
910 3665 1424 3731 quaeaxhisdissimiiitudintbusoriaa

350 3754 438 3806 γμαπι
455 3741 549 3790 οἰκεῖα
566 3739 706 3806 λεγέσθω,
724 3734 821 3791 ἔπειτα
834 3736 874 3804 ὥς
910 3746 966 3802 tur,
986 3741 1113 3792 admouet
1129 3742 1239 3792 Pisones
1256 3754 1299 3791 vv.
1313 3737 1422 3792 iti-tit.

351 3817 521 3878 σαφέστατα
537 3811 724 3867 καὶταῦτα.»
744 3817 824 3866 iinon.
845 3845 873 3853 -
911 3819 1009 3868 Verum
1027 3813 1189 3879 perdifficilia
1206 3817 1291 3865 oritur
1304 3813 1422 3880 quaestio.

350 3891 640 3956 tottaatucooitiaaum]
659 3893 713 3941 Cic.
730 3890 763 3941 de
777 3891 837 3940 Fato
849 3893 873 3952 5,
912 3895 969 3942 utra
988 3889 1066 3940 teatio
1083 3890 1318 3954 praeterendum,
1336 3891 1424 3940 duim

354 3969 396 4018 to:
416 3968 443 4016 ia
460 3981 509 4030 quo
525 3967 662 4018 Mutuus
678 3967 826 4016 auctionum
839 3967 877 4017 rit·
912 3967 1030 4027 tueamur
1047 3977 1082 4014 aa
1097 3965 1186 4026 toros,
1213 3977 1247 4014 an
1266 3966 1380 4016 Davusne
1393 3961 1423 4008 la

352 4043 418 4090 auur
433 4043 565 4092 matutisse.
581 4069 608 4078 -
622 4041 715 4103 equitas
726 4041 875 4106 peditesque]
912 4045 1006 4103 matur
1028 4053 1062 4088 aa
1082 4039 1167 4098 ieros,
1195 4051 1257 4089 nam
1275 4043 1422 4090 ceterarum.

353 4117 399 4166 Est
415 4114 495 4165 veluti
513 4115 625 4166 formula
644 4117 782 4166 universos
794 4118 877 4177 Quiri-
913 4117 991 4180 (quaa
1013 4113 1055 4164 vei
1078 4115 1103 4164 in
1122 4116 1238 4164 metrum
1255 4115 1377 4178 peccant,
1402 4109 1424 4154 ui

353 4193 393 4241 tes
412 4189 602 4254 complectens.
632 4192 685 4242 Cic.
703 4191 736 4240 da
755 4194 833 4254 Logg.
850 4191 875 4250 3,
912 4191 1030 4240 Boouata
1053 4190 1069 4238 t.
1089 4202 1124 4238 an
1140 4189 1219 4239 Heras
1242 4189 1321 4251 (servi
1339 4193 1423 4238 noman

353 4265 378 4324 3,
391 4265 420 4311 7:
436 4265 552 4314 cesores
562 4267 711 4328 --equttum
718 4267 878 4328 peditumque
914 4267 985 4316 esset
1001 4266 1078 4326 Eros,
1098 4264 1183 4328 prima
1202 4262 1304 4326 brevi),
1323 4259 1362 4312 vai
1379 4267 1423 4307 rua·
