3174 4974
608 419 667 469 4444.
691 418 709 468 4.
745 417 842 469 44444.
862 418 914 470 nx.
1242 415 1303 480 585

261 570 385 651 Quodsi
407 591 470 637 uon
492 570 569 638 odio
589 572 753 658 peccantis
775 571 893 659 desipit
915 571 1031 660 augur,

262 693 364 759 Carus
386 693 450 758 eris
472 695 609 770 Romae,
635 693 740 760 donee
762 703 793 758 te
817 692 947 760 deserat
968 701 1072 772 eatae,
1261 691 1302 757 40

262 814 483 880 Contrectatus
506 812 561 880 nbi
584 812 732 880 manibus
753 813 946 882 sordeseere
968 812 1053 900 volgi

263 934 433 1021 coeperis,
461 942 516 1000 aut
538 933 640 1002 tineas
662 955 778 1022 pasees
800 934 976 1002 taciturnus
999 935 1132 1011 inertes,

229 1055 322 1196 'Aut
342 1054 445 1142 fugies
467 1055 590 1123 Uticam
612 1064 667 1121 aut
689 1056 814 1122 vinctus
836 1055 969 1122 mitteris
991 1053 1138 1122 Ilerdam.

284 1260 308 1312 s.
327 1261 429 1323 44444444
443 1261 473 1311 Ε.
494 1287 522 1298 -
543 1263 583 1312 40.
602 1263 695 1312 deseret
711 1263 766 1312 Set
777 1263 904 1324 Dcering,
923 1261 1051 1321 44444044,
1065 1263 1098 1320 ts,
1117 1258 1182 1310 item
1193 1261 1271 1310 Bent-

251 1331 326 1384 leius.
347 1336 392 1398 (Ut
408 1347 471 1396 nos,
490 1334 559 1395 bed,
577 1336 677 1386 Veneta
696 1335 778 1398 ttae.)
798 1363 826 1374 -
846 1337 886 1386 44.
904 1337 992 1385 laertia
1008 1335 1053 1386 Ec.
1075 1363 1102 1371 -
1125 1335 1164 1384 43.
1182 1340 1271 1385 caetea

253 1409 367 1459 Pottierii
384 1422 454 1460 unus
471 1409 495 1459 2.
516 1411 542 1459 et
560 1411 577 1458 t.
598 1409 637 1470 (Ut
653 1423 715 1470 nos,
735 1408 827 1461 bSEcd
844 1411 872 1460 44
889 1409 970 1460 ceteri
988 1409 1122 1471 Pottierii.)

220 1597 247 1644 et
271 1593 393 1658 Epistolis
419 1596 504 1645 totum
530 1609 614 1658 genus
638 1595 744 1646 dicendi
782 1595 815 1646 de
832 1592 1020 1646 adolescentia.
1048 1595 1102 1646 Cic.
1118 1595 1194 1644 verr.
1207 1595 1302 1645 Aecus.

219 1669 330 1731 requirit
346 1681 456 1732 semper
467 1669 589 1720 ordinem
601 1669 745 1734 4444444444-
780 1671 806 1730 5,
825 1671 866 1730 45,
880 1668 924 1720 et:
942 1670 964 1719 44·
980 1669 1023 1730 4444
1039 1682 1108 1719 44444
1123 1673 1168 1718 cat
1184 1668 1305 1731 4444444444

219 1755 290 1802 rem,
318 1742 367 1793 nisi
384 1741 431 1792 ubi
448 1744 563 1806 assurgit
579 1747 607 1794 et
623 1743 744 1796 consulto
781 1751 866 1806 44444,
884 1757 925 1794 444
941 1745 969 1794 ln
984 1745 1090 1794 4444444444
1105 1756 1209 1794 44444444
1222 1744 1303 1803 ducit,

219 1817 384 1868 intermiscet
403 1829 498 1866 versus
520 1830 585 1868 vere
610 1817 742 1868 heroicos.
781 1820 824 1880 444
841 1819 938 1880 44444444
953 1819 1065 1880 4444444,
1086 1817 1177 1868 aetatis
1192 1818 1305 1881 44444444-

222 1889 617 1952 -ptemc1utsat.a,a,ta.
637 1891 741 1955 14442,
781 1905 829 1953 444
844 1891 980 1951 44040444,
999 1891 1100 1942 4444444
1116 1903 1207 1942 444444.
1238 1891 1305 1940 ilino

221 1964 249 2023 4,
269 1964 325 2013 400.
345 1966 372 2013 44
388 1964 462 2014 0444.
477 1976 509 2014 ex
526 1967 609 2015 Ponto
621 1965 645 2026 ³,
658 1964 742 2026 4554
779 1967 945 2030 4444444444,
964 1965 1098 2016 aetatulae.

219 2037 267 2086 1444
287 2037 347 2086 44444
367 2039 452 2088 4444444
467 2039 556 2100 lector,
582 2052 639 2088 44444
651 2038 745 2101 poesela
815 2041 854 2090 tt.
867 2040 908 2090 ⁴2.
933 2039 1111 2103 044444444444)
1129 2039 1185 2089 4444
1196 2050 1304 2102 quoque

215 2110 317 2172 444444,
332 2115 429 2172 «satur,
446 2111 624 2162 fastidiosus.»
639 2139 666 2148 -
679 2114 744 2162 4444-
780 2113 865 2163 verbo
883 2125 931 2177 444
948 2111 1173 2176 dilogiamutitur.
1202 2111 1240 2162 Ct.
1253 2112 1305 2162 Ta-

218 2189 276 2247 4444
301 2187 391 2236 autem
418 2187 446 2234 et
469 2185 574 2236 auditor
597 2184 641 2236 vel
661 2185 744 2236 444444
782 2187 905 2238 444444.
919 2186 959 2250 44,
978 2187 1023 2238 54;
1041 2191 1220 2238 contrectatam
1235 2186 1305 2249 44444·

219 2257 333 2320 (Quintil.
350 2259 377 2322 44,
390 2258 414 2320 3,
428 2259 479 2321 27.)
492 2259 567 2320 4444,
581 2261 657 2310 44444
669 2272 745 2311 amor
780 2275 839 2312 44444
847 2263 996 2324 pudicitiam
1005 2262 1100 2312 4444444.
1115 2289 1143 2298 -
1156 2259 1303 2323 surdescere]

218 2331 327 2382 44444444,
355 2331 429 2381 ovid.
447 2333 478 2381 A.
491 2334 520 2382 Α.
539 2333 569 2392 4,
588 2332 652 2383 l36:
675 2335 744 2383 Elei
782 2335 919 2399 ambigue,
938 2335 1010 2387 etde
1023 2337 1133 2386 externa
1146 2335 1236 2398 specie
1255 2333 1302 2397 (ct.

218 2407 289 2456 44444
305 2406 386 2456 440444
402 2406 517 2466 amala,
543 2408 645 2471 laapuet
661 2421 742 2458 44444.
782 2412 834 2460 Sat.
849 2412 873 2471 4,
890 2409 914 2472 4,
928 2411 993 2472 44,),
1012 2411 1040 2460 44
1056 2409 1090 2460 de
1108 2408 1304 2472 contemptione

251 2481 275 2530 0.
295 2481 335 2529 40.
357 2481 448 2542 Quodsi
459 2483 584 2543 444444]
598 2483 741 2534 construe:
781 2485 807 2534 in
825 2498 906 2548 4444444
922 2483 1048 2548 paulatim
1059 2485 1149 2534 veniet
1159 2482 1235 2534 liber.
1255 2480 1302 2544 (Gi.

220 2554 311 2616 (444444
335 2567 420 2618 accur
444 2567 494 2604 444
520 2555 608 2618 desipit
633 2557 664 2620 (si
690 2570 742 2607 non
780 2558 1030 2622 4144.4,44,4.)-
1049 2553 1303 2619 44444444444444444.

218 2639 331 2690 4444444
342 2626 406 2678 falsa
419 2627 464 2678 tibi
476 2629 612 2692 vaticinor)
622 2631 678 2698 4444
690 2631 741 2690 tat,
781 2631 815 2680 ad
827 2633 881 2682 Sat.
894 2632 923 2692 4,
941 2632 969 2691 3,
984 2632 1040 2682 tlt.
1056 2658 1084 2667 —
1102 2628 1251 2692 4444444444]
1270 2641 1305 2676 «a

220 2703 245 2751 id
271 2702 344 2765 quod
369 2701 533 2754 monendum
557 2708 616 2754 erat
634 2707 744 2768 propter
782 2706 887 2755 nemine
905 2705 1032 2754 recitatus
1044 2701 1086 2753 4444
1097 2702 1208 2753 lectus.»
1223 2729 1250 2738 -
1263 2703 1306 2751 44-

219 2776 301 2826 miros
318 2774 525 2827 Scholiastarum
549 2789 670 2838 errores,
695 2791 744 2828 ve·
780 2778 851 2841 44444]
871 2791 955 2841 equae
971 2789 1055 2840 prope
1072 2773 1223 2826 immobiles
1235 2772 1304 2824 lente

219 2848 265 2900 luti
277 2851 480 2914 Porphyrionis:
496 2849 610 2910 4044444
621 2864 670 2913 ego
680 2865 745 2914 qua·
781 2853 886 2901 chartas
904 2853 929 2900 et
942 2851 1031 2900 vestes
1048 2849 1224 2908 corrodunt‚»
1242 2848 1306 2897 still·

219 2923 344 2987 siaugur
360 2924 407 2973 tibi
425 2937 497 2974 non»
517 2925 576 2987 (hoc
592 2924 744 2975 4444444444-
780 2925 880 2988 444444
896 2921 1003 2975 Merkel.
1034 2920 1082 2972 4444
1105 2923 1193 2972 minus
1214 2923 1303 2970 recte:

220 2996 286 3047 dum
313 2999 387 3061 patet
415 3011 448 3048 ex
477 2999 580 3049 Corum.
609 2999 688 3062 Cruq.
717 3001 744 3048 et
780 2999 973 3061 4444444444,
1000 3007 1089 3059 «quae
1106 2993 1208 3045 nullum
1225 3007 1306 3046 usum

219 3069 369 3122 Glossatnre
387 3071 492 3122 Codicis
504 3073 532 3135 E)
552 3073 689 3136 «peccanti
706 3072 745 3122 iu·
780 3071 920 3138 praebent,
933 3073 1015 3122 immo
1026 3071 1123 3120 nocent
1133 3067 1224 3130 rebus,
1238 3080 1305 3132 quas

219 3147 277 3195 tura
289 3145 425 3209 praedico,
438 3159 491 3197 non
501 3146 561 3197 odio
574 3148 611 3196 444
622 3144 742 3210 loquor.»
781 3147 903 3197 rodunt·
917 3143 1056 3205 Quomodo
1069 3143 1178 3207 quidam
1189 3141 1305 3194 «44441444

221 3247 247 3258 -
267 3220 332 3283 adio]
350 3221 376 3270 h.
390 3218 418 3281 4.,
437 3221 467 3270 44
482 3233 577 3284 saepe,
596 3219 744 3270 acceditad
780 3219 905 3272 infestas»
931 3216 1063 3282 explicare
1084 3217 1212 3280 potuerit,
1238 3215 1305 3267 atius

219 3293 273 3343 trae
292 3295 320 3344 et
336 3294 415 3344 taedii
431 3295 613 3358 potiusquam
627 3293 745 3344 simulta-
782 3295 939 3346 convertere
951 3292 1120 3352 444444444444,
1133 3291 1250 3340 Diintzer
1259 3305 1306 3340 ruc-

220 3367 252 3416 444
266 3369 415 3428 notionem,
431 3369 587 3418 l'crdrusc.
600 3395 628 3404 —
637 3381 745 3430 4444444-
780 3367 928 3434 44444444444,
947 3365 1073 3430 equidem
1091 3377 1134 3416 me
1147 3363 1219 3414 haud
1231 3363 1307 3415 intel·

219 3441 262 3504 444)
281 3441 314 3491 de
332 3440 413 3491 libro:
434 3455 631 3507 «praepropere
644 3441 687 3494 edi
699 3455 745 3492 cu·
781 3442 862 3506 ligere
879 3441 972 3492 444444.
992 3440 1069 3490 Haud
1080 3439 1144 3492 satis
1156 3439 1217 3503 apte
1229 3451 1306 3488 oom-

219 3517 351 3580 444444»
369 3515 464 3578 4444444
481 3518 551 3566 inest
568 3518 594 3567 in
606 3530 651 3578 44,
671 3516 744 3580 quod
781 3517 877 3582 parant
886 3517 976 3566 iuven.
987 3514 1011 3576 t,
1023 3515 1085 3564 207:
1105 3511 1306 3573 Etdiaiaauplci

219 3603 360 3652 v.pcccare
368 3591 745 3655 usurpaturetiamdeaman-
780 3589 900 3640 44440444
916 3589 1033 3640 44444444
1047 3599 1132 3640 marea
1154 3586 1306 3650 (4444444444

219 3664 284 3714 tium
307 3663 461 3716 infidelitate
481 3666 559 3716 4444
577 3679 677 3716 venere
695 3663 745 3715 illi-
781 3663 901 3726 Weber).
1168 3661 1173 3672 “

219 3738 279 3788 cita.
295 3764 323 3773 -
341 3739 423 3789 044444
438 3741 501 3801 4444,
518 3767 533 3776 -
547 3741 623 3790 44444
640 3745 663 3790 44
679 3741 745 3790 4444-
814 3739 855 3789 40.
876 3737 927 3788 Act
940 3736 1022 3800 444444
1038 3735 1100 3798 444.)
1118 3735 1218 3786 Horatii
1236 3737 1305 3784 lem-

218 3812 269 3874 444]
288 3815 334 3862 «ut
350 3826 399 3877 ego
411 3827 507 3872 reum
526 3813 588 3864 hinc
600 3815 745 3865 coniuncti·
782 3825 846 3877 4444
863 3811 938 3864 444444
954 3809 1013 3860 libri
1031 3811 1057 3860 in
1072 3808 1127 3860 illas
1145 3809 1304 3873 provincias,

218 3899 282 3948 vus,
301 3887 346 3950 qui
363 3888 450 3952 aptior
466 3887 530 3938 mibi
548 3887 661 3938 videtur.
692 3889 745 3937 Ea-
781 3899 850 3949 quae
868 3887 922 3937 iam
939 3886 1031 3936 Latino
1048 3895 1173 3935 sermone
1190 3881 1306 3934 uteban-

218 3959 282 4010 dem
299 3961 497 4011 constructione
515 3963 544 4010 4.
559 3963 586 4011 Ρ.
600 3962 663 4010 445;
686 3961 744 4010 See-
781 3963 832 4022 tur,
843 3964 901 4012 tum
910 3961 1019 4011 demum
1031 3956 1232 4024 perveniebant,
1242 3971 1305 4010 eum

218 4035 284 4095 44444,
304 4036 381 4086 44444
396 4041 534 4085 centurn
545 4035 621 4085 44444.
647 4032 687 4083 Ad
704 4032 743 4084 44-
782 4035 880 4085 Romae
898 4036 950 4084 iam
962 4031 1157 4085 obsoleverant.
1180 4033 1218 4082 ct.
1232 4035 1262 4082 A.
1275 4035 1303 4082 P.

219 4109 335 4160 ctionem
348 4108 741 4172 444444444.4’444.444.4,444;
781 4105 838 4158 445.
870 4107 978 4170 «4444444
993 4106 1062 4158 ultro
1077 4106 1305 4171 inatrtcampro-

218 4182 744 4248 4444--4444444444,--44444444444--
781 4181 909 4240 vinciam,
937 4193 1020 4232 novos
1045 4182 1074 4230 ut
1099 4179 1145 4231 tibi
1170 4185 1304 4233 amatores

219 4255 458 4322 4444444444444444.
475 4285 500 4294 -
515 4249 740 4328 44444]4’4’44,44.4.
781 4255 885 4319 444444,
913 4254 946 4305 ab
971 4255 1016 4316 iis,
1044 4256 1155 4320 quasin
1174 4256 1241 4310 Urbe
1260 4269 1305 4307 rc·
