3030 4988
668 1013 691 1078 l.

566 1207 794 1262 SUETONll.

200 1459 237 1541 Q.
257 1459 412 1526 llonxrrus
432 1459 568 1526 Funccus
576 1460 597 1544 ¹)
619 1459 799 1526 Venusinus
808 1459 846 1545 ²),
863 1467 955 1547 patre
971 1459 1017 1544 (ut
1031 1459 1101 1547 ipse
1117 1458 1223 1545 tradit)

135 1579 314 1668 libertin0³)
338 1590 371 1648 et
392 1581 594 1648 exactionum
615 1582 812 1666 coactorell,
834 1589 870 1652 ut
890 1601 969 1648 vero
992 1579 1148 1648 creditum
1165 1589 1223 1659 est,

135 1701 387 1780 salsamentario,
411 1724 485 1770 cum
498 1701 542 1768 illi
557 1701 689 1790 quidam
705 1701 738 1767 in
752 1701 961 1770 altercatione
977 1702 1221 1790 exprobrasset:

137 1825 312 1904 «Quotiens
335 1845 396 1912 ego
417 1823 483 1891 vidi
506 1832 631 1912 patrern
652 1833 743 1890 tunm
765 1821 873 1892 cubito
896 1845 933 1891 se
953 1823 1219 1911 emungentem‘ln

132 1943 219 2011 bello
241 1945 456 2034 Philippensi,
489 1945 613 2012 excitus
635 1966 654 2012 a
676 1945 784 2047 Murco
805 1946 905 2012 Bruto
927 1945 1122 2033 imperatore
1131 1953 1142 2023 ,’
1167 1945 1224 2011 tri-

132 2065 240 2134 bunus
262 2065 397 2135 militurn
424 2066 541 2135 meruit
549 2067 572 2153 ⁵)
595 2067 754 2154 victisque
778 2063 923 2155 partibus
944 2067 1039 2133 venia
1055 2065 1224 2155 impetrata

133 2187 289 2276 scriptum
325 2187 547 2276 quaestorium
576 2188 790 2276 comparavit,
825 2208 864 2256 ac
896 2187 1001 2276 primo
1034 2187 1221 2266 Maecenati,

134 2307 250 2377 deinde
280 2311 424 2398 Augusto
452 2309 645 2386 insinuatus
677 2331 742 2376 non
768 2309 967 2376 mediocrem
997 2309 1028 2374 in
1051 2309 1221 2376 amborum

132 2430 270 2498 amicitia
293 2429 399 2498 locum
420 2431 529 2499 tenuit.
557 2432 727 2499 Maecenas
747 2441 947 2520 quantopere
971 2451 1044 2497 eum
1062 2429 1218 2508 dilexerit,

130 2552 207 2619 satis
230 2563 426 2620 monstratur
446 2553 501 2620 illo
524 2553 772 2642 epigrammate,
796 2553 852 2620 ubi
875 2552 996 2640 inquit:

392 2713 444 2762 «Nl
461 2715 489 2762 te
505 2713 655 2764 visceribus
672 2714 754 2774 mets,
774 2713 878 2773 Horati,

393 2803 454 2855 Plus
471 2805 522 2854 ium
541 2803 632 2869 diligo,
652 2808 680 2856 tu
697 2808 772 2856 tuum
790 2804 909 2856 sodalem

393 2899 488 2949 Minnlo
504 2897 597 2950 videas
614 2899 830 2962 stngosloram;.

129 3025 188 3095 sed
210 3027 309 3095 multo
332 3027 435 3114 magis
458 3027 625 3104 extremis,
649 3025 703 3093 tali
725 3025 767 3094 ad
783 3028 961 3114 Augustum
984 3025 1104 3114 elogio:
1131 3027 1215 3095 allo-

128 3149 199 3216 ratii
220 3149 340 3229 Flacci,
372 3159 407 3215 ut
428 3150 508 3226 mei,
531 3169 656 3216 memor
677 3127 775 3216 esto.»
825 3151 987 3237 Augustus
1011 3150 1041 3216 ei
1063 3142 1215 3237 epistolass

127 3292 198 3337 rum
221 3269 362 3339 officium
384 3269 513 3347 obtulit,
537 3280 573 3336 ut
593 3269 656 3338 hoc
677 3270 718 3338 ad
734 3272 951 3338 Maecenatem
974 3272 1093 3358 scripto
1116 3271 1215 3358 signi-

126 3392 218 3460 ficat:
245 3393 342 3460 «Ante
362 3393 433 3480 ipse
447 3390 629 3462 scribendis
644 3391 788 3480 epistolis
804 3393 980 3460 amicorum
997 3391 1212 3460 sufficiebam:

127 3533 213 3582 nunc
243 3513 511 3602 occupatissimus
540 3522 572 3580 et
604 3513 750 3581 infirmus
777 3514 942 3581 Horatium
972 3525 1116 3581 nastrum
1141 3535 1160 3580 a
1183 3522 1213 3580 te

127 3636 222 3723 cupio
245 3634 419 3703 abducere.
457 3635 570 3703 Veniet
591 3654 670 3722 crgo
692 3636 734 3703 ab
756 3635 816 3703 ista
842 3637 1014 3725 parasitica
1035 3655 1148 3702 mensa
1171 3635 1212 3702 ad

189 3869 204 3934 ¹)
226 3873 393 3922 Praenomen
414 3871 493 3934 pocta
516 3872 573 3935 ipse
591 3872 690 3923 indicat
706 3874 759 3924 Sat.
780 3875 809 3935 2,
828 3873 856 3934 6,
874 3871 930 3933 34,
954 3885 1052 3924 nornen
1070 3871 1118 3923 od.
1138 3871 1165 3932 4,
1185 3871 1209 3930 6,

124 3951 165 4004 44.
183 3953 250 4019 Epp.
263 3956 288 4016 4,
307 3952 350 4014 44,
367 3955 408 4013 6.,
428 3965 579 4018 cognomen
596 3955 680 4020 Epod.
700 3957 746 4017 ts,
765 3957 805 4007 ⁴2.
825 3957 877 4008 Sat.
896 3957 921 4018 2,
941 3957 965 4017 4,
985 3956 1024 4006 48.

186 4035 472 4112 lwffltfflm

186 4117 273 4180 ³)sat.
293 4124 318 4182 4,
336 4123 361 4184 6,
380 4127 404 4178 a.
424 4122 464 4174 46.
484 4121 524 4176 to.
543 4124 609 4189 Epp.
628 4125 652 4186 4,
671 4125 712 4184 60,
731 4125 771 4174 20.

189 4203 204 4265 ⁴)
222 4206 275 4256 Sat.
295 4207 319 4268 4,
338 4207 363 4269 6,
380 4207 422 4257 86.

187 4288 276 4350 'lsat
296 4292 320 4353 4,
339 4291 363 4353 6,
383 4287 423 4342 48.
441 4289 489 4341 Od.
508 4291 577 4354 ast,
596 4292 606 4340 4
628 4303 668 4356 sq.
