3090 4974
346 425 408 494 723
735 480 738 486 ,
831 425 961 486 uoniru

389 565 485 649 liulte
508 602 620 649 senem
643 582 898 649 circumveniunt
919 580 1137 656 incommode,
1162 579 1214 647 vel
1236 579 1324 668 quod

386 703 520 784 Quaerit
543 712 575 769 et
597 703 733 769 inventis
756 702 856 768 miser
877 700 1016 768 abstinet
1037 721 1076 768 ac
1096 702 1186 767 timet
1208 701 1272 776 uti,
1367 699 1416 766 tio

388 824 443 892 Vel
466 823 554 912 quod
577 845 631 891 res
654 843 766 890 omnes
787 823 897 889 timide
920 821 1093 911 gelideque
1116 821 1287 898 ministret,

385 945 522 1022 Diletor,
546 965 605 1033 spe
627 945 758 1032 longus,
783 944 884 1021 iners,
908 942 1091 1030 avidusque
1113 942 1228 1017 futuri,

386 1065 548 1142 Difficilis,
572 1063 744 1154 querulus,
767 1065 915 1132 laudator
937 1064 1093 1151 temporis
1114 1064 1176 1131 acti

387 1188 431 1254 Se
452 1208 571 1276 puero,
595 1187 767 1274 castigator
788 1205 971 1274 censorque
992 1185 1162 1252 minorum.

411 1368 468 1417 ⁴72.
486 1368 592 1418 Delotor
606 1367 636 1416 B.
648 1393 676 1402 -
689 1365 785 1436 lonpre]
803 1366 883 1416 ocus
898 1362 1033 1415 Bentleius
1051 1364 1213 1414 coniecturd.
1226 1391 1253 1400 -
1267 1366 1396 1426 wlqurre

376 1441 480 1500 BbSTc‚
500 1441 584 1492 tetus
593 1455 598 1488 :
620 1441 776 1503 pavidusque
792 1439 925 1492 Bentleius
937 1439 1005 1489 coni.
1019 1437 1124 1488 firmate
1141 1437 1309 1502 aliquetenus
1325 1451 1395 1489 erese

378 1528 430 1564 uns
449 1514 535 1565 littera
552 1517 613 1564 unte
630 1527 657 1564 v.
670 1515 850 1576 omdoeqnctn
868 1515 933 1566 cod.
952 1517 1105 1580 Regiuensi.
1125 1518 1157 1568 M.
1180 1543 1204 1554 -
1227 1519 1289 1568 Post
1304 1531 1331 1568 v.
1344 1515 1393 1567 443.

376 1590 402 1639 in
417 1589 484 1639 Fece
496 1589 526 1639 V.
540 1591 568 1640 T.
582 1589 699 1640 insertus
717 1591 759 1639 est
778 1589 834 1638 hic:
853 1591 953 1639 Laodol
965 1591 1129 1652 praeteritos,
1144 1596 1289 1652 praesentes
1300 1589 1395 1652 despicit

344 1745 503 1811 plerumque
519 1747 617 1798 frustra
635 1748 773 1797 conetur.»
791 1747 830 1798 Cl.
843 1762 870 1799 v.
910 1748 936 1798 44
949 1763 954 1796 :
968 1748 999 1797 οἱ
1009 1743 1200 1818 πρεσβύτεροι
1210 1744 1374 1808 δυσέλπιδες
1383 1740 1421 1794 διὰ

345 1820 402 1870 494.
419 1820 476 1871 loo.
498 1822 565 1885 Epp.
585 1823 613 1884 4,
633 1821 662 1879 3,
680 1823 706 1872 2.
735 1819 871 1872 Nonnullis
909 1817 962 1887 sels
978 1821 1137 1894 ἐμπειρίαν.
1156 1824 1183 1873 et
1200 1823 1254 1874 Cic.
1268 1821 1304 1871 ed
1320 1823 1387 1872 Fem.
1401 1819 1421 1877 4,

343 1893 444 1959 placuit
456 1895 656 1958 Regelsbergeri
673 1894 752 1946 lectio
762 1895 870 1956 meeire,
910 1895 951 1957 46,
964 1897 993 1948 6:
1009 1891 1134 1948 licoordcr
1145 1891 1329 1959 &peritiores
1338 1907 1421 1952 eom,

344 1967 444 2030 idest,
471 1971 501 2018 ut
523 1967 627 2030 volunt,
656 1969 821 2019 adelendere
845 1971 872 2018 et
909 1971 953 2030 pei
969 1985 1037 2022 senes
1053 1977 1126 2022 ment
1143 1972 1296 2022 cdekscerue
1317 1983 1368 2030 me;
1391 1981 1423 2018 eos

345 2041 542 2101 confirmarem
563 2057 614 2094 nec
632 2046 722 2094 tumen
739 2043 804 2094 setis
821 2045 872 2093 Lo·
909 2057 954 2108 epo
969 2046 1074 2109 formes
1090 2059 1158 2096 nunc
1174 2045 1300 2096 eniteret
1315 2051 1371 2095 taor
1386 2055 1422 2092 ee·

344 2115 399 2166 tine
417 2118 468 2167 dici
485 2117 591 2168 videtur
601 2120 702 2168 munire
711 2119 819 2181 cupam,
833 2132 873 2168 er·
908 2121 968 2169 tetis
982 2121 1052 2170 odic.
1080 2121 1157 2170 Hunc
1174 2120 1262 2184 ipsum
1273 2123 1362 2170 eutem
1373 2131 1423 2170 sen-

343 2205 438 2242 roren.
469 2193 566 2255 (Lectio
581 2199 730 2256 permutare
752 2195 808 2242 orte
830 2194 873 2242 vi·
909 2207 969 2245 sum
992 2195 1105 2259 praebet
1126 2193 1225 2244 inutilis
1241 2193 1351 2245 Bentleii
1368 2205 1423 2243 con-

346 2267 427 2317 detur
454 2279 485 2316 ex
512 2265 594 2317 sltem
616 2273 673 2330 post
698 2271 798 2317 mutare
822 2281 873 2332 per
909 2271 1010 2320 iectura
1027 2270 1168 2333 spelentcs.
1193 2271 1217 2333 2)
1232 2269 1424 2333 «senexspent

347 2342 536 2406 compendium
546 2346 653 2407 scriptu.
663 2343 815 2394 Videndum
826 2344 872 2393 eti·
909 2355 938 2394 se
950 2342 992 2394 vel
1009 2346 1071 2408 post
1081 2343 1243 2394 decennium
1255 2343 1308 2394 hoc
1318 2343 1359 2394 vel
1371 2339 1424 2392 illud

349 2429 408 2476 em,
428 2429 461 2466 ne
477 2429 540 2466 mcc
554 2414 686 2480 glossema
703 2419 737 2467 sit
752 2417 871 2468 adverbii
909 2418 1091 2482 perlectumm
1107 2417 1149 2468 vel
1167 2417 1343 2482 adepturum,
1357 2415 1422 2467 uude

344 2489 422 2553 pest.)
909 2493 936 2543 in
963 2492 1116 2557 proesentis
1141 2492 1214 2543 iners
1239 2495 1346 2554 munet,
1371 2489 1424 2541 nihil

909 2569 1018 2618 strenue
1030 2567 1215 2630 exsequitur‚»
1230 2568 1335 2628 cetere,
1353 2569 1424 2616 utsu-

380 2637 509 2690 469-474.
537 2639 654 2703 Quaerit]
679 2639 816 2702 obsolute,
843 2644 873 2691 ut
910 2654 967 2706 pra.
994 2642 1113 2691 Priorem
1130 2641 1261 2691 rationem
1273 2643 1424 2692 cumGono-

346 2713 413 2777 Epp.
431 2714 461 2774 4,
483 2714 511 2774 7,
528 2715 575 2763 57:
601 2720 626 2765 et
647 2729 769 2777 poserem
785 2721 808 2765 et
823 2717 870 2766 oti.
910 2716 954 2767 dio
972 2728 1043 2766 nunc
1059 2715 1191 2779 praeiere.
1208 2743 1235 2752 -
1249 2717 1383 2778 credeque
1392 2715 1425 2776 {u

346 2789 453 2838 Aristot.
471 2788 546 2838 Rhet.
560 2789 589 2850 2,
612 2788 656 2851 43,
678 2791 708 2840 9:
737 2785 817 2860 Πρὸς
837 2785 872 2840 τὸ
909 2789 973 2854 teri]
997 2791 1106 2841 Aristot.
1123 2788 1140 2841 l.
1153 2789 1171 2840 l.
1192 2789 1217 2854 ὅ.
1230 2791 1255 2841 8.
1273 2785 1425 2854 epiogdous

346 2863 499 2932 συμφέρον
515 2859 601 2927 ζῶσιν
618 2863 660 2927 (οἱ
672 2861 872 2936 πρεσβύτεροι)
908 2867 996 2916 vocet.
1015 2862 1137 2930 Sophocl.
1151 2867 1192 2915 Fr.
1207 2864 1247 2916 64.
1263 2864 1357 2915 Dind:
1376 2855 1424 2914 Τοῦ

346 2929 407 2985 ἀλλ’
423 2935 458 2986 οὗ
477 2949 498 2985 π
516 2933 710 3000 desciscitis,
728 2933 873 3006 μᾶλλονῆ
910 2937 961 3006 ζῆν
984 2935 1039 3010 γὰρ
1063 2933 1158 3001 οὐδεὶς
1183 2933 1224 3001 ὥς
1247 2933 1425 3010 ‹iyqpa'cwr

347 3008 403 3071 det,
416 3005 463 3060 διὰ
475 2952 515 3061 ri
520 3010 657 3072 φίλαυτοι
669 3009 754 3064 sirac·
764 3008 872 3066 --oiir’
910 3011 970 3085 ἐρᾷ.
999 3014 1138 3078 «cupidus
1160 3013 1256 3074 futuri,
1282 3017 1313 3064 ut
1329 3012 1423 3067 messis.

347 3083 549 3150 ἐπιθυμητικοὶ
560 3081 628 3137 οὔτε
636 3089 787 3176 πρακτικοὶ
798 3083 874 3138 κατὰ
910 3087 1088 3138 vindemiae.»
1100 3087 1185 3138 Coun.
1199 3088 1278 3145 cruc.
1293 3089 1343 3136 Pro
1354 3086 1424 3135 Bent-

346 3155 400 3224 τὰς
410 3159 578 3226 ἐπιθυμίας,
597 3155 671 3211 ἄλλα
681 3159 756 3212 κατὰ
767 3159 802 3213 τὸ
812 3165 874 3234 κέρ-
911 3163 954 3214 leil
971 3164 1123 3214 coniectura
1137 3163 1294 3224 pavidosque
1304 3161 1364 3212 lucit
1374 3159 1425 3223 qui-

348 3233 407 3297 δος.
422 3261 444 3273 -
458 3235 544 3300 pelide]
558 3237 664 3287 Aristot.
677 3235 694 3288 l.
709 3237 725 3287 4.
739 3237 764 3301 5.
776 3239 805 3288 7:
819 3254 873 3288 xcr-
911 3237 974 3286 dem
991 3235 1139 3286 Aristotelis
1155 3234 1173 3285 l.
1187 3234 1204 3284 4.
1224 3233 1248 3298 g.
1261 3235 1292 3285 7:
1312 3235 1360 3285 nal
1376 3229 1425 3282 δει-

348 3305 690 3381 τεψυγμένοιγάρείσιν,
709 3310 780 3363 otti
791 3311 873 3378 (νέοι)
910 3310 956 3361 lot
973 3311 1021 3360 xci
1039 3307 1133 3360 πάντα
1149 3306 1373 3380 προφοβητικα,
1388 3319 1426 3356 ve·

348 3383 470 3454 θερμοί·
498 3377 573 3434 ὥστε
599 3384 818 3456 προωδοποίηκε
839 3383 873 3438 τὸ
910 3400 970 3436 rum
987 3399 1082 3450 porum
1100 3383 1228 3435 credibile
1251 3387 1293 3434 est
1309 3385 1335 3435 lu
1352 3381 1425 3434 libris

349 3459 441 3528 γῆρας
456 3453 492 3528 τῇ
510 3456 617 3526 δειλίᾳ·
643 3463 692 3510 καὶ
709 3457 765 3532 γὰρ
782 3457 799 3512 ὁ
816 3459 874 3524 φό-
910 3463 980 3512 notis
997 3459 1123 3512 omnibus
1140 3457 1175 3509 illl
1192 3459 1324 3510 udiectiro
1336 3455 1426 3508 substi-

348 3529 404 3595 βος
424 3529 590 3596 mederet<
611 3549 652 3598 τις
670 3535 757 3588 ἐστιν.
780 3563 809 3574 -
831 3552 875 3600 spe
912 3539 996 3587 tutum
1015 3548 1075 3586 esse
1091 3536 1188 3584 acidos.
1204 3561 1231 3569 -
1244 3531 1423 3596 DtmetuJSut

348 3606 443 3671 mnpts]
462 3608 535 3658 Dune
554 3611 659 3660 exstent
674 3611 701 3660 h.
715 3610 731 3661 l.
745 3613 875 3676 interpre·
911 3612 936 3672 2,
949 3613 974 3672 5,
985 3611 1016 3660 90
1025 3624 1040 3658 :·
1049 3609 1183 3672 Difficilem
1194 3613 1217 3658 et
1226 3619 1361 3658 morem
1377 3605 1423 3654 Cic.

348 3683 475 3732 tationes:
498 3683 521 3744 4)
540 3684 648 3736 utendus
666 3689 694 3736 et
710 3685 822 3736 difficilis
839 3685 874 3735 sd
912 3687 968 3736 Cot.
983 3685 1044 3733 mei.
1058 3683 1105 3744 48,
1117 3683 1164 3732 644ε
1183 3682 1216 3732 At
1231 3687 1288 3732 serit
1303 3680 1393 3731 morosi
1407 3681 1425 3726 d

349 3757 528 3822 sperandum»
547 3758 685 3822 (fornell),
706 3761 755 3810 «ed
770 3761 875 3810 hocin·
911 3759 986 3810 anmi
997 3757 1176 3807 etirocondiet
1188 3757 1347 3821 difficiles
1357 3763 1424 3807 semi

350 3843 409 3891 ers,
435 3830 507 3881 unde
525 3832 582 3896 ipse
600 3832 662 3884 nihil
680 3835 799 3884 studiose
816 3833 874 3884 elu—
911 3833 1110 3896 sqceeimrc,
1128 3831 1207 3882 mom
1222 3831 1306 3881 wari.
1326 3859 1353 3867 -
1372 3839 1425 3889 que-

350 3906 483 3970 criterque
507 3907 610 3970 peregit
639 3908 678 3970 (id
704 3908 776 3972 quod
803 3909 875 3959 houd
911 3909 990 3972 maes]
1009 3909 1037 3957 et
1052 3907 1086 3958 de
1104 3905 1226 3970 singulis,
1254 3919 1323 3971 quoe
1340 3903 1423 3959 sentit.

349 3981 482 4030 immerito
507 3982 577 4031 inter
600 3984 745 4032 senectutis
772 3983 875 4033 incom-
912 3981 1103 4034 incommodis.
1122 3984 1150 4031 et
1166 3981 1200 4032 de
1218 3982 1272 4031 toto
1284 3984 1425 4044 temporum

349 4053 429 4104 mode
450 4057 657 4119 numeraveris).
685 4057 762 4108 eride
784 4061 874 4110 temen
912 4057 1081 4116 condicione,
1100 4057 1142 4105 cui
1160 4057 1248 4106 minus
1266 4049 1425 4106 temsesde-

350 4140 459 4192 semper
484 4132 634 4194 exspectnt,
667 4132 730 4201 quid
756 4132 875 4184 loturum
912 4135 986 4196 ptere
1012 4133 1108 4195 potest.
1144 4131 1249 4180 Aristm.
1271 4128 1288 4179 l.
1308 4127 1325 4179 4.
1345 4127 1369 4191 5.
1386 4125 1423 4174 it:

350 4203 457 4267 tempus
474 4205 535 4254 novi
551 4206 672 4270 gratique
690 4209 714 4258 ei
731 4221 796 4258 cesu
809 4207 875 4259 aue·
913 4201 1059 4277 ddoprcxoi
1075 4206 1145 4266 eice,
1162 4205 1212 4256 sect
1229 4197 1283 4256 οὔκ
1299 4195 1425 4273 strpere·

350 4277 417 4326 ret.»
444 4279 592 4332 Provocnnt
608 4281 643 4331 ed
658 4284 764 4334 Aristot.
779 4282 796 4333 1.
809 4281 826 4333 4,
849 4279 874 4344 S.
912 4279 958 4332 λοι
976 4275 1043 4332 οὐδὲ
1059 4277 1245 4346 φιλογέλοιοι.
