3090 4974
631 463 691 513 sas
711 461 857 513 rosum.
1233 455 1289 521 iot

236 619 414 706 'Signatum
437 629 608 707 praesente
631 628 705 685 nota
728 617 910 705 producere
933 636 1059 683 nomen.

247 741 286 807 Ut
307 740 407 806 silvae
430 740 512 806 loliis
536 761 655 827 pronos
678 747 839 804 mutantur
862 739 894 803 in
920 758 1035 816 annua,
1252 739 1293 804 60

246 861 353 928 Prima
375 861 510 928 cadunt:
534 862 576 927 ita
600 859 774 927 verborum
795 871 889 926 vetus
911 859 1018 926 interit
1038 869 1142 938 aetas,

234 1091 364 1128 nummram
380 1079 422 1128 Fr.
441 1081 547 1129 Lulsino
564 1081 673 1128 auctore
690 1076 833 1128 Bentleiua.
850 1105 877 1114 -
890 1077 929 1127 60.
952 1078 981 1126 m
996 1077 1058 1141 [otiu
1074 1078 1101 1126 tn
1117 1077 1185 1127 uluis
1197 1078 1259 1128 Dio-

236 1152 331 1202 medes
348 1166 375 1216 p.
394 1152 451 1204 39l.
470 1154 514 1214 P.‚
543 1153 572 1202 m
591 1153 659 1201 alvis
674 1152 737 1214 solia
752 1153 840 1215 priuos
856 1149 939 1202 Beutl.
958 1154 1026 1202 coni.
1046 1153 1187 1202 Praeterea
1204 1167 1260 1202 rna-

236 1225 308 1276 lebat
323 1228 464 1288 naamam,
484 1230 512 1278 ut
523 1225 668 1277 exhibebat
684 1241 753 1279 unus
769 1229 815 1276 Ge.
836 1226 961 1290 Fabricii,
981 1225 1022 1277 vel
1039 1228 1185 1277 viduantur.
1204 1227 1257 1278 Cir.

238 1299 372 1351 Markland
390 1300 423 1350 ad
441 1302 504 1350 Stat.
519 1301 543 1362 l,
557 1301 581 1362 8,
594 1301 634 1352 tl.
657 1329 684 1337 -
704 1301 744 1350 et.
762 1303 838 1351 Priua
854 1302 977 1352 Bouhier.

203 1497 309 1558 nomm.)
335 1497 461 1546 Ceterum
473 1495 599 1559 frequens
611 1498 653 1546 est
663 1496 731 1547 ima·
768 1491 788 1560 ἡ
799 1494 854 1560 μὲν
865 1495 996 1565 τελευτᾷ,
1009 1496 1093 1568 ἑτέρα
1105 1496 1137 1548 δὲ
1147 1497 1289 1565 γεννᾶται.

203 1585 245 1634 go.
265 1569 370 1630 Quintil.
385 1571 410 1631 l,
426 1571 450 1631 6,
465 1571 492 1620 3:
522 1570 731 1633 litmdumptuae
768 1571 845 1632 (Mire
866 1577 894 1621 ut
911 1573 1003 1623 Gouod
1027 1585 1089 1623 cum
1106 1573 1163 1624 aliis
1180 1573 1292 1637 quibus-

204 1657 316 1694 rermone
328 1650 357 1694 ut
368 1657 478 1706 νινσιοιο,
491 1645 731 1707 cuiprtblieofomro
767 1643 830 1695 dam
848 1645 1038 1711 interpretibus
1056 1646 1182 1711 explicat:
1203 1661 1289 1709 «cum,

202 1718 449 1783 eat.Apul.Apolog.
461 1719 637 1782 c.38.p.t8l.
650 1719 728 1769 oud:
767 1719 910 1782 quaudo»)
931 1748 957 1756 -
973 1721 1077 1784 pronos]
1101 1735 1153 1772 ηοη
1172 1725 1237 1784 tem,
1262 1727 1291 1773 ut

204 1794 233 1843 ln
251 1793 339 1854 quitata
356 1793 465 1856 (scriptia
480 1794 550 1856 meu}
570 1795 730 1844 animaduer-
766 1791 820 1842 volt
836 1799 917 1856 Acro,
938 1795 1083 1848 «volubiles
1095 1799 1122 1846 et
1134 1797 1186 1847 cito
1200 1795 1291 1848 laben-

203 1869 401 1918 tas'-·nontinu
422 1869 497 1918 aliam
515 1869 633 1918 ltmnunis
648 1869 729 1918 iuuat
766 1869 806 1918 tes
832 1873 912 1932 atque
936 1869 1104 1930 instabilem»
1130 1885 1211 1935 quam
1238 1871 1291 1924 «ad

202 1947 257 1992 toto
281 1947 306 1992 at
327 1943 354 1991 in
370 1943 531 2003 hodienum,
558 1944 624 2004 quod
640 1943 727 2004 αιόηι,
765 1941 847 1992 duem
865 1946 1033 2006 vergentes»
1051 1947 1080 1994 ut
1100 1959 1196 2007 pronus
1213 1948 1291 1997 Orion

201 2015 308 2079 intecta·
327 2021 453 2066 calomen
463 2016 728 2066 nmninataboramao
765 2015 812 2066 Od.
831 2017 859 2078 3,
879 2018 925 2076 27,
945 2018 998 2076 l8.;
1028 2032 1091 2081 uper
1116 2023 1291 2072 auctaannutio

203 2096 226 2139 at
242 2091 323 2140 studio
340 2092 378 2139 ltu
394 2089 728 2152 daGraeeisprooenlra,ut
764 2094 909 2152 ternpore.»
936 2091 1007 2141 itanu
1032 2093 1107 2143 Tura.
1127 2095 1169 2144 lil.
1191 2109 1216 2159 ρ.
1231 2095 1287 2146 335.

202 2169 285 2214 tamen
303 2165 393 2215 Latino
414 2170 515 2214 ananelo
532 2177 652 2226 σονσιιιια
668 2165 725 2213 sint.
764 2164 938 2216 Coniecturae
960 2167 1048 2228 priuos
1074 2169 1101 2216 et
1126 2180 1186 2218 mox
1212 2171 1289 2220 litua

202 2239 329 2288 Themist.
343 2239 436 2290 ortt.
450 2251 476 2302 p.
488 2238 545 2290 347.
557 2238 727 2289 Dindta'areo-
764 2237 805 2288 vel
831 2240 892 2289 ideo
923 2241 1082 2290 ralieiendae
1107 2245 1186 2303 suut,
1217 2243 1289 2308 quod

201 2309 237 2376 δὴ
256 2309 307 2363 νοῦ
326 2307 471 2378 ὀνόματος
488 2309 654 2376 (σοφιστοῦ)
671 2305 726 2374 δι’ς-
760 2315 837 2374 priua
855 2327 907 2364 non
925 2315 987 2366 suut
1003 2313 1158 2380 simpliciter
1176 2318 1287 2381 singula,

202 2401 254 2458 περ
275 2388 456 2452 νομίσματος
475 2389 630 2452 μετέπεσεν
646 2381 665 2452 ἡ
680 2383 727 2437 δύ·
763 2387 812 2438 sed
848 2401 918 2452 quae
953 2388 1117 2454 singulorum
1149 2392 1289 2444 hominnm

201 2477 287 2526 ναμις
301 2457 375 2512 κατὰ
388 2459 456 2525 τοὺς
469 2455 590 2533 ὕστερον
601 2459 726 2533 χρόνους
763 2467 825 2514 sunt
842 2464 938 2514 ceteris
951 2463 1075 2515 omnibus
1088 2467 1215 2530 exceptis.
1234 2469 1288 2518 Ne-

201 2534 263 2586 ιινλ.
764 2553 817 2603 que
834 2553 897 2590 vero
914 2541 1055 2603 quisquam
1071 2539 1196 2604 probabit
1211 2545 1290 2593 Prae·

233 2612 282 2660 vv.
296 2613 384 2662 ao-ra.
399 2625 430 2662 ax
443 2614 499 2676 ipsa
511 2613 581 2662 vitae
593 2611 726 2662 humanae
763 2615 859 2665 dicotii
876 2617 1076 2664 commentum:
1095 2615 1188 2664 Prisca
1208 2617 1289 2668 Baut-

203 2687 297 2736 natura
322 2687 393 2736 iluxa
419 2688 563 2738 etcaduca
581 2687 728 2738 necessita·
763 2688 806 2741 leii
823 2691 914 2738 autern
930 2689 1081 2752 suspicione
1093 2689 1232 2739 νιδααιιιιιν
1248 2704 1289 2740 re·

203 2763 258 2812 tem
276 2761 380 2825 linguae
398 2775 506 2826 semper
523 2761 676 2821 navandae,
698 2763 728 2810 ut
764 2764 887 2812 movetur
897 2762 1022 2826 primaria
1034 2765 1180 2825 perpetuae
1190 2765 1289 2814 immu-

202 2835 348 2886 efficaciam
365 2838 538 2900 vigoremque
551 2848 629 2886 suurn
645 2847 726 2898 σηεηι
765 2837 868 2886 tationis
887 2835 972 2894 notio,
991 2847 1060 2898 quae
1079 2836 1121 2884 trio
1135 2837 1286 2898 requiritur.

203 2907 350 2962 diutissime
370 2914 526 2970 conservet,
545 2921 641 2972 magna
665 2921 727 2958 curn
764 2909 930 2963 Manifestum
947 2921 1011 2959 saue
1030 2909 1161 2972 glossema
1180 2913 1221 2960 est
1239 2923 1289 2960 nu-
1337 2923 1340 2940 ¹

202 2987 259 3035 arte
276 2985 456 3046 demonstrat,
475 2986 581 3036 insertis
599 2983 726 3046 eleganti·
764 2986 857 3034 δοηιαν
874 2983 939 3034 Cod.
954 2985 1000 3033 Ge.
1015 2983 1134 3033 Fabricii.
1149 3009 1178 3020 ·-
1193 2985 1287 3050 Ρήιηα]

203 3057 255 3110 bus
273 3061 383 3123 Augusti
403 3058 534 3110 laudibus.
763 3058 885 3122 Plerique
897 3056 1040 3120 explicant:
1054 3071 1138 3121 aquae
1149 3060 1222 3122 prius
1231 3073 1289 3122 ger·

234 3134 331 3184 oo-aa.
354 3135 383 3183 tlt
393 3135 472 3184 ελλνσε
485 3134 551 3197 feliis
564 3133 626 3197 cet]
644 3129 724 3182 ablat.
764 3133 945 3192 minaverunt,
958 3133 1039 3182 etiarn
1051 3133 1125 3195 prius
1134 3132 1286 3192 decidunt»

203 3208 342 3267 instrum.;
362 3209 484 3274 proprie:
504 3206 600 3259 «silvae
609 3219 659 3270 per
667 3204 727 3255 tolia
764 3221 832 3272 quae
850 3205 990 3271 explicatio
1002 3219 1052 3256 neo
1064 3219 1112 3270 per
1122 3217 1152 3256 sa
1166 3205 1288 3258 loliorum

201 3283 343 3344 quotannis
364 3282 512 3332 decidentia
536 3280 602 3331 aliae
625 3281 725 3342 dunt„
764 3281 857 3332 natura
869 3282 966 3342 nititur,
978 3280 1110 3343 siquidem
1120 3291 1201 3344 saepe
1213 3281 1287 3344 prius

200 3357 345 3406 calculi.
363 3357 435 3419 virg.
450 3359 514 3406 Aen.
525 3357 549 3417 6,
563 3356 624 3406 309:
645 3357 727 3418 Quam
764 3355 891 3407 decidunt
911 3367 958 3413 aa.
986 3367 1055 3417 quae
1077 3355 1209 3418 posterius
1226 3357 1288 3406 nata

199 3429 280 3480 malta
296 3432 322 3480 tn
333 3431 401 3480 siluis
411 3433 526 3480 cremant
536 3431 632 3493 [ripere
643 3431 727 3492 priano
763 3434 840 3492 suut,
859 3441 947 3492 neque
965 3429 998 3478 ad
1013 3429 1144 3492 poeticam
1157 3430 1287 3481 rationem

200 3505 285 3568 Lapsa
295 3506 388 3555 οαδαιιι
398 3505 469 3569 [olm.
489 3504 595 3555 Fundus
605 3504 727 3568 traquen-
764 3505 910 3570 quidquam
922 3505 1045 3554 attineret
1056 3503 1123 3553 ordo
1135 3503 1285 3567 decidendi,

200 3581 234 3630 tis
256 3579 434 3631 similitudinis
460 3583 501 3632 est
522 3579 595 3630 Iliad.
616 3590 644 3644 ς,
664 3579 725 3630 tte:
764 3591 845 3644 quern
868 3579 967 3629 statuit.
999 3579 1102 3641 Optime
1128 3581 1220 3630 eoirtra
1246 3581 1288 3629 Fi·-

201 3652 254 3720 Ολη
267 3669 319 3725 περ
330 3653 448 3717 φύλλων
458 3651 555 3722 γενεή,
570 3652 667 3719 τοιήδε
676 3655 725 3704 καλ
763 3657 889 3706 scherus:
910 3652 1006 3713 «Folia,
1026 3666 1094 3716 quae
1108 3655 1133 3702 in
1145 3651 1286 3704 arboribus

200 3721 320 3800 ἀνδρῶν.
353 3731 527 3782 Mimnermus
554 3728 625 3792 Eleg.
647 3731 672 3780 t.
700 3731 726 3779 in
763 3733 826 3783 suut
842 3731 1040 3788 incantatore,
1059 3727 1286 3778 detluuntauctu-

200 3804 364 3855 Schneider.
385 3802 442 3854 Del.
464 3817 490 3867 p.
514 3803 559 3852 l3:
584 3797 682 3868 Ἡμεῖς
700 3801 724 3852 δ’
764 3817 826 3856 inno
844 3805 990 3853 extremo.»
1018 3803 1287 3866 tComparatioeuim

200 3872 250 3928 otri
276 3891 308 3928 aa
331 3875 429 3940 φύλλα
452 3874 521 3939 φύει
546 3875 725 3938 πολυανθέος
762 3881 801 3931 sic
812 3877 946 3943 procedit:
966 3877 998 3928 Ut
1008 3874 1081 3936 lolia,
1099 3877 1197 3937 primus
1207 3875 1287 3926 silva-

200 3947 261 4024 cipp
271 3947 378 4025 Ἕαρος
389 3979 403 3990 -
412 3981 427 3992 -
439 3953 507 4014 Τοῖς
518 3948 608 4001 ἴκελοι
619 3947 725 4014 αήχοι-
763 3967 823 4004 rum
834 3956 923 4011 tonos,
939 3965 1008 4001 anuo
1020 3951 1052 4000 ad
1066 3951 1146 4000 iluem
1160 3953 1286 4014 vergente

200 4043 235 4077 ον
250 4027 298 4078 ἐπὶ
314 4025 422 4100 χρόνον
438 4019 559 4077 ἄνθεσιν
573 4019 649 4090 ἥβης
661 4027 726 4096 Tap-
763 4028 899 4088 decidunt,
914 4027 948 4077 ita
960 4025 1089 4089 temporis
1097 4022 1285 4089 longinquitate

200 4101 325 4167 αόμεδα.
345 4101 478 4163 Siraclt,
493 4101 536 4152 ⁴8:
551 4095 725 4162 ‘signaliter
761 4105 846 4166 prima
862 4100 1007 4151 verborum
1030 4105 1100 4150 oetas
1121 4100 1216 4160 interit,
1236 4099 1285 4150 alia

201 4175 309 4228 δᾶλλον
333 4177 381 4229 ἐπὶ
403 4174 520 4247 δένδρου
543 4172 663 4238 δασέος,
689 4171 725 4224 τὰ
763 4177 908 4226 nascuntur
931 4173 1028 4232 verba.
1055 4186 1136 4232 nova.
1164 4186 1233 4237 quae
1259 4176 1287 4225 et

200 4253 255 4316 μὲν
279 4249 466 4313 καταβάλλει,
493 4243 566 4301 ἄλλα
590 4247 622 4300 dt
645 4246 723 4312 φύει,
761 4247 1284 4315 ipsaiuvautaeritutloreutaevigaut.·

200 4320 294 4392 οὕτως
309 4322 393 4395 γενεὰ
409 4321 519 4398 σαρκὸς
530 4326 579 4376 καὶ
592 4323 723 4391 αἵματος,
763 4325 853 4374 Oasin.
870 4349 896 4358 -
914 4319 1076 4386 uetus-uatus]
1095 4320 1192 4372 «verba
1211 4323 1286 4372 inva-
