3178 4972
595 463 655 514 LlB.
675 465 693 513 1.
728 460 827 514 arisi.
845 463 909 515 xvi.

254 617 320 681 Nec
342 615 458 682 lurtum
481 618 539 684 1444
564 639 624 684 nec
647 619 726 706 iugi,
751 621 777 684 si
801 618 876 685 mihi
898 619 985 685 dicat

254 737 389 812 844444,
414 719 522 804 Habes
545 739 698 825 pretium,
723 739 800 806 14414
822 761 885 804 444
909 741 1029 816 ureris,
1054 743 1115 806 ain.

253 859 322 923 Non
345 857 506 924 hominem
528 859 641 925 occidi.
686 862 754 925 Non
779 879 894 946 pasces
917 861 948 924 in
971 879 1068 926 44444
1090 881 1215 929 corvos.

255 979 334 1044 Sum
355 951 515 1044 bonus'et
538 979 628 1065 frugi.
673 981 788 1046 Renuit
810 981 995 1067 negitatque
1017 981 1181 1048 Sabellus:

244 1138 277 1188 11.
289 1136 363 1188 Coul.
373 1139 426 1187 844.
437 1139 461 1198 i,
475 1139 499 1198 4,
513 1139 553 1188 65.
569 1166 596 1175 -
610 1138 650 1189 46.
664 1141 731 1190 dicut
743 1140 844 1204 bScEp,
858 1141 976 1191 LCtFOs:
991 1142 1050 1191 dicit
1061 1144 1092 1204 ζκ
1108 1153 1185 1192 «cum
1198 1141 1263 1192 duo·

244 1211 295 1262 bus
306 1211 525 1270 recentioribus.»
537 1211 755 1274 8444144444414,
775 1215 838 1265 dicat
849 1213 873 1264 i.
889 1243 917 1254 -
931 1215 972 1266 49.
986 1221 1061 1280 noant
1073 1221 1148 1278 atquo
1165 1215 1266 1282 bSEcp‚

244 1287 287 1343 Lt,
305 1287 435 1348 4444444444
446 1291 570 1349 nandique
583 1288 647 1336 cod.
661 1290 826 1342 Bersmanni.
848 1292 959 1354 (diuos,
978 1304 1019 1355 pr.
1032 1308 1066 1353 κ,
1084 1291 1204 1343 Blandin.
1218 1305 1268 1344 au·

245 1361 422 1424 dimissimus,
443 1361 558 1412 Pottierii
576 1363 587 1410 4
608 1363 636 1411 ei
653 1363 687 1424 7.)

213 1491 239 1540 1..
254 1491 278 1551 6,
291 1491 336 1540 69:
354 1491 463 1553 84444444
474 1493 551 1542 otiam
561 1506 674 1554 44444444,
695 1495 739 1554 qui
774 1509 893 1558 prorsam
910 1494 1232 1560 summasunmna.
1253 1495 1302 1546 Ce-

211 1565 275 1614 idam
288 1566 367 1627 saciat
376 1565 517 1630 4444444444,Ι
531 1568 558 1617 44
567 1568 631 1617 Gaio
643 1567 667 1628 3,
678 1569 737 1618 tit:
777 1569 907 1620 4444444414
917 1585 940 1620 v.
953 1571 1091 1621 introrsum
1101 1571 1236 1622 interdum
1245 1570 1301 1620 4444

210 1641 258 1688 lin
275 1653 303 1689 44
318 1652 430 1702 quoque,
450 1641 644 1704 animantiam,
662 1642 739 1692 441444
776 1645 942 1707 homonymo
960 1659 1021 1696 cum
1034 1659 1058 1696 v.
1072 1647 1140 1696 444444
1150 1645 1185 1696 cl.
1200 1642 1304 1696 Porcel-

211 1715 256 1764 aiii
267 1714 391 1778 44444444,
408 1729 515 1777 quim
526 1716 590 1768 44444
599 1731 736 1780 4444444444,
776 1717 867 1768 linum.
881 1745 908 1754 -
921 1720 1027 1784 tiu-pan]
1038 1723 1153 1772 maxima
1166 1717 1201 1770 ob
1213 1719 1302 1782 gulam

210 1789 274 1839 44144
295 1790 519 1852 ttdeprmnisaoras,
549 1791 613 1841 44444
636 1793 738 1855 444444444-
776 1805 808 1843 ac
830 1792 954 1845 libidines
971 1808 1092 1846 44444444.
1114 1821 1142 1832 -
1166 1795 1303 1857 mactum

210 1863 453 1925 manuatim.
468 1864 608 1915 ibiditti:
628 1867 739 1928 Sponanr
772 1867 836 1929 44414
862 1869 969 1932 maora]
998 1869 1072 1919 Coui.
1098 1871 1171 1919 Pers.
1192 1866 1226 1928 4,
1252 1866 1299 1918 444

211 1939 248 1988 ita
258 1938 445 2002 interronatar:
462 1951 595 1990 4444444444
605 1940 739 1992 suornm?
775 1955 873 1992 4444444
889 1943 1043 2004 4444444444
1055 1943 1120 2005 palia
1137 1944 1249 1992 4444444.
1270 1969 1298 1978 -

174 2060 177 2072 ,
212 2010 612 2078 11444441444444444444444444,
629 2013 739 2064 4441444-
774 2017 826 2065 Noc
841 2016 938 2078 [4444444
955 2016 1016 2079 cet]
1036 2018 1143 2080 «Neque
1161 2015 1304 2078 414441444-

211 2086 252 2136 ius
270 2085 334 2136 ibid.
354 2088 415 2138 il8:
441 2089 574 2150 sponsoris
590 2093 613 2138 44
627 2089 738 2152 44414444-
775 2092 846 2141 44444
864 2094 916 2150 444,
940 2092 963 2142 44
980 2090 1014 2141 ad
1031 2091 1088 2140 veri
1105 2092 1232 2141 trutinam
1249 2089 1303 2139 axi-

210 2161 322 2209 miasnvis
337 2161 424 2210 similis
440 2163 566 2222 condicio,
586 2163 739 2226 4444444444
775 2167 853 2227 gatur
877 2163 963 2229 plebis
985 2164 1019 2215 da
1037 2165 1093 2214 4444
1112 2163 1154 2214 4114
1171 2164 1243 2214 bono
1261 2165 1303 2212 iu-

210 2235 283 2285 444444
294 2235 438 2299 dissimilis.)
457 2237 532 2296 Quod
546 2237 663 2287 Diintzer
675 2239 738 2289 dicit
775 2239 890 2299 dicium,
909 2240 1020 2302 quamsi
1031 2236 1230 2300 servusaliquis
1240 2237 1302 2287 ideo

211 2321 277 2360 «ma
294 2324 319 2360 v.
333 2315 391 2360 44444
408 2309 478 2362 male
496 2311 529 2361 414
548 2312 698 2363 testimonio
711 2314 737 2365 in
775 2313 862 2363 bonus
879 2315 906 2363 at
924 2313 990 2377 lrugi
1013 2311 1108 2363 haberi
1124 2310 1201 2372 velit,
1228 2310 1302 2374 quod

210 2382 306 2432 indicio
325 2382 397 2434 dicto
415 2383 576 2448 explicasse;
599 2387 681 2436 immo
697 2384 737 2437 lo-
775 2388 901 2438 immunis
927 2389 961 2438 sit
982 2400 997 2436 a
1019 2387 1089 2438 vitiis
1110 2399 1206 2436 savera
1223 2385 1302 2448 puni·

211 2457 256 2520 qui
274 2457 411 2508 Horatium
429 2459 462 2508 de
478 2460 545 2511 actis
556 2473 578 2511 s.
592 2459 738 2512 documen·
775 2461 846 2512 444444
859 2461 1009 2524 41434444-
1021 2459 1102 2510 144444
1108 2459 1227 2522 pralium]
1242 2459 1302 2507 484-

209 2531 255 2592 414,
282 2533 312 2582 ul
333 2546 408 2590 ,nunc
433 2533 561 2596 dicimus,
589 2536 615 2586 iu
639 2536 735 2586 iudicio
774 2535 807 2586 tis
824 2538 850 2584 ta
868 2548 917 2599 pro
935 2538 989 2584 tarn
1006 2532 1149 2598 praeclaris
1161 2529 1302 2581 virtutibus

210 2604 333 2670 prolatis,
350 2606 430 2670 idque
440 2607 548 2671 probari
560 2611 643 2660 Persii
655 2611 679 2670 5,
693 2611 733 2659 84.
774 2611 940 2660 remunerari
958 2609 1022 2658 mihi
1034 2607 1152 2657 videor.»
1165 2631 1192 2640 κ
1210 2602 1301 2666 uraris]

209 2681 367 2731 imitatione:
391 2681 508 2746 44444444,
534 2684 635 2744 Marna,
657 2683 737 2732 44441-
775 2683 858 2747 Epnd.
872 2681 900 2742 4,
920 2681 948 2730 3:
967 2681 1067 2730 14444444
1085 2677 1303 2740 1444444444υηί44

209 2754 281 2804 lars»
295 2754 465 2806 falsissimum
478 2758 532 2816 est;
546 2758 652 2806 Persius
664 2757 736 2805 enim
774 2757 848 2803 44444.
868 2779 895 2790 -
920 2755 947 2802 in
964 2753 1045 2816 444444]
1068 2752 1152 2802 4444444
1170 2751 1300 2812 supplicio,

209 2829 262 2892 agit
288 2827 322 2878 da
345 2829 505 2878 testamento
528 2843 544 2876 a
561 2829 650 2879 Maron
668 2841 735 2878 «una
774 2829 855 2878 Tacit.
869 2827 935 2876 ilist.
949 2825 978 2888 4,
993 2828 1033 2876 44.
1053 2824 1092 2875 ci.
1106 2826 1159 2873 Sat.
1174 2824 1202 2884 4,
1216 2822 1244 2882 3,
1258 2823 1299 2872 88.

209 2914 271 2951 num
289 2901 522 2964 414444444444444.»
551 2903 616 2952 iiam
631 2903 737 2953 1444444
774 2903 799 2963 4,
813 2902 837 2960 7,
851 2899 892 2950 47.
907 2923 934 2936 -·
948 2900 1027 2964 [44494]
1040 2894 1200 2968 χρήσιμος,
1213 2895 1299 2957 bran,

209 2974 436 3039 4144444444.-
461 2976 583 3041 moritur]
610 2977 664 3026 Cic.
686 2989 736 3040 pro
775 2987 844 3038 quaa
861 2986 968 3024 summa
985 2976 1044 3023 4444
1059 2973 1129 3024 servi
1146 2969 1212 3021 laus.
1240 2969 1298 3020 vid.

210 3050 736 3112 41444.4.4,67;8444441444414444444444-
774 3050 809 3100 ad
826 3049 879 3098 Sat.
892 3049 921 3109 2,
940 3047 1008 3108 7,3.
1024 3073 1051 3084 -
1069 3046 1158 3096 limisit
1174 3058 1214 3109 pr.
1234 3046 1300 3095 nutu

208 3139 263 3176 44444
286 3127 356 3188 4444
372 3126 538 3176 autumnos
553 3139 603 3176 non
621 3127 733 3177 44444444.
774 3126 924 3185 recusante,
937 3119 1143 3187 myitutvarbis.
1163 3120 1300 3172 4444444444

209 3199 316 3250 sueton.
335 3199 431 3250 Domit.
450 3199 478 3248 9:
499 3213 545 3250 4444
560 3201 640 3262 renati
657 3201 735 3264 (reos)
774 3201 865 3249 autam
884 3209 980 3248 verum
1002 3198 1043 3246 444
1064 3195 1218 3258 unanimique,
1246 3205 1300 3256 qun

208 3275 256 3322 niti
280 3275 350 3324 444444
375 3287 471 3323 anniam
494 3288 572 3337 444444
593 3277 736 3326 condicimus
773 3271 858 3324 verbo
875 3273 916 3321 usi
933 3273 996 3320 suni
1012 3268 1132 3328 Plautus,
1150 3267 1298 3326 Lucretius,

206 3347 333 3410 permisit,
351 3353 379 3397 ut
396 3349 551 3410 mediatori,
571 3351 614 3412 qai
630 3363 736 3402 44444444
774 3345 910 3398 Salustius.
927 3371 954 3382 -
973 3343 1092 3406 84444144]
1115 3352 1162 3391 «ac
1179 3338 1221 3389 vel
1239 3353 1301 3404 pro-

207 3436 259 3472 44444
282 3425 389 3482 minat,
417 3423 534 3472 4444444444
555 3437 640 3484 poma
665 3429 733 3475 44444.
773 3423 867 3484 pterea
885 3421 966 3470 homo
983 3415 1096 3482 simplex
1114 3419 1141 3466 at
1156 3427 1250 3474 44444,
1270 3415 1299 3464 ut

208 3495 377 3546 Contrarium
395 3498 436 3545 ast
452 3509 532 3545 444444
548 3497 646 3547 cadero.
774 3507 824 3558 ego
850 3507 937 3546 sumn·
971 3494 1013 3543 844
1030 3495 1121 3542 autam
1138 3503 1167 3540 44
1185 3485 1301 3554 appellat

240 3566 325 3619 4449.
343 3568 446 3630 vicinia]
460 3568 517 3618 Vid.
530 3569 564 3618 ad
576 3570 642 3634 Epp.
655 3571 678 3630 4,
693 3571 733 3631 47,
773 3570 883 3634 propter
908 3567 1049 3632 praedium
1066 3565 1193 3616 sabinum
1209 3563 1298 3626 potius

209 3643 249 3692 62.
275 3669 301 3677 -
323 3643 463 3692 1444444444
489 3642 551 3706 444]
575 3645 628 3692 Sat.
650 3644 679 3704 4,
705 3645 733 3704 4,
773 3645 837 3707 puto
864 3654 945 3704 quarn
971 3640 1043 3704 quod
1073 3639 1157 3702 patria
1182 3635 1298 3686 Venusia

209 3714 256 3766 4444
272 3715 376 3777 podem,
393 3716 487 3766 nitidw
503 3730 555 3778 qua
571 3718 675 3780 44444444
688 3731 736 3780 par
773 3715 835 3766 414444
853 3729 868 3764 4
886 3713 997 3765 Sabellis
1014 3713 1131 3764 habitata
1149 3711 1215 3760 4444.
1244 3708 1296 3757 Cir.

209 3803 257 3838 444
274 3789 386 3851 Gadara,
402 3791 541 3840 intr-orsum
552 3792 641 3852 turpis.
670 3791 735 3841 lllra
773 3793 826 3839 Sat.
841 3792 870 3850 4,
889 3789 919 3849 9,
938 3789 980 3838 29.
998 3789 1025 3850 8,
1040 3789 1051 3837 4
1064 3824 1069 3846 ,
1082 3787 1123 3836 36.
1142 3779 1298 3846 (tEquldein

209 3861 250 3912 illa
277 3860 355 3912 144444
381 3864 451 3928 apud
478 3863 638 3914 Meinakium
664 3864 735 3912 414444
773 3861 906 3912 8414411444
932 3864 1012 3912 istum
1035 3860 1119 3922 magis
1135 3858 1170 3908 ad
1187 3855 1298 3905 84144444

206 3949 312 3998 4444444
324 3941 483 3999 tamennon
494 3935 735 3988 444444414444444144
773 3947 921 3998 eorumque
949 3947 1060 3997 agrum,
1093 3934 1119 3982 in
1148 3943 1202 3993 quo
1230 3929 1298 3978 14444

208 4011 360 4061 coniectura
370 4013 476 4076 reperta
488 4013 580 4076 postea
592 4009 625 4059 ah
639 4010 734 4060 444444
773 4009 861 4058 omnia
879 4011 938 4060 4444
960 4008 1108 4070 finguntur,
1134 4001 1296 4054 retulerim.-

208 4087 234 4134 in
251 4085 334 4134 Cndd.
353 4085 414 4149 aliq.
429 4088 456 4135 44
472 4099 488 4134 4
505 4099 549 4136 ma
570 4087 596 4135 iu
616 4083 735 4148 reliquiis
771 4083 873 4143 Osann.)
892 4081 985 4132 Strabo
998 4083 1023 4130 t.
1038 4081 1061 4143 S.
1077 4079 1116 4128 ⁴2.
1130 4090 1156 4142 p.
1169 4076 1227 4126 250.
1246 4075 1295 4124 Sa-

209 4155 275 4208 God.
285 4158 483 4219 Einsiadlansis‚
494 4159 542 4208 sed
553 4159 666 4208 44414444
676 4160 734 4207 orta
772 4156 869 4206 multas
887 4169 919 4204 ax
935 4167 999 4204 vere
1017 4165 1094 4203 44444
1107 4167 1121 4204 4
1135 4149 1297 4232 8414444444-

209 4243 242 4280 44
254 4243 329 4281 mern
341 4245 433 4282 errore
443 4231 557 4282 duorum
567 4231 651 4282 Cndd.
663 4230 734 4296 apud
772 4231 813 4279 444
831 4227 925 4278 tradit:
947 4222 1025 4287 εἰκὸς
1036 4221 1066 4276 δὲ
1083 4222 1131 4276 διὰ
1147 4237 1235 4275 rouro
1245 4221 1297 4272 καὶ

209 4304 326 4356 eundern
345 4305 387 4368 (ad
404 4305 486 4357 Persii
504 4305 556 4355 Sat.
571 4307 588 4355 i.
603 4319 628 4368 p.
641 4305 689 4366 8.),
707 4307 734 4354 in
771 4299 935 4364 Σαβέλλους
950 4294 1056 4363 αὐτοὺς
1068 4295 1296 4370 ὑποκοριστικως
