3174 4974
279 455 341 520 574
639 455 767 506 nostru
785 455 1004 508 errsromnuu

323 615 518 681 Virtutemne
541 622 762 699 repraesentet
786 631 961 696 moresque
986 610 1139 678 Catonis?

323 737 418 823 Rupit
440 733 588 801 Iarbitam
611 733 791 821 Timagenis
813 732 938 800 aemula
961 731 1083 820 lingua,
1330 735 1370 798 45

323 860 405 922 Dum
433 854 540 922 studet
560 855 704 922 urbanus
726 853 892 941 tenditque
918 853 1058 920 disertus
1082 852 1203 921 haberi.

348 1039 387 1086 444.
411 1035 562 1086 iarbitltrom
587 1035 620 1095 E,
646 1033 797 1096 Hparbitam
822 1033 872 1083 tc.
894 1060 922 1069 —
940 1032 1044 1098 lingue]
1069 991 1146 1083 coena
1171 1033 1255 1085 Codd.
1275 1033 1336 1098 aliq.

315 1109 423 1172 cruquii
441 1113 468 1158 et
483 1109 622 1181 Torrentll.
642 1135 667 1145 -
688 1109 728 1158 l'l.
748 1109 843 1172 quode]
862 1107 922 1170 quid
937 1109 959 1156 ei
975 1109 1005 1168 C,
1021 1121 1071 1169 pro
1087 1109 1109 1157 ei
1125 1111 1180 1159 tres
1197 1110 1336 1169 Torrentii,

283 1259 327 1308 tali
343 1262 446 1308 textore
463 1259 501 1307 uti
518 1256 636 1317 soleam»
656 1269 733 1306 «eum
748 1258 808 1306 tex·
844 1255 985 1319 banusque
995 1256 1098 1317 baberi,
1111 1257 1369 1320 atquerbetorillem

282 1335 369 1384 torem
390 1336 467 1383 tuum
489 1331 582 1382 iubeas
607 1332 716 1394 exiguas
733 1343 808 1381 sem·
848 1357 874 1366 -
895 1329 1043 1395 Timagenis]
1068 1331 1253 1394 «Timagenes,
1281 1333 1372 1382 rhetor

282 1421 331 1472 per
347 1407 396 1458 tibi
417 1411 492 1470 togas
510 1407 627 1456 texere.»
656 1407 806 1456 Diintzerus
844 1403 1371 1471 Alexandrinus,abn.Gabiniocaptivus

282 1483 365 1545 iungit
386 1495 448 1531 eum
470 1495 495 1530 v.
513 1481 582 1543 fenis
603 1481 683 1530 etiam
705 1494 731 1530 v.
750 1486 808 1530 tere-
844 1479 957 1528 nomam
974 1478 1112 1530 traductus
1130 1481 1158 1529 et
1174 1493 1188 1528 a
1207 1480 1303 1531 Fausto
1315 1477 1372 1529 Sul·

282 1563 343 1607 tore.
381 1555 432 1604 Sed
460 1554 551 1604 ovoltu
582 1557 656 1604 torvo
682 1557 710 1604 et
737 1555 807 1619 pede
844 1551 885 1602 lae
903 1552 955 1602 lilio
973 1552 1251 1617 redemptustandem
1268 1554 1372 1604 incae-

283 1630 355 1681 nudo
380 1629 471 1679 ierusn
495 1627 589 1692 aliquis
618 1641 678 1678 esse
704 1631 806 1692 potest,
845 1627 911 1678 saris
929 1629 1038 1689 Augusti
1056 1628 1251 1690 gratiamvenit
1267 1629 1370 1690 (Seneo.

282 1719 335 1755 non
354 1705 417 1754 item
433 1705 558 1766 «exiguae
576 1705 653 1766 togae
672 1705 805 1763 textore,»
846 1701 971 1751 controv.
985 1700 1049 1764 34.);
1069 1702 1117 1752 sed
1134 1704 1244 1766 propter
1254 1701 1372 1766 linguam

283 1793 336 1842 quo
354 1778 463 1828 demum
482 1789 604 1841 prorsus,
624 1779 654 1826 ut
670 1778 803 1841 opinatur,
846 1787 990 1839 procacem
1016 1779 1043 1825 et
1068 1777 1177 1827 nimiam
1199 1769 1371 1847 παῤῥησίαν,

283 1854 412 1903 (tatonem
437 1851 551 1901 simulat.
593 1852 687 1902 blureti
716 1853 806 1900 autem
847 1848 918 1899 unde
933 1851 1115 1900 Parrhesiastes
1132 1849 1219 1901 dictus
1236 1855 1279 1902 est
1296 1851 1370 1912 (Plut.

283 1923 546 1990 usptmreisqualorei
560 1927 681 1974 Latinum
694 1927 806 1976 nonest.
847 1924 880 1973 de
901 1923 978 1974 Adul.
1004 1928 1031 1974 et
1050 1927 1108 1974 Am.
1129 1926 1214 1976 Discr.
1234 1927 1264 1975 T.
1282 1927 1325 1976 Vl.
1345 1941 1370 1991 p.

284 2003 403 2065 (Propter
430 1999 551 2050 vocabuli
581 2005 678 2049 textore
706 2001 731 2050 in
759 2001 809 2049 hac
846 1999 904 2048 itt.
925 2000 953 2048 44.
973 1998 1066 2049 suidas
1084 2000 1111 2049 in
1127 2011 1153 2048 v.
1173 2000 1334 2066 Τιμαγένης
1347 2004 1374 2051 44

282 2077 405 2126 iunctura
422 2074 602 2134 insolentiam,
622 2087 675 2124 non
693 2074 765 2138 quod
783 2075 809 2123 iu
847 2071 1037 2136 σφηνωθεὶς),
1057 2085 1118 2122 mcx
1136 2075 1186 2137 ipsi
1201 2077 1310 2137 Augusti
1328 2075 1375 2125 do-

283 2144 433 2219 ἀρχετύπῳ
462 2147 549 2210 aliquo
583 2147 646 2197 olim
679 2149 810 2198 exstiterit
848 2159 893 2196 mo
911 2147 1081 2197 interdictum
1099 2149 1147 2197 est.
1183 2148 1248 2198 inde
1265 2152 1375 2214 propter

283 2237 347 2272 vera
362 2223 460 2272 Horatii
471 2223 601 2285 scriptura
613 2221 691 2284 longe
704 2221 810 2271 diversa
848 2220 956 2270 facetias
969 2222 1070 2282 (senec.
1082 2221 1163 2284 Epist.
1174 2223 1225 2285 94.)
1237 2223 1272 2273 ab
1282 2225 1372 2275 Asinio

284 2301 312 2346 et
323 2309 393 2346 nuuc
405 2297 431 2345 iu
443 2299 604 2358 perpetuum
617 2295 694 2344 nobis
707 2297 809 2359 erepta,
849 2293 965 2345 Pollione
984 2298 1112 2359 exceptus
1124 2299 1164 2348 est
1176 2299 1241 2347 etin
1253 2301 1375 2362 agroTo—

285 2373 384 2422 iactum
402 2372 466 2432 puto
483 2369 559 2428 illud,
581 2368 615 2418 de
633 2382 687 2432 quo
705 2373 811 2432 tragoe—
849 2368 958 2420 sculanc
977 2371 1001 2418 in
1015 2369 1136 2420 Pollionis
1149 2371 1207 2420 villa
1225 2371 1297 2422 obiit.
1325 2375 1374 2432 Qui

284 2445 343 2495 dias
361 2445 459 2493 excitat
476 2443 623 2505 Cruquius:
643 2445 743 2503 «Quam
756 2447 811 2492 stu·
849 2445 1007 2506 Timagenes
1022 2457 1084 2494 oum
1096 2443 1237 2508 aliquando
1249 2447 1275 2496 in
1286 2448 1375 2498 homi·

286 2519 367 2569 diesis
385 2521 412 2567 et
429 2516 514 2566 doctis
526 2516 650 2568 omnibus
663 2517 733 2568 mole
745 2530 811 2568 con·
849 2531 913 2568 num
939 2518 1082 2572 doctorum
1106 2521 1291 2572 conventiculo
1312 2535 1373 2572 cnm

285 2592 397 2644 soluerit
413 2589 510 2642 sciolus
527 2590 621 2654 aliquis
638 2593 664 2641 in
677 2593 810 2642 eradenda
850 2594 969 2642 omniurn
992 2592 1121 2656 applausu
1138 2593 1317 2646 declamasset
1332 2596 1375 2646 vel

286 2665 389 2730 syllaba
406 2667 491 2729 prima
508 2679 534 2714 v.
548 2671 645 2716 tantm
662 2667 688 2715 in
706 2679 758 2716 uno
778 2681 812 2716 ex
850 2669 979 2732 seriptum
992 2667 1127 2730 quoddam
1136 2668 1319 2733 praelegisset,
1332 2685 1376 2722 ao·

285 2741 360 2791 libris
386 2738 478 2790 Bland.
503 2752 588 2802 esque
614 2740 810 2802 substituenda,
850 2743 928 2802 cidit,
950 2744 979 2790 ut
996 2743 1072 2804 (testa
1090 2744 1272 2807 Porphyrione
1290 2747 1376 2796 044444-

287 2827 368 2880 quam
391 2827 461 2864 nuno
484 2813 629 2874 habemus,
657 2815 813 2866 mirabiliter
851 2831 902 2866 anu
920 2820 948 2866 et
963 2819 1069 2866 Auctar.
1093 2817 1197 2867 comm.
1217 2823 1270 2868 vet.
1291 2821 1373 2883 Cruq.

287 2893 328 2941 est
345 2888 554 2952 deplorandum
582 2889 679 2940 deinde
704 2891 813 2940 temeri-
850 2889 958 2956 pisi.)
985 2889 1080 2940 Gordos
1097 2890 1147 2952 (vel
1165 2891 1273 2954 0444444,
1291 2895 1377 2957 siqui-

286 2966 370 3014 tatem
396 2962 491 3013 stultos
518 2966 547 3012 ut
572 2967 688 3015 mutaret
710 2965 812 3015 inscitia
851 2965 913 3015 dem
931 2963 1002 3013 idem
1021 2968 1075 3026 est,
1094 2965 1128 3015 de
1147 2978 1200 3029 quo
1217 2967 1375 3030 Virgiliusin

288 3039 436 3098 deteriore,
464 3049 544 3100 supra
563 3039 669 3101 scripsit
684 3043 811 3099 testeque.
851 3039 954 3101 Eelogis
974 3043 1169 3090 commemorat
1189 3041 1217 3100 4,
1239 3043 1285 3092 id:
1310 3044 1376 3093 inui-

289 3115 379 3166 Codex
396 3112 440 3163 Sil.
460 3111 543 3162 babet
559 3119 669 3175 temore,
694 3114 813 3164 sednon
850 3113 895 3162 dic
907 3117 1061 3174 memoritur
1077 3118 1107 3162 ut
1121 3115 1168 3163 itin
1190 3116 1306 3180 Cedrei,
1330 3119 1377 3168 bo-

287 3190 345 3240 sine
358 3188 450 3237 lituris.
470 3187 588 3248 Quid,si
600 3187 733 3250 legamus:
752 3189 815 3238 Emi·
851 3199 896 3236 mo
921 3186 1030 3247 doetus,
1057 3188 1163 3238 natione
1181 3189 1303 3251 ltiauros,
1330 3191 1376 3254 (ec

287 3275 388 3326 meoque
409 3267 469 3326 tego
491 3262 588 3312 44444444
605 3267 721 3324 tectoque
738 3263 814 3312 Coto-
850 3264 993 3324 propterea
1012 3261 1047 3311 ab
1064 3261 1157 3324 larba,
1175 3263 1316 3328 virgiliano
1334 3267 1376 3318 illo

287 3337 394 3399 nemi»)
415 3365 442 3373 -
461 3337 636 3398 repraesentet]
655 3336 705 3385 «ad
722 3337 812 3386 vivum
851 3335 939 3398 rege,)
959 3334 1056 3385 loretto
1073 3339 1287 3401 cognominatus,
1308 3339 1377 3393 illius

289 3411 446 3474 exprimat.»
471 3413 667 3472 depromentem
684 3413 755 3461 enim
773 3414 815 3461 est
850 3411 976 3460 virtutem
1002 3423 1119 3473 aequare
1142 3413 1270 3464 niteretur
1292 3419 1321 3465 et
1336 3418 1378 3466 ni-

289 3497 364 3533 «rem
381 3496 450 3546 quae
469 3483 547 3534 abest
563 3488 733 3548 praesentem
752 3499 815 3535 con·
852 3486 905 3535 mio
924 3485 983 3534 nisu
1001 3487 1028 3534 et
1045 3486 1142 3548 ingenti
1157 3489 1231 3539 vocis
1253 3487 1378 3541 laterum·

289 3557 424 3608 stituerem
440 3583 467 3592 -
487 3559 566 3606 Poeta
585 3559 713 3622 significat
729 3559 814 3609 homi·
851 3572 903 3623 que
914 3559 1057 3608 intentione
1064 3560 1235 3625 diaphragma
1243 3563 1378 3629 dirumpe

289 3643 350 3694 nes,
375 3629 468 3694 quales
491 3630 555 3681 olim
577 3632 684 3682 luerunt
702 3634 814 3682 Laconi-
851 3634 893 3682 ret
905 3633 932 3682 et
943 3631 1029 3682 subita
1042 3636 1128 3684 morte
1143 3637 1269 3699 periret.»
1287 3639 1376 3689 linea

289 3708 347 3762 stne
373 3706 496 3766 Athenis,
526 3707 571 3769 qui
596 3704 812 3772 ἐλακωμάνουν,
851 3707 997 3757 Weicberti
1015 3709 1166 3759 comment.
1180 3709 1214 3759 de
1226 3710 1322 3761 larbite
1334 3714 1378 3763 Tl-

289 3778 423 3840 ἐπεινων,
445 3773 592 3849 egidiensi,
617 3777 812 3852 ἐσωκράτουν,
853 3782 972 3844 mageois
983 3781 1155 3834 aemulatore.
1173 3786 1264 3846 (Poett.
1283 3788 1335 3836 Lot.
1349 3799 1376 3852 p.

289 3852 418 3906 σκυτάλι’
444 3851 573 3924 ἐφόρουν
601 3855 741 3919 (inempti.
765 3857 813 3904 Ar.
853 3853 922 3919 39⁴.)
939 3855 979 3906 ci.
990 3857 1070 3906 etiam
1082 3859 1190 3909 Gestari
1202 3859 1312 3910 seaeab
1322 3862 1380 3912 Dis·

290 3931 350 3980 isat
366 3931 451 3993 sqql,
477 3928 669 3993 posterioribus
687 3932 816 3993 tempori·
853 3931 908 3994 put.
928 3930 962 3980 de
980 3932 1052 3981 bivio
1072 3935 1100 3981 et
1116 3933 1272 3997 Timagene,
1295 3936 1378 3986 bisto-

290 4003 342 4053 bus
359 4003 513 4066 Neoeynici.
853 4006 953 4055 riarum
960 4005 1272 4069 scriptoribus,aemults.
1283 4009 1376 4073 stuttg.

325 4079 364 4125 itt.
377 4078 417 4127 ts.
436 4075 581 4140 ltupitcet.]
593 4077 731 4127 construe:
743 4079 816 4128 ·tin-
854 4079 927 4128 4834,
941 4079 965 4128 4.
985 4081 1083 4129 Contra
1095 4082 1180 4144 Bergk
1197 4083 1223 4131 in
1236 4095 1285 4132 suo
1296 4084 1324 4132 44
1334 4085 1378 4132 lu-

291 4163 341 4213 gua
360 4150 472 4200 Iarbitas
490 4149 596 4202 aemula
608 4151 757 4215 Timagenis
774 4165 817 4202 ru-
854 4151 880 4201 lii
893 4153 1015 4204 Caesarie
1026 4154 1114 4204 Dianio
1127 4155 1198 4206 4343.
1215 4169 1240 4220 p.
1254 4155 1311 4207 304.
1325 4157 1379 4207 Co-

291 4226 330 4291 pit
347 4225 484 4286 larbitam,
503 4225 567 4276 dum
582 4225 677 4276 stolide
689 4225 778 4276 studet
789 4228 815 4275 in
854 4225 933 4276 dmm
955 4227 1099 4278 arbitratur
1118 4241 1179 4280 esse
1197 4231 1377 4294 Cornificium,

292 4296 461 4349 declamandi
477 4302 535 4350 arte
547 4311 633 4364 aeque
645 4301 762 4350 disertus
774 4313 818 4350 ur·
854 4301 952 4352 Horatii
969 4302 1094 4354 Iarbitam
1112 4303 1205 4354 iubam
1216 4307 1259 4366 ll.,
1277 4307 1380 4358 4444444-
