3082 4968
561 407 618 460 ran.
639 413 656 460 r.
692 409 759 461 sir.
778 409 820 460 vr.
1170 407 1231 473 443

190 571 293 650 Quem
314 565 434 634 rodunt
455 588 568 636 omnes
589 566 739 634 libertino
761 579 852 656 patre
875 576 997 642 natum,

189 691 291 768 Nunc,
317 690 394 778 quia
416 702 488 758 sum
510 689 582 768 tibi,
607 691 792 764 Maecenas,
817 688 998 768 convictor;
1021 689 1166 764 stelin,

189 813 284 894 Quod
306 811 383 878 milri
405 823 536 902 pareret
557 812 642 901 legio
665 814 808 880 Romana
829 811 967 891 tribuno.

189 933 353 1002 Dissimile
375 933 437 1002 hcc
460 933 503 1000 illi
525 944 589 1015 est;
612 934 689 1023 quia
710 953 775 1000 non
796 944 832 998 ut
854 931 945 999 lorsit
965 930 1121 998 honorem

186 1060 261 1123 lure
282 1055 362 1124 mihi
384 1055 526 1124 invideat
546 1055 669 1145 quivis,
693 1057 789 1123 itate
812 1076 945 1144 quoque
967 1055 1120 1133 amicum,
1165 1053 1172 1068 '
1194 1057 1235 1120 50

187 1179 384 1246 Praesertim
406 1187 536 1246 cautum
558 1178 673 1267 dignos
695 1197 880 1254 assumere,
905 1196 1005 1264 prava

187 1300 372 1368 Ambitione
394 1299 516 1388 procul.
562 1299 701 1368 Felicem
724 1299 835 1367 dicere
857 1320 921 1365 non
942 1299 1005 1367 hoc

210 1471 252 1523 to.
271 1484 366 1521 444444·
385 1469 498 1520 libertino
507 1475 583 1532 patre
593 1475 669 1520 44444
678 1471 751 1520 Nunc
763 1473 818 1522 tres
830 1471 972 1532 Torrentii,
992 1471 1050 1535 ipso
1062 1469 1201 1535 probante.

176 1573 207 1583 -
226 1546 268 1598 44.
286 1559 342 1596 nvn
358 1545 410 1606 bd,
429 1559 498 1596 unus
515 1545 631 1597 Potiieril
649 1545 688 1609 (rt.
703 1545 753 1608 ⁴6.)
772 1547 799 1596 et
815 1543 962 1596 Bentleius:
980 1546 1099 1609 senscp,
1119 1547 1201 1596 ceteri

174 1633 273 1672 omnes
289 1620 419 1680 Pottierii,
438 1620 559 1671 LCtFllJ.
582 1620 744 1682 praeterea:
763 1622 911 1683 4444444444,
929 1621 973 1672 tibi
983 1622 1030 1671 4444
1043 1623 1126 1685 p‚LCt
1143 1633 1205 1670 cum

175 1695 244 1747 Cod.
264 1693 351 1746 Berol.
370 1697 398 1746 44
414 1693 495 1756 Aldo,
523 1695 569 1760 qui
594 1696 632 1746 sic
654 1697 797 1758 gratiorem
814 1709 955 1748 caesuram
972 1695 1087 1746 reddere
1104 1695 1204 1757 voluit.)

176 1799 206 1809 -
227 1769 269 1822 49.
288 1771 376 1834 [orsae
393 1771 444 1835 Scp
463 1770 524 1834 (non
541 1769 597 1833 bd).

143 1893 203 1944 ⁴98:
225 1891 342 1956 Ophelten
351 1905 422 1942 4444
433 1897 571 1942 tonantem.
586 1919 615 1929 -
630 1906 672 1942 so-
709 1891 764 1943 mili
782 1890 841 1943 loco
859 1895 933 1944 ortus
951 1903 1022 1943 nunc
1039 1893 1073 1943 sit
1096 1892 1238 1942 44444444-

140 1967 317 2030 most-qvod
332 1967 426 2032 vincat]
445 1969 497 2018 Sat.
520 1969 550 2022 4,
574 1967 604 2029 9,
624 1969 670 2018 at:
709 1967 743 2016 tis
769 1967 888 2028 amicus,
915 1969 993 2018 antea
1021 1969 1052 2031 44.
1077 1981 1103 2018 u.
1128 1979 1151 2016 4.
1170 1967 1237 2028 444.)

141 2044 255 2094 tuomet
280 2045 348 2106 quot
369 2047 393 2092 44
416 2043 597 2107 4444444444,
627 2057 671 2106 epo
708 2042 790 2092 Bruto
816 2042 885 2093 duce
910 2041 1033 2094 tribunus
1057 2040 1186 2092 militaris.
1207 2067 1235 2078 -

140 2123 226 2168 canto.
248 2144 277 2154 —-
296 2118 545 2182 Coruum-tutos]
569 2120 672 2169 Seneca
709 2118 771 2179 4444
792 2129 847 2168 eum
870 2117 922 2182 4444]
940 2119 1052 2182 Propter
1075 2130 1193 2181 sequeus
1210 2131 1236 2168 ν.

141 2193 176 2243 de
193 2193 280 2243 lllorte
299 2191 401 2244 Claudii
415 2207 442 2257 p.
460 2193 518 2245 684.
531 2195 621 2243 Gronz
640 2195 673 2244 Et
706 2199 810 2255 pareret
827 2192 903 2244 multi
920 2196 1088 2259 scripserunt
1104 2195 1164 2255 tim3
1189 2194 1239 2246 sed

140 2273 198 2318 erat
219 2267 332 2317 4444444444
356 2268 562 2332 sonmsistimvm
587 2267 673 2332 [Clau
709 2267 814 2318 diverse
843 2268 1055 2333 propositionum
1079 2270 1146 2319 ratio
1173 2270 1238 2321 satis

143 2343 181 2394 dii
201 2341 289 2404 lunus)
308 2347 331 2392 44
353 2341 466 2405 inopem
481 2355 546 2392 4444
558 2343 671 2406 pienum,
709 2341 864 2405 designatur
881 2342 994 2394 diversis
1016 2343 1153 2408 particulis
1176 2347 1238 2406 qvia

141 2422 172 2469 ut
181 2417 340 2467 4444444444
351 2418 447 2481 effari
464 2417 604 2480 4444444444,
618 2431 673 2467 cov-
707 2443 720 2454 -
729 2419 824 2479 -4444,
839 2445 868 2455 -
881 2419 1016 2484 convictor]
1032 2419 1182 2471 Modestum
1194 2434 1239 2471 vo-

141 2493 254 2542 444444444
279 2493 407 2554 4444444444
431 2494 530 2556 potens
552 2498 673 2543 4444444-
709 2491 835 2542 caltulum
848 2492 882 2542 de
895 2493 1042 2545 domestico
1058 2508 1110 2545 usu
1129 2497 1157 2545 et
1170 2507 1237 2547 con-

141 2580 202 2617 rum
218 2571 293 2616 44444
309 2567 398 2628 turbo,
421 2572 507 2617 444444
522 2573 669 2630 conventus,
709 2566 859 2618 suetudine,
896 2568 934 2619 Cl.
950 2570 1098 2632 Augustum
1117 2570 1142 2619 44
1154 2571 1236 2634 Epist.

140 2647 170 2690 vt
202 2641 280 2690 etiem
314 2641 433 2692 aaudiat
459 2642 549 2692 audire
578 2647 669 2705 posset.
708 2641 743 2691 ad
760 2641 898 2692 llorutium
915 2643 942 2692 in
962 2644 1069 2693 sueton.
1091 2644 1138 2694 vlt.
1159 2645 1236 2696 llor.:

140 2713 275 2766 Plutarch.
298 2715 333 2766 de
355 2714 445 2767 soleri.
470 2717 550 2767 anim.
573 2718 620 2778 49,
639 2718 669 2767 o:
708 2718 785 2767 844444
808 2717 852 2767 tibi
877 2717 974 2780 aliquid
997 2718 1061 2768 iuris
1085 2719 1154 2780 opud
1177 2733 1235 2781 mo,

139 2783 323 2853 irvxede'ug
338 2789 434 2862 ἐκείνῃ
452 2791 493 2856 (ἐν
506 2787 601 2864 Ῥώμῃ
614 2787 670 2862 πρὸ
708 2797 838 2854 temptum
862 2794 884 2841 si
909 2793 1038 2842 convictor
1061 2794 1122 2842 milti
1147 2794 1234 2856 444444.

140 2859 192 2916 τοῦ
219 2865 374 2930 τεμένους,
401 2863 418 2915 ὃ
441 2863 582 2918 καλοῦσιν
606 2861 671 2916 'lil-
708 2867 783 2917 Ovid.
803 2879 836 2917 ex
853 2869 936 2918 Ponto
957 2866 987 2928 l,
1006 2867 1037 2927 3,
1056 2869 1100 2917 tt:
1127 2867 1170 2916 1444
1191 2881 1236 2932 epo

140 2935 237 3005 λήνων
253 2933 375 3011 ἀγοράν)
391 2937 449 2991 τῶν
466 2939 612 2994 πλουσίων
623 2942 671 2994 ἐκ·
707 2941 835 2991 convictor
854 2939 926 3004 (tibi)
944 2942 1067 3003 (44444444
1089 2942 1237 2994 dometticvs

140 3009 333 3079 κομιζόμενος
359 3009 415 3066 ὑπὸ
441 3012 576 3084 σάλπιγξι
599 3015 671 3068 4444-
707 3029 762 3066 teu.
779 3043 806 3052 -
823 3015 904 3080 [44444]
922 3017 996 3066 44444
1012 3016 1139 3077 formam,
1159 3018 1236 3069 culus

142 3087 217 3152 laic,
231 3089 282 3139 4444
292 3091 458 3157 γενομένης,
467 3084 564 3161 ὥσπερ
575 3089 669 3154 εἴωθε,
707 3091 816 3156 praeter
832 3090 859 3139 ln.
872 3089 890 3139 l.
904 3088 1006 3140 nullum
1024 3092 1127 3140 certum
1146 3104 1236 3142 exem·

141 3161 217 3216 κατὰ
232 3161 286 3216 τὸν
302 3162 394 3217 τόπον
410 3163 599 3232 ἐπιστάσεως,
622 3163 670 3220 444-
707 3164 782 3231 plmn
802 3165 888 3215 exstat
909 3164 943 3226 (v.
963 3164 1038 3214 llaud
1061 3165 1136 3215 Turs.
1155 3157 1233 3230 ll.'p.

140 3237 330 3306 impostrice
358 3243 390 3292 ot
417 3241 589 3312 σαλπιγκταὶ
620 3245 670 3296 καὶ
707 3240 784 3302 lli),
811 3239 932 3304 agnoscit
955 3240 1010 3290 iam
1035 3239 1185 3290 Priscianus
1205 3252 1232 3304 p.

141 3311 328 3382 κελευόμενα
345 3313 436 3368 4444444
456 3315 563 3390 χρόνον
580 3316 670 3370 ἐνδιέ-
708 3316 781 3366 toto.
800 3316 828 3365 P.
865 3313 917 3365 Clr.
931 3315 1050 3378 Wagner
1063 3317 1090 3364 et
1107 3313 1234 3377 Forbiger

141 3399 259 3462 τριψαν.
288 3417 317 3428 -
342 3393 431 3442 saitem
455 3399 519 3444 44444
543 3394 589 3444 444
609 3393 669 3457 nos]
706 3390 741 3440 ad
758 3389 908 3454 Virg.Aen.
922 3389 952 3452 4,
971 3389 1031 3440 4394
1052 3389 1166 3452 04444444
1180 3390 1235 3454 [ors

144 3466 256 3516 nttovius
274 3464 370 3517 saltem
385 3470 495 3532 propter
505 3468 669 3519 vociferandi
705 3463 787 3527 44441.
805 3462 892 3529 [444444
908 3477 1007 3527 444444
1027 3465 1057 3514 44
1082 3469 1170 3514 nostru
1190 3478 1234 3516 re-

143 3539 297 3591 incultaiem
313 3541 383 3590 44444
399 3540 513 3605 placet.»
541 3543 670 3606 Loquitur
702 3546 803 3604 poscent
827 3543 939 3606 44444444.
968 3569 996 3580 -
1026 3547 1050 3593 44
1070 3569 1085 3580 -
1108 3543 1233 3608 amicum]

143 3627 173 3664 ex
192 3613 294 3680 popelli
315 3627 445 3680 persona,
470 3629 551 3680 quem
574 3631 668 3668 rursus
707 3617 866 3667 «amicitiam
877 3620 977 3667 tuam„
990 3645 1016 3653 -
1028 3617 1163 3667 notitione
1171 3631 1234 3680 pro-

143 3689 210 3742 salse
229 3689 347 3750 deridet,
367 3691 439 3754 quod
456 3692 591 3742 interdum
608 3694 669 3742 tan·
704 3691 757 3754 cvl]
784 3684 880 3754 ὄντας.
915 3691 963 3742 Alli
988 3691 1023 3742 ad
1048 3693 1232 3743 Maecenatem

142 3767 197 3815 ttrm
230 3765 341 3828 propter
374 3766 540 3816 Stentoream
571 3779 668 3818 vocem
704 3766 838 3829 referunt,
852 3767 897 3830 qui
908 3769 1028 3818 remotus
1039 3766 1118 3816 luerit
1128 3766 1164 3816 ab
1176 3780 1233 3817 am-

142 3839 212 3890 hunc
229 3837 338 3889 illumve
354 3840 492 3890 homiuem
504 3853 621 3906 nequem
633 3841 668 3892 ad
704 3842 804 3893 hittone
824 3843 851 3892 in
869 3843 946 3891 ceute
965 3839 1111 3904 deligendis
1128 3841 1230 3892 amicis.

143 3925 262 3964 summos
281 3913 398 3965 honores
416 3915 532 3966 evehere
549 3915 641 3967 soleat.
704 3919 738 3968 nt
753 3917 792 3968 sic
809 3915 942 3968 ἐπίθετον
960 3929 1047 3978 44444
1063 3914 1136 3964 haud
1152 3916 1231 3967 nimis

172 3987 263 4039 to-ol.
283 3987 397 4039 4444444444
410 3991 597 4056 patronatum]
615 3993 668 4042 lle-
704 3990 839 4042 urbanum
857 3990 932 4041 lorot.
969 3988 1085 4054 (Ambitio
1101 3989 1128 4039 h.
1148 3988 1165 4040 l.
1186 4003 1233 4041 no-

143 4063 233 4125 petitio
249 4063 332 4124 haec,
351 4076 420 4127 quoe
438 4066 496 4116 sine
513 4079 594 4117 causa
606 4067 669 4118 Tor-
704 4065 746 4116 bis
772 4064 941 4128 6444444444.)
969 4091 997 4101 -
1022 4077 1073 4114 nov
1097 4065 1142 4114 444
1167 4067 1230 4129 cet]

143 4138 226 4187 rentio
253 4139 311 4188 visa
335 4141 378 4189 est
399 4139 491 4203 trigide
516 4144 542 4191 44
566 4141 665 4206 inepta,
705 4153 773 4191 anon
790 4141 901 4204 propter
915 4139 979 4199 hoc,
999 4138 1071 4202 quod
1089 4152 1152 4190 casu
1166 4143 1228 4202 cet.;

143 4211 279 4275 significat,
298 4215 410 4278 propter
420 4215 472 4266 lice
484 4228 568 4266 uuum
584 4229 614 4266 se
631 4215 666 4266 ab
704 4215 731 4265 id
748 4215 821 4279 quod
832 4213 875 4265 4444
892 4213 1000 4264 lorsitan
1012 4211 1161 4274 sulficeret;
1181 4215 1230 4266 sed

144 4286 236 4339 invidis
252 4288 378 4339 continuo
402 4290 490 4353 carpi,
517 4289 588 4353 quod
615 4289 667 4340 hu·
705 4301 768 4354 ego,
792 4287 869 4352 ¹quod
893 4287 971 4352 longe
994 4289 1124 4352 praestat,
1153 4299 1229 4338 com-

197 4378 289 4425 444444.
306 4389 361 4426 voc.
377 4379 403 4426 ll.
435 4391 475 4428 ao.
491 4391 542 4426 444.
559 4379 595 4426 lll.
1044 4377 1058 4422 8
