3156 4972
630 451 690 503 Lm.
708 453 739 502 11.
775 451 842 502 SAT.
860 452 903 502 lll.

266 611 366 692 Quid,
392 631 465 677 oum
488 609 616 677 Picenis
639 627 819 696 excerpens
840 606 964 674 semina
986 606 1092 694 pomis

265 733 409 808 Gaudes,
435 733 462 798 si
486 751 649 800 cameram
671 729 813 819 percusti
837 729 932 808 torte,
955 749 1058 816 penes
1080 735 1113 795 tc
1135 727 1195 795 esi

266 853 364 935 Quid,
388 874 470 920 cum·
484 852 580 921 balbe
603 852 679 919 ieris
701 871 825 918 annoso
846 849 948 918 verba
970 849 1092 939 palato,

264 975 461 1043 aedificante
483 995 576 1042 casas
598 977 655 1063 qut
677 973 811 1040 sanior?
833 971 924 1040 Adde
946 991 1097 1040 cruorem
1245 971 1307 1039 275

266 1097 423 1165 stultitiae
438 1107 537 1185 atque
553 1097 660 1184 ignem
675 1094 782 1184 gladio
799 1105 954 1162 scrutare.
979 1092 1088 1172 Modo,
1113 1093 1258 1181 inquam,

264 1219 400 1288 Hellade
422 1239 580 1308 percussa
601 1218 721 1284 Marius
743 1237 816 1286 cum
838 1215 1030 1305 praecipitet
1050 1235 1104 1294 se,

264 1342 408 1410 Cerritus
431 1341 501 1420 luit,
526 1361 566 1406 au
589 1349 769 1408 commotae
792 1339 926 1407 crimine
948 1337 1064 1405 mentis

262 1462 420 1530 Absolves
443 1461 607 1529 bominem
629 1471 662 1528 et
683 1459 816 1529 sceleris
838 1459 1007 1528 damnabis
1030 1457 1187 1536 eundem,

262 1586 310 1651 Ex
331 1605 423 1651 more
445 1583 615 1672 imponens
637 1593 774 1671 cognata
795 1581 955 1650 vocabula
976 1581 1100 1649 rebus?
1241 1579 1304 1649 280

251 1767 339 1827 modo,
356 1766 472 1828 amcam.
506 1764 608 1816 Hellade
624 1777 688 1816 oum
704 1762 761 1815 aliis
773 1764 806 1814 H.
821 1761 1041 1828 (emmenrode,
1059 1763 1159 1822 inomni
1174 1761 1276 1812 Hellade

256 1842 359 1893 Franks
376 1842 445 1891 Fasti
461 1841 550 1890 Horat.
568 1852 594 1904 p.
615 1839 681 1900 liti.)
702 1863 729 1876 -
749 1837 806 1889 279.
824 1851 856 1888 oc
872 1849 1006 1902 superscr.
1024 1842 1048 1887 et
1064 1838 1090 1886 S.

217 2009 262 2077 pla
271 2010 419 2075 proposuit,
432 2021 482 2074 per
490 2008 673 2072 gradationem
685 2018 746 2071 pro-
782 2007 833 2055 ibm
853 2004 1000 2069 pacataque
1022 2006 1067 2055 der
1091 2003 1158 2056 Geiet
1180 2017 1231 2054 aee
1257 2004 1309 2054 lle-

218 2085 292 2137 cedit
314 2084 348 2134 ad
370 2081 441 2133 aliud
465 2083 562 2134 luroris
587 2083 743 2146 pemioiosi‚
781 2078 943 2132 sterblichen?
979 2091 1096 2143 eumque
1130 2079 1216 2130 secuti
1247 2079 1310 2128 suut

216 2159 301 2212 veluti
333 2158 469 2208 homicidii
502 2159 537 2208 ob
568 2156 745 2224 ζηλοπυπίαν
782 2155 911 2207 Heindorl
920 2158 1000 2219 atque
1012 2155 1141 2215 Mainake,
1151 2151 1309 2218 particulam

218 2235 370 2295 commissi,
383 2234 565 2285 hacorationis
574 2234 659 2284 forma
671 2245 744 2283 usus:
781 2233 867 2291 nodo,
880 2243 949 2295 quae
961 2244 1027 2282 saue
1036 2243 1232 2294 saepenumero
1245 2242 1308 2280 cum

219 2310 330 2372 magis,
349 2321 417 2372 quas
429 2309 597 2371 enumeravi,
610 2307 679 2358 adde
691 2308 745 2357 iam
781 2307 945 2370 imperativis
956 2306 1072 2370 iungitur
1080 2301 1141 2364 (rid.
1154 2302 1230 2354 Hand
1241 2301 1257 2352 4.
1268 2301 1307 2366 4.),

217 2384 335 2436 iecinora
348 2385 472 2444 cruenta,
485 2383 520 2433 ad
531 2395 601 2447 quae
612 2381 744 2433 violentes
782 2384 913 2432 maiorem
930 2381 1107 2431 exhortationi
1120 2380 1176 2430 vien
1192 2379 1309 2429 adiicere

217 2460 300 2510 animi
322 2458 538 2522 perturbationes
559 2459 681 2508 homines
704 2459 747 2508 in·
782 2458 915 2516 arbitrati;
934 2469 1030 2508 rerum
1046 2457 1109 2506 buio
1125 2455 1220 2504 rationi
1235 2465 1310 2518 pror-

218 2535 316 2598 eligere
339 2531 439 2590 soleut;
465 2534 504 2584 uti
524 2535 597 2584 modo
621 2532 743 2596 (nuperi,
781 2547 827 2584 sus
845 2533 1003 2583 adversatur
1020 2545 1047 2582 v.
1059 2533 1177 2593 tcwm,
1196 2541 1250 2593 quo
1262 2527 1307 2588 ita,

217 2611 324 2672 mquam
339 2609 401 2671 tquo
418 2607 465 2658 tibi
481 2611 574 2658 notum
592 2606 745 2672 exemplum
780 2612 811 2658 ut
827 2607 970 2659 uoluerunt
992 2605 1040 2670 illi,
1068 2605 1150 2656 Latini
1170 2615 1310 2668 nunquam

216 2683 745 2735 inmemoriamrevocandosententiam
781 2685 899 2732 utuntur.

217 2773 309 2810 meam
326 2757 423 2809 clarius
435 2760 516 2808 etiam
528 2759 679 2823 exponam),
693 2759 746 2808 Ha·
814 2757 938 2806 bii-280.
966 2755 1077 2820 Hellade]
1096 2758 1134 2806 De
1154 2756 1205 2805 hac
1220 2751 1309 2818 puella

216 2836 274 2886 rius
296 2833 338 2884 iile
361 2833 469 2885 Hellade
492 2835 622 2884 trucidata
639 2847 670 2884 se
687 2835 744 2898 ipse
782 2833 894 2894 eiusque
917 2829 1087 2881 interfectore
1109 2831 1171 2881 nibil
1193 2831 1328 2881 aderunt-

217 2909 366 2960 interlscit:
400 2909 458 2970 hie,
489 2910 635 2972 interrogo,
662 2909 744 2959 fuitne
782 2905 957 2966 scholiastae,
976 2906 1049 2968 quod
1067 2918 1119 2956 non
1131 2907 1192 2956 insit
1207 2906 1233 2954 in
1245 2905 1309 2968 ipsis

216 2985 333 3046 ceritas,
346 2985 468 3044 insanus,
487 2996 520 3034 en
533 2982 620 3034 iudice
633 2985 659 3034 te
671 2995 746 3034 men·
781 2985 877 3048 po'etae
894 2981 993 3032 uerbis.
1015 3007 1042 3018 -
1058 2980 1221 3044 praecipitat]
1238 2977 1309 3030 male

216 3061 252 3110 tie
268 3059 379 3124 quidem
402 3071 529 3123 compos,
557 3059 606 3110 sed
627 3057 746 3110 scelere·
783 3061 917 3108 Gesnerus
935 3055 1027 3106 babuit
1048 3069 1098 3120 pro
1115 3057 1181 3121 pert.
1201 3057 1310 3106 contra-

216 3137 279 3185 tus‘t
305 3136 363 3185 Hes
385 3147 450 3185 saue
469 3135 650 3185 exsertantia
672 3135 745 3184 insa-
782 3134 825 3183 cto
843 3132 1031 3196 praecipitauit.
1066 3131 1120 3182 Cir.
1142 3131 1229 3193 Reisig
1251 3131 1307 3180 Lat.

217 3221 268 3259 uus
295 3208 367 3259 luit.»
402 3207 492 3260 Falsas
515 3209 594 3259 huius
617 3210 745 3260 enuntiati
781 3208 912 3270 Spracbw.
931 3221 958 3271 p.
970 3207 1028 3257 226.
1048 3209 1075 3256 et
1095 3207 1147 3256 Sat.
1168 3207 1197 3267 4,
1217 3205 1245 3266 6,
1265 3205 1306 3254 ts.

216 3285 257 3335 sic
288 3283 403 3335 distincti
431 3284 665 3349 interpretationes
693 3284 744 3334 hae
783 3309 812 3320 -
829 3282 886 3346 psit]
905 3284 963 3332 Non
981 3279 1031 3332 sibi
1049 3283 1200 3346 repugnant
1221 3293 1247 3330 v.
1260 3281 1309 3344 psit

217 3362 295 3410 sunt:
316 3360 338 3422 4)
351 3361 463 3420 Marius,
477 3373 539 3412 cum
550 3363 624 3410 modo
636 3359 744 3412 Hellade
782 3359 839 3422 (pro
857 3370 910 3420 quo
928 3357 1089 3406 liircbuerus
1105 3356 1245 3421 proposuit
1262 3355 1307 3418 stt-

217 3447 362 3499 pereussa,
381 3433 475 3495 idest,
489 3435 577 3485 statim
589 3434 744 3499 utpuellam
780 3435 823 3496 rit)
842 3435 869 3482 et
887 3433 1050 3494 prmaptret.
1082 3433 1215 3482 «Potesne
1236 3431 1310 3481 arbi-

217 3507 389 3570 conioderat,
417 3521 446 3560 se
463 3511 659 3574 praecipitavit,
685 3521 746 3560 cer·
781 3509 845 3558 trari
870 3509 982 3558 Herium
1009 3509 1099 3558 mente
1124 3510 1233 3572 ceptum
1255 3519 1309 3556 nou

216 3583 320 3632 ritusne
346 3583 412 3633 iuit‘l
440 3584 464 3646 4)
490 3585 565 3634 Modo
591 3584 743 3646 (dumtaxat)
782 3583 877 3644 luisse,
896 3583 945 3634 sed
963 3582 1124 3634 sceleratum
1142 3583 1242 3647 potius,
1264 3593 1310 3632 se-

216 3658 324 3707 cer-ritae
339 3658 388 3721 psit
404 3659 517 3720 Hortos,
537 3660 578 3710 bis
595 3657 686 3708 verbis
703 3659 745 3708 in·
782 3660 859 3708 cutus
871 3659 1024 3722 opinionem
1040 3656 1192 3721 uolgarem,
1211 3669 1243 3704 ex
1256 3667 1309 3718 qua

217 3734 398 3795 terrogatione
438 3747 491 3784 uon
533 3733 744 3798 comprehensis.
782 3732 904 3784 scelerati
920 3729 1310 3797 proinsanisnonuahentur‘r

217 3807 295 3857 Haud
321 3809 397 3857 Turs.
416 3809 459 3858 444.
477 3821 503 3872 p.
523 3809 580 3859 639.
624 3810 657 3859 et
681 3821 745 3858 vero
781 3811 866 3859 immo
884 3821 916 3857 ex
939 3809 1044 3858 veriore
1070 3809 1161 3857 nostra
1188 3803 1308 3854 doctrina

216 3883 252 3933 ita
271 3885 372 3934 mutata
390 3883 572 3933 distinctione:
594 3883 746 3946 ipeentplo-
781 3882 824 3934 ille
849 3882 964 3934 furiosus
989 3881 1063 3931 luit.»
1092 3907 1118 3918 -
1146 3884 1310 3930 oocmrctae-

216 3957 258 4007 dio
274 3963 391 4008 sandow
406 3959 493 4019 uodo,
510 3959 623 4020 inquam.
646 3957 747 4008 Hellade
781 3959 877 4019 mentis]
904 3957 978 4008 Corui.
997 3971 1023 4006 v.
1042 3955 1100 4006 tos.
1122 3983 1148 3993 -
1172 3955 1215 4005 lio
1230 3953 1308 4019 own]

213 4045 337 4096 pereum
348 4035 399 4083 cet.
419 4031 497 4096 longe
509 4032 585 4084 aliter
602 4031 691 4082 locum
703 4046 746 4083 ac-
783 4046 831 4084 eer
839 4031 937 4096 volgari
950 4031 1143 4082 consuetudine
1154 4029 1309 4094 loquendi.»

217 4108 290 4172 cepit
313 4109 395 4159 Voss:
425 4110 478 4158 eard
501 4109 580 4158 Fruar
603 4109 650 4158 mit
674 4107 746 4158 Stalai
784 4107 939 4172 --copnotcd
953 4119 1018 4157 non:
1034 4106 1307 4170 «apta»(Coaa.Cn.),

216 4183 379 4233 &mide
395 4183 470 4244 dccl,
487 4196 534 4247 sup
550 4183 604 4232 iet!
631 4183 744 4245 Hortos,
781 4183 844 4233 sed:
865 4182 987 4232 «diversa
1004 4179 1130 4244 quidem,
1151 4181 1309 4230 nontamen

216 4259 255 4308 ola
281 4273 310 4309 er
333 4259 373 4309 die
397 4259 481 4308 Helice
505 4258 667 4320 durabaturt,
693 4259 746 4308 aed
782 4255 1308 4316 multumiutersedistantia3»Acraei

216 4333 294 4384 berei>
320 4347 380 4384 com
407 4333 511 4396 Gelrlipp
540 4346 648 4397 praep,
680 4335 746 4384 War
782 4331 1065 4384 Stoicorumdoctrina
1084 4333 1277 4396 homonyma.»
