3082 4968
298 435 340 500 98
680 438 809 489 nontin
827 437 1009 492 sniiunuun

339 593 427 670 Udos
450 613 524 661 cum
546 591 629 660 soliis
650 613 758 660 ramos
781 605 896 662 urente
917 595 1054 664 camino.

338 715 398 783 Hic
418 735 481 803 ego
502 715 694 783 mendacem
713 713 920 784 stultissimus
942 737 1048 806 usque
1073 718 1215 807 puellam

338 837 385 905 Ad
408 836 549 904 mediam
571 847 699 904 noctem
720 848 890 925 exspecto:
915 859 1048 907 somnus
1069 850 1176 910 tamen
1197 841 1301 911 aufert

337 961 497 1027 intentum
518 960 649 1040 veneri;
672 969 740 1026 tum
762 960 928 1028 immundo
950 963 1075 1029 somnia
1095 963 1167 1030 visu

336 1083 530 1149 Noctumam
552 1091 676 1149 vestem
697 1081 859 1149 maculant
880 1092 1092 1173 ventremque
1113 1086 1274 1175 supinum.
1346 1090 1389 1154 85

336 1205 495 1284 Quattuor
516 1203 592 1271 hinc
610 1204 758 1292 rapimur
780 1205 889 1293 viginti
911 1215 944 1273 et
965 1205 1052 1273 milia
1072 1206 1195 1286 rhedis,

360 1356 402 1407 86.
421 1361 445 1407 ct
461 1369 515 1407 cm.
537 1369 581 1421 cp.

293 1480 368 1528 recta
391 1490 440 1542 per
462 1476 606 1528 fumarium
623 1479 696 1528 exire
713 1482 819 1543 posset,
859 1479 903 1529 cui
929 1479 1124 1544 praemittenda
1151 1484 1210 1532 erat
1233 1481 1389 1548 exemplum

292 1552 423 1617 imprimis
441 1553 548 1604 ilcratio
559 1549 678 1616 lippienti
690 1552 820 1603 molestus
859 1551 974 1617 neglexit
991 1554 1079 1619 Haupt
1096 1554 1173 1608 Obss.
1184 1557 1253 1607 critt.
1266 1570 1293 1622 p.
1303 1557 1335 1610 tc
1345 1571 1387 1623 sq.

293 1628 358 1677 erat.
388 1626 463 1677 idem
480 1625 545 1678 flami
563 1626 701 1692 epitheton
722 1625 821 1691 placuit
860 1657 886 1668 -
899 1629 1026 1692 oppidulo,
1040 1631 1180 1695 coedent]
1199 1633 1389 1698 «Equotutium

292 1700 384 1752 Ouidio
411 1701 518 1754 Metam.
544 1701 592 1763 lo,
622 1701 647 1752 6.
677 1729 705 1738 -
733 1704 821 1751 mente
859 1705 889 1768 (s.
909 1703 1008 1754 rectius
1025 1705 1131 1769 Equum
1148 1707 1269 1770 tuticum)
1285 1707 1390 1772 signill-

291 1775 404 1840 caminc]
428 1777 467 1827 De
488 1775 583 1839 frigore
603 1776 629 1825 in
649 1775 690 1826 his
710 1773 819 1840 Apuliae
858 1780 914 1838 cat,
934 1779 1009 1829 cuius
1021 1791 1120 1830 nomen
1137 1780 1293 1832 hexametro
1303 1795 1387 1833 versu

291 1850 428 1902 montibus
446 1863 527 1916 saepe
545 1864 631 1915 usque
652 1852 678 1901 in
696 1863 819 1902 mensem
858 1851 1000 1918 complecti
1017 1866 1071 1904 non
1087 1855 1186 1918 potest.
1223 1857 1279 1906 ilcc
1296 1859 1388 1909 autem

291 1926 395 1976 Iunium
421 1927 547 1976 continuo
571 1926 618 1976 cir.
643 1924 820 1976 Walckenae-
859 1925 982 1990 exemplo
991 1926 1089 1978 Lucilii.
1104 1929 1170 1979 Nam
1182 1929 1209 1979 in
1221 1930 1334 1994 septima
1343 1931 1390 1980 Sa·

292 2001 362 2050 rium
385 2001 404 2049 1.
428 2013 454 2063 p.
478 2000 537 2051 niti.
578 2001 677 2050 canuno
704 2002 746 2050 est
770 2013 819 2063 prc
858 2003 907 2053 tire
925 2003 964 2052 sic
983 2002 1031 2052 aii:
1057 2002 1195 2053 sesamam
1210 2009 1246 2054 est
1261 2005 1337 2067 sesne
1351 2005 1390 2054 di·

292 2075 352 2137 igne
362 2075 468 2125 camini.
488 2076 526 2125 De
536 2076 645 2126 caminis
659 2075 705 2125 cir.
717 2075 821 2125 Becker
858 2091 884 2127 es
899 2077 951 2139 iic,
972 2079 1050 2139 Quen
1064 2077 1141 2140 plane
1156 2078 1303 2130 martene
1314 2091 1390 2130 owse

294 2149 383 2198 Gcitm
400 2149 456 2213 (Ed.
469 2148 526 2212 alt.)
544 2150 575 2199 11.
588 2161 614 2214 p.
627 2148 735 2201 iii.-
707 2163 821 2200 -mcte
857 2165 909 2202 non
920 2152 1089 2214 dicercpcsats
1107 2151 1275 2216 (Sigillaria).
1292 2156 1386 2206 Pom

292 2225 410 2274 dmen-
426 2223 616 2286 -npoattcm
602 2225 751 2289 -enspecth
778 2223 820 2274 Sic
858 2226 944 2276 Verus
966 2225 1032 2276 situs
1053 2227 1121 2288 Equi
1138 2228 1243 2278 micis.
1255 2228 1390 2289 iiqatimc-

291 2297 466 2362 Asclepiades
488 2297 594 2349 Anthol.
614 2297 667 2350 Pal.
681 2299 700 2349 1.
713 2312 740 2363 p.
755 2299 818 2349 ⁴25:
858 2314 903 2364 pm
897 2299 957 2363 (de
965 2300 1173 2364 cuiusetymoet
1182 2315 1246 2352 vera
1254 2304 1388 2368 scriptura

289 2367 466 2440 ‘sipoAdch'
487 2365 567 2439 ἥξειν
592 2373 634 2437 εἰς
654 2369 744 2424 νύκτα
768 2387 821 2462 poc
859 2375 912 2424 iam
929 2374 999 2425 coni.
1021 2377 1050 2424 G.
1067 2376 1188 2438 Curtius,
1210 2377 1387 2442 Zcitscitdtis.

292 2441 312 2516 ἢ
338 2444 489 2514 πιβόητος
513 2445 608 2512 Nesoi,
631 2449 681 2499 ital
709 2441 821 2534 σεμνὴν
857 2449 986 2500 Attentiw.
1000 2449 1073 2500 itii.
1086 2464 1113 2514 p.
1124 2449 1193 2514 itt.)
1215 2455 1324 2503 auctore
1337 2455 1389 2504 iio-

292 2517 393 2588 ωμοσε
401 2518 619 2612 Θεσμοφόρον·
640 2513 760 2582 Κούκ“
740 2535 818 2587 ηκει,
859 2522 985 2575 mancilio
1012 2537 1064 2574 non
1087 2526 1129 2576 cst
1151 2526 1282 2578 Smuecic
1303 2541 1389 2593 prope

292 2591 411 2662 φυλακη
427 2593 651 2668 δὲπαροὶχεται.
670 2587 709 2669 ἄρ
708 2596 821 2668 'ccccc
858 2596 1001 2660 Asculum,
1020 2599 1070 2650 scd
1087 2598 1114 2648 S.
1126 2599 1286 2651 Elautcrtcs.
1305 2602 1331 2651 S.
1347 2603 1391 2652 ti·

292 2677 354 2724 κεῖν
363 2666 479 2732 Halai&
494 2667 547 2722 τὸν
564 2669 684 2735 λύχνον,
703 2670 819 2736 παῖδες,
858 2672 1178 2738 onnmpropenicno.
1208 2675 1284 2725 Idem
1296 2677 1388 2728 tamen

292 2741 536 2808 a'aecctitcareoe
508 2747 662 2812 -acmnicJ
680 2748 719 2798 De
737 2749 819 2798 nimia
860 2749 1015 2814 (praeeunte
1037 2747 1214 2813 Wesselingic
1238 2751 1273 2802 nd
1297 2753 1387 2802 itiner.

293 2824 404 2875 seminis
420 2821 575 2887 profusione
595 2820 709 2886 loquens
728 2821 821 2874 Celsus
858 2839 886 2890 p.
906 2823 973 2887 403.)
994 2823 1092 2873 acriter
1113 2825 1252 2876 contendit
1274 2825 1390 2891 cppidu-

293 2897 324 2959 i,
337 2896 378 2948 28.
396 2902 533 2948 accimus
544 2897 667 2962 matoes
678 2901 819 2948 memorat.
858 2899 915 2949 lum
923 2911 949 2948 v.
959 2897 1000 2948 87.
1011 2896 1189 2961 significatum
1200 2911 1254 2950 non
1266 2900 1300 2950 de
1312 2901 1389 2965 Equo

296 2999 324 3009 -
338 2971 403 3037 deu]
422 2972 555 3036 «specie»
574 2972 603 3021 ut
615 2971 686 3034 virg.
699 2973 765 3021 Aen.
779 2972 820 3032 ti,
860 2974 942 3024 tuiicc
954 2971 1184 3037 interpretandum
1197 2985 1271 3035 esse,
1290 2974 1340 3026 sed
1352 2975 1390 3025 si-

294 3047 357 3097 27⁴:
375 3047 449 3097 Nurac
465 3049 542 3098 ctiam
558 3045 674 3096 docimii
689 3047 745 3096 cicc
758 3059 823 3108 pcr-
859 3047 978 3112 gniflcari
989 3045 1031 3098 vel
1043 3047 1160 3097 Acesinen
1173 3047 1289 3112 Apulum
1303 3049 1391 3100 duem

295 3125 364 3172 terito
379 3127 526 3184 sequemur.
542 3148 571 3159 -
582 3125 674 3172 casem
683 3120 822 3186 nunaunt]
860 3135 921 3174 suni
938 3121 973 3172 ab
985 3121 1082 3172 Asculo
1094 3121 1201 3182 Piceno,
1219 3123 1320 3174 Accium
1330 3121 1388 3175 aliis

294 3197 335 3247 De
363 3196 415 3247 hcc
439 3209 547 3262 qucque
576 3195 644 3258 icco,
674 3197 720 3261 qui
746 3196 823 3247 nobis
862 3195 943 3260 (quod
952 3199 1044 3247 tamen
1052 3209 1112 3246 voc.
1121 3195 1197 3246 iacile
1205 3199 1296 3248 versui
1308 3198 1390 3249 inseri

295 3282 410 3335 spurcus
427 3269 627 3330 tantummodo,
650 3283 703 3321 ncn
721 3269 823 3321 facetus
861 3271 988 3336 peterat),
1006 3269 1049 3320 vei
1066 3269 1194 3334 oppidum
1211 3283 1296 3336 prope
1307 3275 1391 3324 Ascu-

295 3344 414 3406 videtur,
440 3346 477 3396 ita
501 3342 675 3395 iudicandum
701 3345 767 3404 crit,
794 3345 825 3393 ut
861 3345 931 3406 lum,
962 3357 1034 3394 nunc
1060 3343 1170 3408 quidem
1198 3346 1331 3409 ignotum,
1360 3349 1391 3398 ut

297 3417 418 3468 dicamus
436 3419 508 3482 apud
523 3419 658 3468 Romanos
670 3417 751 3468 talem
764 3413 825 3480 ἐξο-
861 3419 994 3470 Trivicum
1012 3419 1039 3468 in
1056 3419 1200 3471 itinerariis
1217 3433 1271 3472 ncn
1288 3433 1391 3472 memo-

296 3486 457 3562 νειρωγμὸν
484 3505 534 3556 pro
561 3489 675 3541 ridiculo
702 3489 824 3541 habitum
862 3495 948 3555 ratur,
965 3492 995 3543 id
1007 3492 1080 3557 qucd
1091 3493 1256 3557 probabilius
1268 3497 1317 3546 cst.
1339 3496 1390 3546 Pro

299 3577 373 3626 esse,
401 3565 435 3617 de
453 3577 506 3629 quo
523 3562 612 3630 pelam
635 3563 823 3629 loquebantur.
861 3568 950 3618 Ascutc
972 3569 1073 3632 pugnat
1093 3569 1175 3620 etiam
1197 3567 1388 3631 Walckenaer,

298 3640 412 3692 omnino
432 3639 522 3690 omnia
542 3639 612 3689 haec
634 3636 702 3689 levia
724 3639 825 3690 itineris
863 3639 958 3693 telsam
982 3644 1074 3692 umen
1098 3643 1253 3694 reticentiae
1279 3656 1390 3695 causam

298 3712 486 3774 incommoda,
527 3724 662 3778 caupones
699 3711 824 3777 maligni,
863 3715 992 3778 afferens,
1019 3717 1097 3780 quasi
1123 3719 1196 3768 emet
1219 3729 1319 3769 nomen
1339 3717 1392 3770 cb-

299 3801 370 3853 aqua
397 3786 558 3850 deterrima,
592 3799 668 3838 mora
695 3785 824 3850 remulci,
864 3803 994 3842 secenum
1011 3791 1145 3851 Asculum,
1171 3791 1389 3855 obcoecatus,

298 3862 441 3928 lippitudo,
460 3862 532 3914 turdi
548 3863 631 3912 macri
648 3863 692 3913 vix
702 3863 826 3914 incendic
864 3865 1017 3932 quantitatis
1029 3865 1102 3916 haud
1113 3878 1226 3917 memor.
1246 3869 1315 3918 sane
1327 3879 1392 3918 con·

301 3937 401 4001 erepti,
426 3937 514 3988 tumus
531 3937 643 3998 camini,
667 3949 753 3988 venus
770 3937 827 3987 iru-
864 3939 995 3991 iitendum
1020 3941 1076 4002 est,
1103 3941 1126 3990 si
1151 3941 1391 4004 Equumtuticum

301 4013 393 4072 snam,
409 4011 502 4062 iestive
514 4012 684 4076 opponuntur
694 4011 826 4063 amicitiae
864 4016 988 4066 Horatius
999 4015 1168 4080 pervenerit,
1188 4027 1251 4066 eum
1262 4028 1313 4080 per
1323 4017 1391 4067 haec

301 4085 413 4148 tructni,
431 4086 496 4136 risui
513 4085 641 4150 iocisque.
864 4089 951 4140 XXIV.
970 4089 1004 4140 ii.
1023 4091 1051 4140 P.
1072 4090 1123 4140 iter
1138 4093 1324 4142 nansversum
1340 4091 1391 4141 ira-

335 4159 424 4210 86-90.
441 4160 567 4224 roptmrtr]
586 4159 742 4211 «celerrime
753 4160 828 4210 vehi·
864 4163 956 4214 huicce
970 4163 1007 4227 lut
1017 4163 1110 4215 videm
1123 4163 1186 4216 licet
1196 4166 1223 4216 in
1235 4163 1390 4216 Romeneilii

302 4247 390 4286 mur.»
410 4263 437 4272 -
454 4236 544 4301 cipictt
560 4236 591 4300 ct]
609 4236 666 4287 iicc
680 4235 825 4302 particulae
865 4234 954 4288 tabula
971 4239 1167 4304 geographica),
1186 4239 1340 4304 etquidem
1358 4251 1392 4291 ex

303 4315 327 4361 et
350 4312 411 4376 post
435 4307 499 4362 iilud
514 4309 675 4363 vocabtdum
697 4313 824 4364 traiectae
864 4309 958 4377 Apulia
979 4313 1198 4376 (utiliorem
1222 4315 1249 4365 in
1274 4315 1391 4380 Campa·
