3192 4974
316 455 377 519 404
673 454 801 505 nouerit
819 453 1039 516 irrisionibus!

358 615 497 700 aegroto
520 611 641 678 domini
664 609 798 677 deduxit
820 629 957 698 corpore
980 609 1104 686 febres,

357 737 426 801 Nou
450 735 557 800 animo
579 753 684 800 curas.
729 731 839 798 Valeat
859 752 1032 819 possessor
1054 740 1194 819 oportet,

358 857 391 924 Si
414 855 622 944 comportatis
645 853 744 922 rebus
766 854 850 920 hene
873 853 991 941 cogitat
1012 853 1067 918 uti.
1364 854 1407 918 50

358 979 420 1060 Oui
443 978 532 1067 cupit
553 987 608 1043 aut
628 977 754 1054 metuit,
779 975 866 1041 iuvat
887 973 976 1040 illum
998 975 1045 1042 sic
1069 974 1185 1041 domus
1207 985 1240 1041 et
1262 996 1328 1052 res,

360 1103 398 1169 Ut
420 1100 542 1189 lippum
564 1099 670 1187 pictae
692 1096 836 1175 tabulae,
859 1097 999 1163 tomenta
1022 1096 1214 1184 podagram,

380 1338 422 1390 ta.
435 1337 532 1386 deducit
541 1335 625 1386 Codd.
637 1332 712 1398 aliq,
731 1332 1023 1397 manaucandum.
1043 1335 1104 1398 )non
1114 1335 1217 1398 nostri).
1233 1361 1261 1370 —
1278 1335 1374 1399 febrem

349 1413 366 1463 S
378 1415 405 1462 et
415 1413 532 1474 quinque
546 1410 669 1460 Pottierii.
683 1435 710 1444 —
721 1410 761 1458 50.
772 1410 861 1472 copitet
873 1421 942 1458 corr.
953 1409 979 1458 d.
992 1437 1019 1445 -
1030 1409 1071 1459 tr.
1082 1423 1113 1458 oc
1123 1411 1210 1460 metuit
1221 1423 1236 1459 e
1247 1408 1332 1461 Codd.
1343 1411 1371 1460 F.

352 1514 378 1523 -
389 1491 435 1536 act
446 1499 486 1535 res
496 1484 553 1545 d,h.
567 1513 593 1521 -
608 1485 649 1534 δί.
660 1484 901 1534 tcmntoiiouhier.
918 1513 944 1520 —
956 1485 1100 1548 pompeam
1111 1497 1126 1534 e
1139 1484 1223 1535 Codd.
1237 1484 1371 1536 Bentteius

317 1714 389 1764 enim
406 1711 554 1775 respondet
570 1710 645 1760 uxori
663 1722 724 1760 cum
742 1707 842 1769 tiberis,
880 1707 1015 1759 interdum
1027 1709 1136 1770 accidit,
1160 1715 1189 1758 ut
1204 1709 1267 1760 nott
1282 1711 1407 1773 mpertm

315 1786 408 1850 scndor
423 1785 496 1836 sitvis
513 1785 676 1849 exstirpatis,
696 1784 764 1834 certa
774 1795 844 1832 ecer-
876 1783 939 1846 poni
949 1783 1021 1833 dolor
1035 1785 1163 1847 patietur,
1182 1785 1266 1835 immo
1281 1785 1406 1836 tomentis

315 1876 362 1912 aaa
377 1867 401 1911 ct
417 1861 477 1910 curt
493 1861 611 1924 argento.
627 1887 654 1895 -
668 1851 843 1921 deducbiaio·
880 1861 1018 1922 augeatur.
1053 1859 1086 1910 Et
1111 1859 1163 1909 hoc
1189 1859 1299 1922 quidam
1324 1860 1407 1912 modo

317 1937 422 2006 ρίστως
434 1935 599 1999 detempore
610 1937 750 1998 perpetuo.
765 1933 844 1984 Utde·
880 1933 999 1999 plerique
1017 1932 1164 1997 explicent,
1190 1944 1286 1984 verum
1306 1937 1408 1986 rectior

316 2013 406 2062 ceduot
422 2023 528 2072 empore
543 2009 622 2072 febres
635 2007 747 2069 (Lucret.
761 2008 786 2068 2,
800 2005 840 2057 at.
879 2008 985 2058 videtur
1001 2009 1126 2058 Ditutzeri
1144 2009 1341 2072 interpretatio:
1360 2010 1408 2061 «ut

318 2085 387 2138 Cels.
401 2086 430 2144 ³,
450 2085 495 2146 tt),
518 2083 557 2133 sic
574 2083 655 2132 etiam
673 2082 759 2131 mdcci
777 2093 843 2145 pos-
880 2095 960 2134 sanos
977 2080 1068 2133 oculos
1086 2081 1221 2133 delectant
1238 2081 1345 2134 tabulae
1364 2084 1407 2147 pi-

318 2164 392 2220 sunt;
420 2157 482 2208 aiibi
499 2158 624 2207 dicuutur
640 2156 722 2219 cbipi,
741 2154 841 2216 depolit,
880 2159 951 2217 ctae,
970 2154 1085 2221 lippum,
1104 2157 1150 2220 qui
1167 2169 1213 2208 eas
1231 2156 1406 2222 contemplari

317 2233 517 2296 ioue-Vama]
528 2229 843 2281 usanasitmensincor-
880 2231 987 2294 nequit,
1005 2229 1041 2279 nil
1058 2231 1164 2290 iuvant)
1183 2232 1214 2280 ut
1230 2231 1347 2282 tomenta
1360 2232 1408 2281 ho-

316 2321 487 2374 ponesano.»
503 2331 530 2342 ·-
543 2317 693 2367 possessor·
703 2303 775 2367 -ctiJ
787 2304 843 2352 Ari-
880 2306 944 2356 mini
961 2303 1089 2366 molliori,
1114 2305 1262 2356 dummodo
1283 2305 1355 2356 bone
1372 2307 1407 2357 sit

318 2385 379 2434 stot.
393 2382 468 2434 Rhet.
483 2381 510 2442 t,
525 2382 552 2430 5:
571 2374 606 2429 τὸ
618 2377 751 2429 πλουτεῖν
764 2377 842 2428 ἐστὶν
879 2377 1044 2440 valetudine,
1057 2382 1132 2443 grata
1143 2383 1220 2440 aunt,
1239 2381 1350 2431 minime
1360 2393 1408 2432 ve-

316 2457 403 2524 ἐντῷ
421 2453 576 2526 χρῆσθαι
592 2451 705 2519 μᾶλλον
723 2448 743 2519 ἢ
760 2449 841 2519 ἐντῷ
879 2469 909 2505 ro
928 2455 1043 2519 podagra
1062 2455 1157 2505 abacto
1176 2457 1259 2520 (cuius
1281 2455 1403 2517 dolores,

316 2527 523 2595 κεκτῆσθαι.
548 2553 576 2566 -
601 2529 732 2590 crepitaret
747 2528 842 2591 catut)
879 2529 965 2590 addo,
988 2529 1122 2580 interdum
1139 2531 1255 2593 augent)
1280 2533 1310 2581 nt
1326 2543 1406 2582 auree

316 2607 387 2657 Scite
420 2606 565 2666 utrumque
599 2602 726 2652 enectum
754 2603 843 2652 seiun·
878 2606 994 2656 hominia
1011 2607 1068 2656 sani
1086 2606 1253 2670 symphoniis
1271 2604 1407 2656 oblectan-

315 2682 365 2742 xit,
391 2678 454 2742 quta
471 2676 568 2727 eodem
590 2677 720 2740 temporis
742 2678 842 2740 puncto
879 2681 936 2741 tur,
956 2692 1009 2730 non
1026 2680 1091 2730 item
1108 2681 1179 2742 eius,
1199 2682 1241 2731 cui
1253 2679 1355 2742 dolent,
1369 2681 1405 2730 tta

317 2756 343 2804 in
355 2753 453 2805 eodem
465 2765 546 2803 auaro
564 2750 653 2802 iocum
664 2764 718 2801 non
730 2749 840 2812 habent,
879 2755 1015 2806 hominem
1038 2755 1131 2819 paucis
1154 2757 1308 2806 contentum
1334 2757 1406 2806 iuuat

316 2829 366 2882 sed
391 2827 472 2880 modo
498 2827 570 2891 cupit
594 2826 714 2886 divitias,
744 2824 841 2886 modo,
880 2827 976 2879 domus
997 2830 1025 2878 et
1044 2841 1090 2878 res
1108 2830 1197 2892 tetiam
1218 2829 1343 2894 modica),
1362 2831 1406 2881 in-

316 2919 350 2957 ne
368 2905 443 2970 perta
455 2903 570 2962 amittat,
589 2901 695 2960 metuitt
715 2901 842 2964 quocirca
879 2902 1028 2954 satiabilem
1050 2917 1249 2968 nequaquam.»
1278 2907 1404 2957 Fomenta

316 2979 491 3031 reiiciendum
509 2979 550 3028 est
566 2979 634 3027 Fene
653 2989 684 3026 cc
699 2977 794 3026 metuit.
813 3003 839 3013 -
879 2979 969 3028 autem
986 2978 1067 3030 etiam
1083 2992 1099 3029 a
1116 2979 1188 3030 sanis
1205 2978 1328 3030 adhiberi
1344 2978 1407 3032 soii-

315 3055 386 3105 iucat
402 3053 474 3103 ittam
489 3052 525 3101 sic
537 3051 600 3115 cet.)
619 3050 774 3100 «dominum
786 3062 843 3100 mo-
879 3055 904 3103 te
924 3065 996 3114 esse,
1022 3066 1075 3116 qua
1097 3052 1132 3103 de
1149 3067 1179 3104 re
1196 3053 1285 3104 adhuc
1302 3053 1406 3105 dubita·

317 3130 352 3180 do
369 3129 510 3194 pecuniam
526 3125 685 3177 corradendi
703 3124 840 3189 cupidum,
879 3127 969 3188 batur,
988 3129 1055 3178 scite
1067 3128 1236 3179 demonstrat
1249 3127 1309 3180 loco
1320 3131 1407 3180 Sena

316 3202 398 3256 modo
409 3204 525 3252 iacturas
535 3201 713 3260 metuentem,
727 3201 784 3264 ipsa
797 3199 843 3249 do-
879 3215 927 3253 cae
945 3202 980 3253 de
996 3203 1099 3267 provid.
1113 3201 1141 3263 t,
1160 3203 1190 3252 o:
1218 3206 1296 3266 ουοηι
1315 3217 1406 3267 specc-

317 3289 377 3329 mus
399 3280 426 3326 et
447 3289 492 3326 res
513 3277 552 3325 sic
568 3278 647 3324 vexat
663 3277 744 3338 etque
761 3275 841 3337 angit,
878 3277 1404 3343 tomoamepercboffletooiudicccenmt

316 3354 346 3403 ut
363 3349 469 3401 tabutae
482 3351 569 3414 pictae
581 3349 697 3413 lippum,
717 3349 775 3413 qui,
789 3361 842 3412 quo
878 3353 949 3402 cuius
961 3353 1037 3414 pedes
1047 3353 1406 3417 immfomeotoaubiudemu·

317 3427 401 3489 magb
419 3439 465 3476 eas
482 3426 577 3476 intueri
595 3427 721 3486 conatur,
741 3439 773 3476 eo
785 3439 844 3489 gra-
878 3430 1085 3489 mtetepuemnt,
1103 3427 1407 3480 metoecoeoattouerrub-

316 3499 435 3551 rioribus
452 3498 589 3550 doloribus
606 3500 733 3559 officiium
754 3503 784 3550 ut
802 3500 844 3550 io-
879 3501 945 3551 ditm
960 3506 984 3551 et
996 3501 1137 3564 partetibus
1151 3503 1319 3566 menaehem
1334 3503 1406 3554 ceter

317 3577 422 3636 menta,
449 3573 576 3625 medendi
601 3588 684 3626 causa
709 3574 841 3635 adhibita,
878 3577 1040 3638 mareau,
1057 3577 1122 3627 boec
1138 3577 1277 3627 womero
1292 3577 1406 3628 marae

316 3649 389 3702 haud
411 3662 473 3699 raro
494 3649 629 3714 podagrae
651 3648 758 3700 dolores
780 3661 844 3699 exa·
875 3650 989 3713 parietate
1004 3652 1118 3715 etrtopet.
1144 3651 1407 3702 idemdeuitabea-

317 3727 412 3782 cuunt;
439 3726 467 3774 ut
484 3725 661 3789 symphoniae
679 3737 776 3775 nervos
794 3736 844 3773 au·
880 3729 906 3775 ta
924 3726 967 3786 tt,
986 3725 1014 3775 ³:
1036 3727 1094 3776 Vade
1109 3725 1153 3777 boa
1169 3727 1266 3777 eosdem
1283 3727 1407 3790 (Nomen-

316 3802 410 3853 ditoris
434 3801 612 3851 vehementer
632 3801 748 3859 irritant,
781 3811 843 3848 curn
880 3802 971 3850 baum
989 3801 1017 3850 et
1033 3801 1163 3864 Apicium)
1181 3805 1406 3866 emqpertnroaae

318 3877 377 3942 quis
395 3877 505 3940 propter
517 3873 637 3925 sordium
650 3873 750 3924 coitum
763 3870 841 3936 (Cels.
878 3879 1015 3938 spectantes
1030 3875 1152 3938 popinam
1167 3889 1255 3938 mern,
1274 3889 1350 3927 ema
1359 3891 1406 3926 uo-

317 3953 347 4012 o,
365 3951 400 4012 7.)
419 3947 669 4000 auribuslaborat.·
685 3975 711 3984 -
723 3947 843 4013 fencota]
879 3962 936 3998 cmo
952 3961 1026 4010 roeo,
1048 3950 1194 4011 spectocotta
1210 3951 1307 4012 cados,
1329 3963 1407 4013 aepo-

317 4027 346 4076 in
369 4025 449 4076 variis
469 4023 603 4088 podagrae
624 4020 768 4086 generibus
790 4023 844 4072 uti·
879 4023 949 4074 ribus
961 4025 1079 4086 potatum
1090 4025 1325 4078 moderantes.
1343 4027 1409 4077 ilot-

318 4113 371 4164 qne
383 4099 547 4150 adhibebant
559 4095 644 4148 ceiida
654 4095 773 4148 tomenta
785 4097 841 4161 (cir.
879 4099 943 4150 tibur
964 4099 1106 4160 leuibatrqce
1126 4101 1242 4164 scembs
1262 4106 1344 4152 marm
1364 4101 1408 4151 ta-

319 4174 428 4226 Celsum
445 4173 473 4234 t,
493 4171 534 4224 ht.
565 4171 780 4232 minuitas,
799 4173 841 4234 22,
879 4174 982 4224 cessitate
997 4187 1085 4224 eoram
1105 4186 1197 4238 corpor
1216 4180 1253 4237 et,
1279 4189 1311 4226 ne
1331 4187 1408 4226 aem

318 4250 379 4313 3i.);
402 4249 445 4299 hic
462 4249 552 4299 autem
573 4247 651 4312 poeta
674 4244 792 4312 loquitur
808 4246 843 4297 de
879 4249 981 4298 {mmm
996 4253 1103 4310 comat,
1121 4248 1240 4300 euentu
1253 4250 1336 4300 omits
1352 4249 1408 4315 iast-

319 4337 365 4387 co,
384 4322 458 4386 quod
474 4323 584 4373 auctore
597 4321 695 4374 eodem
707 4321 785 4374 Celso
796 4320 813 4372 l.
825 4321 841 4374 i.
880 4323 948 4373 οιίικ
963 4323 1031 4374 iecor
1046 4325 1098 4389 ipre
1114 4325 1141 4375 ia
1158 4338 1210 4390 qao
1224 4327 1407 4390 waepe-
