3178 4972
574 479 632 528 tut.
653 481 670 528 i.
707 479 804 528 erist.
824 477 888 528 xvi.

235 639 318 711 Neu,
343 635 369 700 si
394 645 423 699 te
448 633 585 720 populus
608 654 722 698 sanum
746 645 898 720 recteque
921 631 1078 698 valentem

234 756 375 830 Diotitet
399 754 557 822 occultam
580 753 701 819 febrem
724 753 784 818 sub
808 764 934 840 tempus
957 753 1073 819 edendi

232 875 439 950 Dissimules‚
464 874 567 941 donec
590 873 737 940 manibus
760 885 880 940 tremor
903 873 1020 940 incidat
1041 873 1154 939 unctis.

234 996 409 1064 Stultorum
431 995 575 1062 incurata
597 994 703 1081 pudor
725 995 828 1060 malus
850 995 960 1061 ulcera
982 995 1072 1062 celat.

234 1119 267 1184 Si
290 1118 363 1204 quis
387 1115 472 1184 bella
494 1115 549 1182 tibi
572 1125 657 1182 terra
681 1127 820 1203 pugnata
844 1117 989 1203 marique
1236 1119 1276 1182 25

240 1289 280 1338 tt.
298 1287 391 1350 semen
408 1285 501 1350 ondp
519 1289 546 1335 et
557 1285 623 1335 Edd.
637 1288 738 1336 tentum
751 1299 804 1334 non
817 1299 911 1336 omnes
924 1287 1012 1348 (etiarn
1025 1285 1158 1336 Bentleius
1169 1289 1196 1334 et
1208 1286 1242 1348 sl:

222 1363 312 1424 [ebm'm
324 1363 349 1418 S.
364 1361 436 1410 ruo.
453 1359 525 1421 (inde
538 1373 561 1407 a.
574 1373 597 1407 v.
608 1360 649 1408 be.
665 1359 754 1408 Codex
768 1358 785 1407 d
798 1359 888 1408 deficit
900 1371 985 1421 usque
997 1359 1030 1408 ad
1043 1359 1125 1422 Epist.
1140 1361 1179 1418 li,
1192 1361 1243 1420 29.)

191 1509 332 1570 odeleus,
350 1509 578 1572 dpuisideperet,
590 1513 632 1566 ut,
651 1521 717 1568 qua-
753 1509 850 1556 lorum.
878 1507 954 1556 «Neu
969 1505 1034 1557 lalso
1046 1507 1276 1571 quodampudore

191 1586 222 1633 tis
235 1583 320 1634 hebed
330 1583 413 1642 uellet,
432 1583 490 1631 tetis
501 1587 586 1631 esset„
607 1579 715 1631 Publius
752 1579 889 1638 inductus,
909 1583 1018 1644 propter
1034 1579 1207 1632 multitudinis
1219 1583 1278 1646 opi-

192 1661 287 1721 Syrus:
308 1657 372 1718 Quid
384 1657 484 1718 ipsesis,
498 1655 716 1718 neuquidtcbee·
752 1655 859 1704 nionem
877 1667 908 1702 ac
926 1654 1065 1715 iudicium,
1084 1668 1116 1704 ex
1133 1667 1185 1718 quo
1204 1658 1276 1706 recte

191 1733 240 1791 ris,
266 1731 374 1780 interest.
411 1727 558 1792 Aeschylus
575 1729 600 1778 S.
624 1741 647 1778 c.
666 1729 713 1778 Tb.
751 1727 839 1788 vales,
859 1727 930 1778 celes
948 1727 1065 1778 subitam
1079 1728 1173 1778 febrim
1186 1742 1276 1780 coram

191 1805 248 1856 592.
263 1805 296 1853 de
309 1804 482 1867 Amphiarao:
503 1796 543 1852 Οὐ
555 1798 716 1872 γὰρδοκεϊν
752 1801 870 1850 convivis
887 1813 997 1852 mensae
1016 1803 1076 1851 luae
1094 1801 1278 1852 accumbenti-

191 1874 322 1950 ἄριστος,
341 1870 401 1926 ἀλλ’
420 1872 493 1926 εἶναι
509 1875 596 1926 θέλει.
752 1876 830 1926 bus.»
853 1903 880 1911 -
899 1875 1001 1939 tremor]
1025 1875 1196 1937 Roranam,
1224 1889 1276 1940 qua

225 1951 324 2004 l8-il.
350 1953 477 2001 lactamus
488 1979 501 1988 -
512 1951 616 2000 omnis-
628 1947 715 2012 Runa]
753 1949 836 1999 lerme
854 1949 1018 2010 coenabant,
1046 1947 1135 2000 lebres
1154 1950 1279 2012 ingrave-

191 2028 239 2077 Od.
262 2026 294 2088 l,
315 2027 348 2084 Ξ,
369 2027 415 2075 50:
444 2026 553 2076 diceros
568 2051 582 2061 -
594 2052 609 2061 -
624 2023 717 2074 Codes
752 2036 829 2074 scere
841 2022 936 2074 solent.
946 2049 973 2060 -
984 2022 1072 2088 ouem]
1085 2025 1141 2072 iure
1152 2026 1179 2074 et
1187 2024 1275 2088 adipe.

191 2103 278 2150 mauu.
297 2099 381 2164 Epod.
396 2101 440 2160 lii,
456 2099 501 2149 36:
526 2099 622 2148 Eamus
638 2099 717 2148 oinuis
752 2097 826 2148 Ovid.
840 2101 869 2150 Α.
883 2101 913 2150 Α.
927 2099 956 2161 3,
976 2099 1039 2150 toa:
1059 2099 1139 2162 Carpe
1156 2099 1222 2150 cibos
1238 2101 1279 2148 di-

191 2175 429 2225 ecsecrotocioiias.
444 2174 482 2224 Cl.
494 2171 624 2223 ibidus.
636 2173 714 2236 lbsq.
751 2173 825 2235 pitin·
843 2177 877 2222 eat
894 2175 997 2234 quidm
1013 2177 1095 2236 pestus
1106 2174 1206 2224 edendi:
1225 2173 1278 2223 Ora

194 2277 219 2285 -
234 2249 340 2312 beatum]
360 2247 533 2312 probabiliter
547 2249 716 2298 nonuntum
752 2259 796 2296 aee
820 2247 950 2296 morundo
975 2252 1028 2298 tote
1050 2260 1162 2311 popupe
1188 2251 1276 2298 mauu.

191 2327 301 2389 propter
326 2337 404 2388 opes,
432 2323 480 2374 sed
507 2325 586 2374 etiam
606 2326 717 2388 propter
753 2319 941 2384 Compluribus
957 2319 1079 2370 versibus
1101 2321 1172 2370 hunc
1189 2319 1278 2372 locum

191 2401 324 2458 bonores,
358 2409 425 2461 quos
451 2399 504 2447 iam
530 2401 587 2448 tum
611 2398 717 2448 videtur
752 2395 868 2445 imitatus
886 2394 1227 2455 estPersius3‚88-i02.
1249 2423 1276 2431 -

190 2473 315 2536 gessisse.
344 2473 398 2522 Cic.
413 2471 446 2521 de
467 2473 588 2536 Legg.l,
607 2473 650 2530 tt,
669 2471 713 2521 32:
753 2469 879 2534 liemcule]
907 2471 987 2533 «quia
1005 2469 1110 2519 medico
1128 2481 1183 2518 nou
1200 2481 1279 2519 mon·

190 2549 295 2608 Propter
310 2547 443 2596 bmwstotis
459 2551 482 2595 et
492 2547 590 2610 glorios
600 2547 717 2596 similitu-
753 2547 882 2605 struatur,
908 2545 965 2595 sine
984 2546 1120 2594 curatione
1140 2547 1277 2594 manent.»

190 2623 289 2684 dim,
316 2622 415 2680 beati,
443 2621 486 2682 poi
510 2619 626 2670 honorati
649 2625 715 2680 suut,
755 2646 783 2655 -
798 2621 883 2680 pudor
901 2616 993 2683 malus]
1017 2619 1046 2668 Α.
1064 2619 1092 2668 P.
1114 2617 1168 2677 883
1183 2619 1280 2682 prudeus

189 2697 313 2746 uiderim.
330 2721 356 2730 —-
370 2707 447 2756 quom
459 2694 510 2756 tibi]
529 2695 583 2744 Cic.
597 2695 630 2744 ad
644 2695 715 2744 Fam.
750 2705 839 2754 proce.
853 2694 932 2742 Notat
943 2693 1013 2742 banc
1024 2687 1173 2741 δυσωπίαν
1185 2690 1278 2742 Celsus

191 2769 300 2830 Mi:
330 2770 417 2818 Tecum
434 2769 547 2830 bacae,
567 2767 676 2830 (Curio‚)
695 2773 718 2816 te
754 2769 783 2826 3,
800 2769 829 2816 2:
857 2767 942 2828 Neque
961 2765 1128 2826 dubiumst,
1156 2765 1300 2827 quincta,

191 2843 278 2893 adhibe
304 2843 330 2891 iu
354 2843 498 2902 consilium,
527 2846 550 2890 ie
573 2841 647 2900 audi,
674 2840 718 2890 tibi
754 2841 900 2902 quisquam,
927 2841 971 2900 qui
987 2853 1037 2888 uou
1054 2839 1278 2898 dissimulauit,

191 2917 340 2979 obtempera.
358 2919 459 2966 Seneca
472 2915 553 2980 Epist.
567 2915 612 2976 8⁰,
626 2915 655 2964 9:
674 2917 717 2964 lu·
753 2915 794 2964 sed
815 2927 864 2976 per
888 2913 1063 2962 abstinentiam
1078 2917 1178 2962 mature
1193 2911 1281 2962 morbo

192 2997 231 3041 tus
242 2996 264 3041 te
276 2993 327 3054 ipse
337 2991 482 3040 considero:
494 3003 569 3050 uano,
583 2989 716 3052 aeclissis,
753 2989 877 3050 occurrit,
896 2993 1014 3052 aegrotet.

191 3066 346 3114 oliiscredis.
362 3093 389 3100 -
409 3064 488 3112 alium
504 3063 623 3126 sapiente]
649 3065 714 3128 Epp.
786 3061 891 3113 uti-29.
924 3061 987 3111 belle
1009 3061 1053 3110 tibi
1075 3065 1145 3111 tero
1164 3069 1281 3126 poenale

191 3139 334 3200 aestio:
362 3139 427 3188 alius
443 3139 558 3200 Lysippo.
585 3137 669 3185 Varro
687 3139 715 3188 ll.
752 3139 869 3198 morique
880 3137 963 3198 Dicat]
982 3135 1228 3200 lungebeltdtibila
1243 3138 1277 3199 tel

192 3215 220 3264 u.
235 3213 259 3274 3,
271 3212 368 3274 ibid:
388 3211 715 3273 quodesialiudmeilecet.
752 3217 866 3276 popiola
888 3211 931 3274 (de
949 3223 1002 3274 quo
1019 3210 1108 3259 dativo
1127 3210 1158 3260 cl.
1178 3211 1226 3260 Od.
1245 3213 1277 3270 2,

191 3287 287 3338 Brutus
305 3287 338 3336 ad
355 3287 498 3337 Antonium
520 3285 591 3350 apud
609 3287 663 3335 Cic.
683 3287 717 3336 ad
754 3288 783 3350 6,
803 3287 853 3350 il.)
872 3301 941 3336 non:
970 3286 1013 3336 tilii
1037 3287 1103 3335 dicat
1124 3285 1196 3336 bella.
1233 3288 1280 3338 «si

192 3363 264 3411 Fam.
278 3363 304 3410 ii
318 3401 323 3422 ,
338 3362 367 3420 ἲ,
385 3362 413 3410 2:
432 3363 630 3422 necquidquam
647 3361 718 3410 eliud
754 3363 814 3426 quis
840 3373 931 3410 coram
953 3362 979 3409 te
1001 3362 1135 3410 memoret
1160 3373 1204 3410 res
1221 3374 1236 3410 a
1255 3363 1280 3410 te

191 3435 304 3484 libertate
320 3436 445 3484 conmuni
464 3437 594 3497 quaesisse.
624 3436 717 3486 Graeci
754 3439 826 3486 terra
843 3436 964 3498 marique
983 3432 1024 3484 vel
1036 3437 1153 3498 Augusto
1169 3435 1226 3500 ipso
1239 3433 1281 3485 rel

191 3501 348 3558 dilectori
367 3505 479 3569 σοφοῦ,
505 3511 535 3558 ut
556 3507 629 3558 Plato
647 3511 715 3559 lieo.
753 3512 787 3562 ll.
805 3511 921 3573 Agrippa
942 3509 1010 3559 duce
1035 3511 1135 3572 gestas,
1155 3511 1183 3558 et
1200 3511 1281 3560 nimia

191 3596 218 3647 p.
232 3581 273 3633 88.
284 3583 327 3632 n:
351 3574 422 3632 ἄλλο
440 3580 610 3649 ἐπιστήμης.
632 3611 659 3620 -
677 3597 718 3633 so-
753 3581 904 3634 adulutione
923 3595 987 3634 usus
999 3583 1142 3648 subiungat
1153 3586 1233 3646 atque
1246 3583 1280 3632 ad

190 3671 252 3706 uum
267 3657 521 3723 rectequevaleetem]
541 3659 587 3708 Est
604 3657 716 3708 lormula
754 3660 780 3708 te
802 3657 918 3724 applicet
937 3671 1032 3708 uersus
1054 3671 1068 3706 a
1086 3657 1165 3706 Vario
1183 3658 1209 3706 in
1226 3658 1281 3707 Au-

192 3730 324 3780 sermonis
339 3731 497 3793 quotidiani,
516 3731 674 3792 oblitterata,
689 3735 718 3781 ut
754 3733 823 3796 gusti
832 3731 927 3782 laudes
937 3743 1023 3796 nuper
1031 3730 1282 3794 compositos,baec

146 3807 164 3860 ,“
191 3803 716 3868 vidimus,Epp.i,7‚3.-Dissimules]
755 3806 810 3856 lere
829 3805 939 3857 dicens:
960 3805 1027 3854 Cum
1042 3804 1120 3867 igitur
1130 3805 1218 3854 virum
1231 3803 1282 3853 lor-

192 3877 249 3928 Hoc
265 3877 441 3940 redducere,
460 3878 569 3930 stultum
582 3893 651 3940 esse,
671 3881 717 3942 qui
756 3881 887 3930 tissimum
904 3881 930 3930 te
949 3879 1113 3943 praestiteris
1128 3879 1154 3928 et
1166 3879 1252 3928 civem
1266 3893 1280 3928 e

192 3953 271 4002 animi
295 3950 417 4013 morbos,
445 3954 471 4003 id
495 3956 550 4012 est,
578 3953 639 4002 vitia
658 3953 717 4002 ideo
754 3953 921 4016 republica,
941 3952 1283 4018 luppiterseruetinam-

192 4027 306 4076 maxime
325 4024 407 4088 celat¹
427 4041 461 4076 ne
474 4027 639 4090 corrigantur
651 4039 665 4076 a
677 4039 719 4076 sa·
755 4026 835 4090 biguo
854 4031 922 4078 cot.»
958 4029 1015 4078 Non
1032 4028 1090 4076 sine
1108 4030 1164 4076 arte
1182 4027 1234 4084 sic,
1253 4028 1283 4076 ut

191 4100 384 4164 pientioribus,
404 4115 519 4164 quorum
536 4102 634 4166 optima
653 4115 718 4152 con·
756 4115 804 4153 nos
831 4103 1050 4166 interpretamur,
1075 4103 1129 4151 tres
1153 4114 1205 4150 una
1224 4099 1281 4150 lau-

192 4171 248 4225 sflia
267 4173 290 4222 ei
309 4173 419 4225 molesta
438 4177 507 4226 sunt.
544 4176 594 4224 Pro
615 4175 671 4238 ipsa
688 4189 717 4225 re
755 4177 865 4234 dantur,
885 4177 1005 4235 Quintius
1023 4176 1133 4238 propter
1150 4174 1282 4224 tortitudi-

192 4249 282 4298 autem
295 4247 430 4312 duplicem
448 4250 522 4313 ponit
535 4249 678 4312 imaginem
692 4251 719 4300 ei
755 4264 817 4300 nem
835 4250 861 4299 in
874 4247 950 4298 bellis
963 4247 1178 4311 comprobatum,
1195 4251 1282 4312 Augu·

192 4319 277 4374 lebris
300 4325 328 4372 et
349 4322 469 4373 ulcerum
487 4321 582 4373 stolide
600 4321 718 4374 occulta·
755 4327 811 4374 stus
838 4323 903 4384 dux,
930 4323 1024 4372 Varius
1052 4325 1170 4385 Augusto
1187 4321 1283 4384 dignus

283 4413 374 4460 llouur¹
394 4425 450 4460 von.
468 4415 494 4460 ll.
526 4425 565 4459 eo.
582 4425 632 4460 aar.
651 4414 686 4460 lii.
1053 4413 1081 4459 il
