3156 4972
294 433 355 499 358
678 415 1006 486 nonnnisirnnnuu

338 595 406 658 Hoc
419 593 521 678 magis
534 590 634 656 ulium
650 588 806 668 aliud-·‚
820 589 933 677 pipere
949 586 1031 666 albo,
1049 608 1113 653 non
1126 587 1197 654 sine
1212 597 1313 660 aceto,

337 712 433 792 Quod
455 712 712 800 Methymnaeam
733 711 810 776 vitio
832 710 1003 776 mutaverit
1024 729 1130 776 uvam.
1339 711 1380 773 50

338 837 459 902 Erucas
480 833 616 908 virides,
642 831 745 899 inuias
768 851 830 919 ego
852 831 977 920 primus
1000 851 1127 898 amaras

337 956 509 1024 Monstravi
531 956 725 1043 incoquere,
749 952 866 1020 inlutos
885 951 1036 1021 Curtillus
1059 951 1208 1026 echinos,

337 1079 377 1146 Ut
398 1076 514 1144 melius
536 1078 640 1143 muria
662 1075 752 1164 quod
774 1083 856 1141 testa
878 1074 1001 1140 marina
1023 1074 1170 1141 remittat.

337 1200 464 1266 interea
486 1217 646 1286 suspensa
668 1217 784 1285 graves
806 1195 919 1264 auiaca
941 1197 1051 1263 ruinas

336 1322 370 1386 ln
394 1321 536 1408 patinam
557 1320 676 1396 secere,
701 1318 859 1386 trahentia
880 1316 1024 1405 pulveris
1046 1318 1105 1383 atri

336 1444 498 1523 Quantum
523 1463 587 1509 non
609 1441 725 1529 Aquilo
747 1439 919 1528 Campanis
941 1438 1058 1506 excitat
1080 1438 1175 1526 agris.

335 1565 400 1630 Nos
422 1563 526 1630 maius
548 1563 657 1640 veriti,
681 1571 853 1651 postquam
874 1559 951 1627 nihii
973 1580 1048 1627 esse
1073 1559 1183 1648 pericli

359 1743 400 1793 ὅθ.
417 1747 562 1793 mutaveras
579 1744 617 1793 it.
645 1769 672 1780 —
700 1741 741 1792 δί.
759 1741 851 1792 inlotos
867 1739 910 1790 vel
926 1741 1009 1791 iiintos
1025 1739 1132 1790 neten.
1151 1737 1250 1804 (inlotos
1266 1742 1348 1790 Bent-

325 1816 393 1868 ieins
410 1819 437 1868 et
452 1817 475 1867 J.
511 1818 550 1867 De
569 1816 653 1867 Codd.
672 1818 740 1867 meis
758 1829 830 1867 nune
846 1829 899 1866 non
917 1814 1045 1876 memini.)
1072 1841 1100 1850 —
1122 1814 1162 1864 53.
1182 1817 1249 1876 qnod
1264 1815 1345 1880 bScp,

326 1892 392 1944 Cod.
406 1892 532 1956 Franco:
551 1906 600 1955 quo
617 1891 682 1943 Cod.
696 1891 787 1942 Biand.
800 1893 1011 1954 vetustissimus,
1030 1904 1108 1954 quom
1119 1893 1184 1954 LCt,
1203 1891 1346 1952 Bentleius,

293 2059 386 2112 citabit
401 2059 546 2125 palatum·
575 2061 641 2112 Mire
657 2061 819 2125 interpreta-
856 2072 964 2124 quoque
981 2060 1073 2110 irtiutos
1083 2059 1182 2110 echinos
1196 2059 1381 2124 incoquendos

294 2139 337 2188 tus
363 2138 404 2186 est
424 2133 561 2186 Wieland:
592 2135 729 2185 Cimmerio
752 2135 820 2185 wird
856 2147 965 2185 curasse
994 2134 1165 2186 manifestum
1194 2135 1248 2196 est;
1277 2147 1382 2198 nequa·

291 2209 360 2260 nicht
375 2209 421 2259 mit
440 2209 597 2272 dopmnum,
622 2222 651 2258 er
666 2223 734 2259 mins
756 2209 819 2260 baim
856 2221 937 2272 wem
955 2209 1027 2259 enirn
1038 2209 1094 2270 his,
1112 2206 1270 2258 utncnnuiii
1282 2209 1381 2273 opinati

292 2284 595 2348 Euetdozupetrnniren
605 2285 715 2334 werden
730 2286 820 2334 -Me-
855 2285 932 2343 sunt,
962 2282 1086 2334 substitui
1114 2284 1237 2348 poterant
1264 2283 1381 2346 nocue}

293 2359 466 2422 immensum]
493 2372 508 2408 a
539 2359 708 2420 Methymna,
739 2358 818 2409 Lesbi
856 2358 982 2408 Ceterum
1008 2356 1168 2407 Doederlein
1185 2357 1280 2418 scone
1299 2359 1331 2407 11.
1353 2370 1380 2421 p.

294 2433 401 2498 oppido.
431 2435 470 2485 De
487 2435 548 2484 vino
566 2433 661 2484 Lesbio
680 2433 817 2495 ci.0d.i,
855 2431 897 2483 iii.
922 2431 1058 2494 distinguit
1079 2445 1122 2481 vv.
1146 2431 1246 2493 wotos,
1273 2432 1380 2494 mrpdit,

294 2510 338 2570 ii,
357 2510 398 2559 ti.
415 2533 442 2545 -
455 2509 516 2559 citio
532 2508 676 2572 moimarii]
696 2510 818 2559 «acetum
857 2511 884 2559 et
915 2507 1019 2556 ittuntur
1051 2505 1094 2556 vel
1127 2507 1224 2568 tintus,
1258 2519 1381 2571 ungeuo-

294 2595 327 2634 ex
339 2584 401 2634 vino
418 2582 515 2634 Lesbio
530 2583 683 2633 coniectum
699 2583 774 2645 vitio,
791 2581 819 2632 id
854 2583 936 2632 sehon.
972 2580 1047 2632 Coni.
1067 2583 1157 2631 temen
1175 2582 1272 2642 Sati,
1291 2581 1320 2642 t,
1339 2581 1379 2633 ai.

294 2659 350 2719 est,
377 2657 521 2718 fermento,
551 2658 701 2721 Gditrterp.»
742 2656 817 2708 coni.
858 2683 886 2694 -
906 2657 936 2707 Ut
951 2655 1047 2717 onelios]
1065 2649 1105 2718 ὦς
1116 2657 1255 2727 κρεῖσσον
1266 2647 1310 2704 ὄν.
1341 2653 1379 2706 Ci.

293 2733 346 2784 Sat.
360 2733 390 2794 2,
409 2733 438 2794 2,
456 2733 497 2783 58.
856 2744 881 2781 v.
894 2730 941 2782 89:
959 2736 988 2780 nt
1003 2731 1081 2780 moun
1098 2731 1209 2780 suavius.
1231 2755 1259 2766 -·
1272 2731 1339 2791 qood
1349 2735 1383 2779 te·

855 2811 895 2857 sto
915 2809 1019 2855 mrim
1039 2805 1167 2870 seminat]
1190 2805 1266 2854 iiane
1287 2803 1382 2854 iectio-

326 2881 410 2932 ttae.
428 2882 535 2946 linteos]
547 2882 594 2932 Est
605 2881 725 2934 brassica
737 2897 819 2934 eruca
856 2893 918 2933 nem
931 2879 1052 2944 volgatae
1064 2892 1142 2942 quom
1156 2885 1174 2930 t.
1186 2893 1221 2928 m.
1233 2879 1339 2930 sentiit
1349 2891 1382 2928 ex

295 2957 382 3018 Lino,
400 2957 511 3006 Rouke.
546 2957 600 3008 Has
617 2957 716 3008 virides
733 2969 819 3021 eppo·
856 2955 1083 3020 Coddantiquiss.
1094 2951 1380 3019 auctoritatepraetidi.

295 3043 360 3080 nere
377 3043 408 3080 se
426 3028 550 3081 docuisse
567 3043 621 3081 non
638 3032 695 3082 sine
713 3029 819 3093 φιλαυ-
857 3033 938 3092 «Quia
955 3029 1051 3081 melius
1063 3031 1098 3080 sit
1113 3042 1195 3094 qrmm
1209 3030 1295 3079 muria
1307 3041 1324 3078 a
1335 3041 1383 3079 ce-

294 3105 342 3172 rip
358 3107 462 3166 namet,
489 3117 552 3155 cum
576 3108 653 3156 antea
670 3105 819 3157 seminibus
856 3107 922 3156 turio
946 3107 1120 3169 praeparata,
1147 3115 1228 3168 quem
1251 3103 1294 3154 alii
1320 3102 1382 3153 huie

294 3178 433 3228 dumtaxat
448 3179 483 3229 ad
500 3179 664 3232 condiendos
677 3179 751 3232 cibos
762 3183 820 3232 ute-
856 3181 905 3230 iuri
922 3179 1087 3240 admiscent,
1107 3179 1142 3240 id,
1161 3177 1235 3242 quod
1245 3179 1315 3228 testa
1326 3190 1383 3228 ma-

294 3255 396 3303 rentur.
421 3253 474 3303 Cir.
487 3254 608 3318 Apicium
621 3255 631 3302 i
644 3293 650 3316 ‚
663 3254 705 3304 ai.
725 3255 819 3318 (Eruca
857 3255 928 3311 rina,
954 3252 1043 3304 illutus
1066 3254 1177 3304 echinus
1199 3265 1299 3316 perse
1324 3253 1382 3317 ipse

294 3329 522 3378 autemvenerem
534 3328 639 3378 excitat.
659 3327 817 3380 Ovidiiem.
856 3329 973 3378 remittat
996 3329 1084 3390 (sucus
1106 3328 1164 3378 eius
1184 3325 1310 3378 naturalia
1328 3339 1381 3376 non

295 3402 354 3451 Am.
372 3400 435 3449 799:
460 3401 511 3450 Nec
526 3401 610 3450 minio
626 3414 716 3452 erucas
731 3408 819 3464 optma
856 3403 955 3455 dilutus
972 3417 1041 3468 aqua
1059 3402 1165 3468 dulcit.»
1195 3404 1284 3454 Lectio
1304 3415 1384 3465 pauor

294 3480 329 3524 est
338 3475 421 3524 nitore
431 3475 538 3537 sulcen,
554 3476 587 3524 Et
598 3477 719 3539 quidquid
734 3479 820 3529 Veteri
857 3481 915 3529 orta
941 3482 983 3530 est
1007 3493 1039 3528 ex
1070 3477 1318 3530 accommodatione
1347 3477 1382 3528 nd

293 3562 403 3612 corporo
417 3554 506 3599 nostra
519 3549 621 3614 parat.)
641 3579 668 3587 -
685 3552 820 3602 innuen
856 3566 916 3604 voc.
929 3555 1050 3618 proxime
1068 3554 1245 3613 antecedens;
1269 3555 1297 3603 et
1315 3565 1382 3604 eon·

294 3624 408 3689 notares]
433 3624 539 3674 Aiunt.
577 3626 631 3674 Sat.
654 3627 685 3687 2,
713 3627 743 3688 2,
770 3627 817 3678 ii:
856 3629 988 3679 iunctivus
1005 3629 1136 3692 significat
1152 3628 1222 3678 hanc
1239 3641 1254 3677 a
1272 3625 1382 3678 Curtfflo

295 3699 505 3750 acidos-inuios.
529 3701 568 3749 De
580 3696 667 3749 inulae
679 3701 819 3752 conditura
857 3703 945 3753 afferri
973 3704 1115 3754 rationem.
1153 3702 1259 3754 Codicis
1286 3700 1380 3752 Biand.

294 3773 528 3838 iegeCoium.i2,
545 3774 585 3826 ie.
600 3775 818 3840 -ioiotosianon
856 3776 934 3828 lectio
960 3791 1009 3840 qno
1024 3803 1034 3814 -
1049 3803 1062 3814 -
1077 3777 1195 3838 roomo,
1222 3779 1280 3826 orta
1306 3787 1383 3826 mero

293 3861 364 3912 aqua
381 3848 453 3900 duici
469 3848 549 3910 lotos,
569 3861 623 3914 quo
640 3852 759 3901 marinae
775 3864 819 3902 sa·
855 3849 955 3902 librarii
983 3865 1074 3903 errore
1103 3865 1136 3902 ex
1169 3865 1233 3902 vera
1266 3850 1383 3902 lectione

295 3939 345 3990 por
365 3927 396 3978 iis
418 3925 579 3987 decederet,
606 3927 716 3978 echinos
740 3941 819 3991 prae·
857 3929 936 3990 pund,
966 3928 1040 3978 omni
1065 3939 1148 3978 sensu
1173 3925 1300 3978 destituta
1325 3929 1381 3984 est,

295 4003 457 4053 stantissimo
478 4003 540 4053 huic
564 4004 613 4052 iuri
635 4005 737 4054 muriae
760 4003 819 4056 ioco
857 4004 907 4054 etsi
924 4002 1015 4054 nescio
1037 4001 1097 4064 quis
1119 3999 1251 4065 explicare
1272 4002 1383 4050 conatus

294 4075 397 4139 primus
408 4078 554 4141 incoquere
567 4078 657 4128 docuit
668 4075 819 4139 Curtilius»
857 4080 898 4128 est
916 4090 978 4140 «eo,
1000 4076 1100 4140 quod.»
1129 4074 1267 4138 volgatam
1289 4074 1383 4126 iectio-

294 4147 382 4199 heiiuo
394 4151 509 4214 ignotus,
522 4153 566 4202 cui
577 4150 702 4216 gloriolae
713 4155 818 4216 partem
856 4163 919 4202 nem
937 4165 1014 4215 mium
1024 4151 1098 4202 varie
1111 4149 1255 4215 explicant:
1274 4149 1298 4212 i)
1312 4161 1383 4198 nme-

294 4221 408 4275 iihenter
425 4225 511 4288 cedit,
530 4239 584 4292 quo
601 4225 743 4278 ertiiicinm
760 4239 820 4290 per·
855 4224 905 4276 iius
927 4227 1026 4287 muris,
1053 4238 1123 4290 quae
1149 4225 1324 4290 praeparatur
1349 4233 1381 4271 ex

294 4299 389 4350 iecisse
400 4301 457 4365 ipse
470 4301 601 4352 videatur.
637 4301 818 4364 (nasidienum
856 4299 993 4353 conchuiis
1004 4301 1114 4354 marinis
1122 4314 1145 4360 ;»
1157 4301 1181 4362 ii
1192 4299 1302 4357 «muria,
1313 4307 1381 4360 ‘11¹³‘
