3192 4974
281 443 344 509 qqq
643 423 772 496 nonnul
789 445 1008 521 urrsmmnuu

323 603 431 669 Prima
453 602 540 668 ieres
560 601 705 668 hederae
728 602 869 670 victricis
891 603 1045 691 praemia.
1090 601 1214 682 Quodsi
1332 603 1373 668 25

324 723 453 812 Frigida
475 722 791 790 curarumiomenta
814 724 997 813 relinquere
1021 743 1152 811 posses,

325 847 398 925 Quo
423 855 453 911 tc
475 845 625 912 caelestis
648 845 805 933 sapientia
829 846 977 924 duceret,
1003 847 1077 913 ires.

326 969 396 1034 Hoo
418 987 517 1054 opus,
541 965 603 1033 hoo
625 966 768 1033 studium
790 969 879 1055 parvi
903 987 1118 1056 properemus
1140 977 1173 1033 et
1194 967 1307 1054 ampli,

328 1090 361 1155 Si
385 1088 508 1177 patriae
530 1086 694 1168 volumus,
720 1089 746 1156 si
770 1087 864 1156 nobis
886 1089 996 1157 vivere
1019 1090 1095 1158 oari.

348 1325 390 1375 29.
409 1325 468 1376 ioci
484 1337 511 1388 p.
545 1353 561 1360 -
580 1323 620 1374 30.
639 1325 669 1387 si]
686 1325 718 1374 cit
734 1325 819 1389 belip,
837 1339 878 1391 pr.
898 1327 924 1387 S,
940 1324 978 1392 βγ
989 1327 1016 1376 et
1027 1337 1121 1376 omnes
1135 1325 1250 1375 Poitierii
1262 1337 1342 1389 prae·

315 1402 358 1449 ter
371 1411 454 1448 uuum
467 1396 537 1460 (iz),
550 1399 614 1448 item
627 1398 678 1450 CO.
699 1399 738 1461 (ιιι
752 1411 812 1462 nos,
825 1399 857 1462 d,
876 1403 908 1463 ζκ
920 1402 947 1450 et
958 1413 1027 1450 oorr.
1042 1401 1077 1462 S.)
1090 1425 1120 1436 -
1133 1411 1211 1450 curua
1220 1404 1256 1449 est
1265 1399 1344 1450 Bent-

316 1475 383 1526 leius
392 1476 591 1526 conlacione·
602 1475 643 1525 st.
656 1476 785 1525 numatius
796 1475 822 1525 d.
838 1499 865 1510 -
880 1475 921 1524 32.
931 1474 1084 1538 nequiquam
1093 1472 1162 1524 boli:
1174 1474 1343 1536 nequicquam

282 1701 427 1752 venustum
451 1699 533 1762 atquc
559 1697 667 1762 elegans
692 1699 809 1750 cuiusvis
847 1697 914 1762 m'dis
932 1697 989 1749 istis
1001 1710 1127 1748 curarum
1145 1695 1285 1757 lomentis,
1303 1708 1373 1760 quae

283 1773 389 1835 generis
407 1785 543 1824 carmen.»
558 1799 586 1808 -
598 1773 811 1836 iaderae-prue-
846 1785 914 1824 vana
931 1772 1056 1824 videntur
1072 1776 1182 1837 poetae,
1200 1771 1300 1823 relictis
1317 1772 1376 1823 nul·

281 1850 344 1914 mic]
362 1851 473 1914 Proprie
491 1847 607 1899 refertur
623 1849 659 1899 ad
675 1850 810 1914 politicam
846 1846 907 1899 lane
925 1848 1034 1898 omnino
1050 1848 1170 1898 remedia
1188 1847 1317 1898 adhibere
1332 1849 1375 1898 iu-

283 1922 435 1974 iacultatem
458 1926 569 1988 propter
588 1924 736 1986 Bacchum,
765 1923 809 1987 qui
847 1921 929 1974 betur
955 1923 1076 1973 amicus?
1104 1923 1176 1972 Tune
1202 1935 1267 1986 ergo
1292 1935 1373 1974 curae

282 1997 396 2048 Pindaro
413 1998 515 2060 Dlthyr.
535 1999 577 2048 Fr.
596 1997 624 2059 3,
643 2000 668 2049 t.
688 2001 729 2050 est
745 2012 810 2048 κισ-
848 2009 911 2048 eum
923 2009 1022 2048 vexere
1033 1998 1153 2060 pergent.
1190 1997 1289 2056 Quodsi
1300 1997 1373 2049 hunc

283 2069 404 2134 σοδέτας
426 2069 504 2134 θεός.
536 2071 574 2122 Ci.
594 2072 643 2123 0d.
663 2074 694 2133 i,
719 2073 748 2134 l,
766 2072 808 2122 29.
848 2083 958 2124 sensum
976 2073 1126 2136 exprimere
1143 2071 1271 2123 voluisset
1287 2073 1373 2123 Hora-

282 2147 349 2198 lum
366 2159 417 2212 per
433 2159 544 2210 zeugma
556 2147 673 2211 pertinet
684 2147 765 2197 etiam
776 2146 810 2196 ad
848 2149 916 2206 tius,
943 2146 1034 2211 utique
1058 2145 1109 2195 hoe
1131 2145 1221 2196 dicere
1239 2145 1372 2198 debebat:

284 2225 373 2271 uetera
386 2221 453 2272 Flori
465 2221 568 2281 studia,
583 2220 715 2285 inquibus
727 2223 811 2273 omnl-
849 2219 992 2284 «Relinque
1009 2233 1093 2282 vana,
1112 2216 1230 2291 ψυχρά,
1249 2221 1318 2271 haec
1334 2234 1376 2272 re-

283 2294 335 2346 bus
361 2307 424 2346 eum
451 2296 552 2360 primas
577 2297 669 2359 partes
694 2294 810 2348 laturum
848 2294 951 2356 media,
971 2293 1084 2345 stillico
1102 2295 1373 2360 quaereelfleuciora,

285 2367 434 2434 pollicetur.
848 2383 927 2422 curas
955 2381 1066 2435 prorsus
1094 2369 1275 2435 depulsurum
1311 2371 1374 2434 (iam

317 2444 407 2495 ιι-ιιι.
433 2443 538 2508 lliqidu
554 2457 676 2494 uuonan
692 2445 810 2511 [οιιιοιιιιι]
849 2446 962 2496 Cerutus
974 2445 1013 2495 sie
1024 2444 1080 2495 iere
1092 2442 1254 2508 explanavit,
1268 2447 1298 2495 ut
1309 2457 1372 2494 nos:

284 2521 371 2571 linum
387 2519 481 2569 vitium
505 2519 531 2568 in
549 2520 636 2569 amieo
659 2517 743 2570 libere
766 2533 812 2570 re·
849 2519 966 2579 cQuodsi
988 2532 1021 2571 ex
1043 2519 1132 2569 animo
1157 2521 1204 2568 tuo
1226 2517 1374 2584 expelleres

284 2592 438 2657 prehendit,
458 2593 531 2656 quod
547 2594 570 2644 is
584 2605 706 2658 quoque,
726 2597 755 2644 ui
766 2607 811 2645 ae·
848 2595 978 2657 pecuniae
996 2592 1114 2644 studium
1131 2596 1177 2644 aui
1198 2592 1269 2645 nulla
1287 2593 1375 2644 ambi-

285 2665 403 2731 quaiium
426 2665 562 2731 plerique,
591 2668 672 2718 nimio
695 2667 761 2719 lucri
784 2671 812 2720 et
849 2669 919 2718 tione
937 2668 1107 2728 detinereris,
1127 2681 1196 2732 quae
1209 2671 1277 2720 ⁴sunt
1294 2681 1374 2719 cura·

285 2742 413 2804 quaestus
429 2739 518 2790 studio
534 2739 697 2804 indulgebat.
728 2743 811 2794 Curu-
848 2756 922 2805 rum,
942 2742 1040 2806 quibus
1057 2745 1176 2805 venaris,
1195 2743 1328 2804 lomenia,
1347 2747 1375 2794 ei

284 2829 343 2866 cum
358 2817 469 2880 sentenia
480 2815 507 2864 h.
521 2813 539 2864 l.
552 2815 693 2867 maniieaio
705 2820 767 2868 sunt
779 2831 810 2868 aa
848 2831 918 2883 quae
934 2815 1012 2882 plane
1029 2820 1056 2868 te
1073 2817 1196 2881 inigidum
1211 2818 1329 2870 reddunt
1339 2817 1373 2869 ad

284 2890 414 2951 lomenia,
440 2901 509 2953 quae
532 2902 612 2940 ouras
630 2889 705 2942 Floro
722 2893 811 2958 impo-
847 2893 919 2943 hene
935 2891 1070 2956 agendum
1088 2894 1167 2955 cet»)
1186 2919 1215 2930 -
1234 2894 1375 2957 adinquoe

285 2969 365 3027 nunt,
391 2965 419 3015 id
444 2965 498 3026 esi,
525 2965 656 3028 pecuniae
680 2966 810 3030 cupiditas
844 2966 936 3032 posses]
955 2967 1016 3017 ullis
1028 2979 1042 3016 a
1056 2966 1156 3028 aurien
1175 2967 1270 3030 lnquit,
1290 2967 1329 3018 «sl
1345 2965 1375 3018 li-

285 3042 366 3104 nique
383 3038 506 3098 ambiiio;
533 3039 585 3089 hae
603 3042 693 3090 eutem
717 3039 811 3104 paula·
847 3043 945 3093 iterare
962 3045 988 3092 te
1006 3055 1114 3107 posses,
1133 3041 1266 3094 nihilium
1284 3043 1374 3094 teim-

284 3114 358 3165 latim
374 3113 529 3178 resiluerunt
545 3127 576 3165 ac
597 3115 735 3166 retardant
755 3117 811 3181 spi·
847 3117 953 3182 pediret
969 3129 1023 3181 quo
1046 3117 1135 3168 miuus
1152 3117 1264 3169 οασιοιιιι
1281 3119 1374 3182 (maxi-

285 3190 351 3240 rltus
368 3190 566 3254 generosiores,
585 3189 714 3241 hebetant
734 3191 811 3253 iuge·
848 3205 892 3242 me
920 3189 1044 3242 sublimia
1072 3203 1196 3254 quaeque
1224 3193 1374 3256 appetentis

285 3265 372 3326 ulum,
396 3264 557 3315 imminuunt
577 3265 709 3328 poeticam
728 3263 811 3315 iacul—
848 3269 1003 3329 terramque
1037 3265 1220 3330 despicientis)
1255 3267 1374 3331 philoso-

285 3341 377 3389 tatem.
396 3337 473 3402 Apul.
486 3340 592 3390 Metam.
605 3339 631 3401 8,
649 3339 677 3388 ιι
703 3339 812 3402 fomento
848 3342 927 3406 phiae
944 3341 1096 3405 praeceptis
1113 3340 1372 3406 catalanensesque

284 3413 468 3464 connuncdints
488 3417 646 3472 mustum.
684 3415 811 3465 Ceterum
848 3413 1078 3479 obtemperares.»
1104 3439 1131 3450 -
1154 3415 1207 3465 Hoc
1232 3416 1302 3482 opus]
1328 3429 1373 3467 sa-

286 3487 439 3551 intonantis
447 3486 656 3550 pipinisnullum
670 3481 812 3552 inastdgci-
848 3489 977 3554 pientiae;
1004 3501 1066 3550 optu
1087 3489 1121 3539 ad
1144 3490 1294 3553 actionem,
1319 3497 1373 3541 titt-

285 3575 400 3634 μωρον,
419 3573 481 3612 eum
499 3559 592 3612 Celsus
609 3563 735 3625 quattuor
752 3576 812 3613 me·
848 3564 918 3614 diurn
934 3562 969 3613 ad
985 3562 1110 3633 θεωρίαν
1122 3563 1246 3615 reiertur.
1259 3593 1287 3602 -
1296 3568 1373 3628 parui

286 3639 374 3688 moret
390 3648 504 3699 genera,
522 3633 721 3701 ealidairlgida,
740 3638 811 3688 sicca
847 3643 896 3689 -et
921 3637 1009 3702 ncipit]
1037 3651 1132 3689 averae
1155 3640 1301 3703 sapientiae
1324 3653 1373 3692 uos

286 3711 404 3763 humida.
436 3709 491 3774 (alii
515 3709 638 3774 quidem,
664 3715 695 3762 ut
717 3713 812 3764 incolis
848 3713 984 3763 tenuiores
1001 3725 1113 3777 operam
1128 3713 1193 3764 dara
1211 3727 1374 3780 aequepos·

286 3787 358 3851 apud
385 3783 545 3847 Obbarium,
584 3787 809 3851 interpretantur:
848 3799 990 3838 sumasne
1011 3787 1106 3840 dinies
1128 3791 1155 3839 et
1177 3789 1324 3841 honorati.-
1344 3817 1371 3826 -

287 3863 413 3926 «sunento
429 3861 521 3910 contra
538 3872 631 3922 ouras,
656 3859 690 3910 ad
708 3873 754 3911 eas
772 3859 812 3911 le-
845 3862 1016 3926 properaturo]
1035 3863 1089 3914 Cir.
1107 3863 1142 3913 ad
1159 3865 1263 3928 lippi,
1281 3865 1312 3926 ι,
1331 3864 1371 3914 et.

286 3934 402 3996 vandas,
426 3934 563 3998 imposita,
586 3932 636 3984 sed
651 3933 759 3998 piciclo,
784 3935 812 3985 id
849 3963 878 3973 -
897 3937 1067 4002 nobie-corn]
1085 3938 1139 3988 Sici
1155 3951 1231 3990 conss
1247 3941 1301 4000 esi,
1327 3937 1372 4001 qul

287 4011 342 4068 esi,
366 4007 486 4060 remedia
503 4021 584 4070 vane,
611 4007 711 4070 inania,
738 4007 812 4058 dui-
848 4023 942 4062 seeum
959 4011 1372 4076 ipseuondissidcineohabet,

287 4079 394 4156 utq‘pca
417 4078 521 4152 ψυχρὰ
545 4079 718 4154 μεριμνῶν.»
757 4085 811 4134 Ve—
848 4097 897 4134 cur
913 4085 1060 4150 quidquam
1077 4099 1241 4153 magnopere
1252 4089 1279 4139 iu
1291 4099 1374 4139 aere·

287 4169 359 4220 rum,
378 4158 414 4207 iia
426 4157 449 4207 si
461 4157 685 4222 interpretabere,
704 4169 758 4208 non
770 4170 812 4208 sa·
847 4157 998 4222 prehendat
1023 4164 1074 4211 oet.
1101 4162 1167 4227 Epp.
1190 4164 1218 4224 ι,
1242 4163 1286 4222 48,
1310 4161 1370 4212 tui:

287 4233 321 4283 tis
332 4231 481 4282 sententiae
492 4233 616 4283 convenit
625 4246 651 4283 v.
661 4231 809 4296 reiimucre
849 4233 915 4294 occid
929 4235 1028 4285 ιιιιιιιιιιι
1044 4249 1134 4298 cuns,
1153 4237 1213 4298 quid
1229 4241 1253 4286 te
1263 4235 1374 4288 ιιιιναι-

288 4305 357 4368 Quid
374 4307 445 4356 euim
457 4305 529 4357 lude
547 4307 735 4371 consequitur?
756 4307 811 4358 Fri-
848 4308 893 4358 dut
908 4309 1027 4359 unnim
