3192 4974
624 836 663 940 Q.
691 835 878 930 Hillllllll
905 839 929 927 F
933 835 1062 929 tacti

419 1055 1264 1234 EPISTULARUM

694 1353 812 1419 LIBER
834 1353 991 1422 PRIMUS.

678 1664 944 1728 mffiou
972 1667 1009 1726 1.

341 1811 446 1877 Prima
469 1808 553 1876 dicte
576 1805 666 1882 mihi,
691 1827 817 1872 samma
839 1805 976 1874 dicende
1000 1807 1156 1883 Camena,

375 1991 423 2040 ΕΡ.
443 1990 462 2039 1.
497 1990 526 2038 ln
548 1988 626 2052 primi
649 1985 719 2035 Libri
743 1983 865 2050 Epistolis
887 1987 968 2037 etiam
985 1985 1092 2036 Obbarii
1109 1985 1237 2040 lectiones
1260 1991 1307 2053 (0),
1326 1993 1351 2042 in

330 2063 439 2127 reliquis
456 2063 503 2113 Tb.
523 2061 649 2113 Schmidii
668 2062 696 2124 (s)
716 2061 788 2110 dedi.

330 2215 349 2264 l.
369 2213 514 2276 Compacto
526 2223 590 2262 sana
602 2212 671 2261 inter
683 2210 820 2261 Horatium
859 2223 943 2272 genua
954 2211 1020 2262 dum
1031 2209 1116 2262 facete
1128 2212 1244 2263 imitatur
1258 2213 1335 2266 simul
1348 2215 1386 2266 lu-

298 2288 516 2338 etliaeeenatam
525 2285 593 2335 haee
603 2283 713 2349 epistola
725 2285 822 2347 scripta
860 2285 906 2335 dit,
942 2287 1024 2336 Nimis
1048 2287 1118 2336 serio
1143 2288 1264 2352 proiecto
1285 2288 1386 2354 aliquot

298 2365 352 2422 est,
377 2359 606 2424 quamadmodum
623 2360 726 2420 omnia,
753 2371 823 2422 quae
860 2360 938 2410 huius
950 2358 1077 2423 epistolae
1090 2360 1227 2423 versiculi,
1247 2362 1319 2414 velut
1330 2367 1387 2415 sta-

298 2437 332 2487 ad
350 2449 445 2486 eorum
462 2433 688 2485 necessitudinem
705 2434 824 2499 pertine-
860 2435 907 2484 tim
925 2436 1019 2499 primi,
1044 2437 1101 2486 tum
1119 2435 1151 2486 et
1168 2449 1260 2501 seqq..
1287 2438 1386 2502 quibus

298 2511 378 2572 bant,
405 2513 550 2572 antequam
576 2508 733 2568 ederentur,
761 2521 823 2558 cum
861 2512 969 2559 mutuae
982 2510 1060 2560 huius
1072 2511 1204 2561 amicitiae
1220 2513 1307 2563 minua
1319 2526 1386 2576 gna-

299 2587 452 2638 Maecenate
471 2584 664 2636 communicata
684 2596 744 2633 esse
759 2596 824 2632 con·
860 2597 905 2634 ros
923 2582 1001 2635 illusit
1011 2587 1104 2648 poeta,
1123 2585 1286 2650 aplerisque
1298 2589 1384 2638 later-

299 2663 457 2711 sentaneum
481 2661 530 2709 est.
572 2659 626 2708 lam
649 2671 712 2708 cum
733 2659 825 2707 essent
860 2657 982 2722 pretibus
991 2662 1018 2709 el
1026 2662 1129 2724 accepti
1141 2663 1169 2710 et
1180 2660 1301 2726 explicati
1313 2668 1383 2714 sunt.

299 2749 352 2786 non
374 2735 467 2799 pauci,
494 2735 539 2798 qui
560 2734 721 2784 mirarentur
743 2735 823 2796 atque
860 2733 918 2782 Vid.
930 2733 1086 2784 Excursum.
1105 2734 1182 2794 Quod
1191 2736 1225 2785 ed
1234 2737 1384 2789 delinienda

299 2812 379 2862 etiam
391 2811 622 2873 conquererentur
633 2807 702 2859 nulla
714 2809 766 2858 iam
779 2808 826 2856 aut
860 2809 983 2872 tempora
1000 2807 1177 2872 Epistularum
1197 2810 1267 2860 Libri
1285 2813 1304 2862 1.
1324 2813 1385 2864 attt-

297 2885 458 2950 paucisaima
476 2883 594 2934 carmina
616 2881 699 2944 lyrica
716 2881 751 2932 ab
769 2883 824 2931 llo-
861 2885 915 2941 net,
926 2883 1385 2951 certissimumdocamentumprae·
1457 2923 1463 2936 .

299 2961 366 3011 ratio
387 2959 525 3022 componi,
549 2958 604 3018 hie,
623 2956 688 3007 dum
705 2955 824 3020 philoso-
859 2955 908 3006 bet
919 2955 1033 3020 Epistola
1042 2957 1107 3018 xii„
1120 2971 1189 3021 quae
1198 2961 1339 3012 manilesto
1351 2975 1384 3014 eo

298 3036 377 3100 pbiaa
386 3034 436 3084 sibi
446 3033 557 3098 placitae
567 3033 712 3097 praecipue
724 3045 824 3082 vacans
861 3029 969 3081 consilio
987 3035 1134 3096 composita
1152 3038 1205 3095 eat,
1233 3038 1262 3084 ut
1285 3037 1383 3086 totius

298 3124 347 3174 per
375 3110 424 3160 bos
452 3110 612 3160 maturiores
639 3107 710 3156 vitae
738 3120 823 3157 annos
860 3104 954 3167 libri,
973 3105 1081 3170 qualem
1093 3121 1164 3158 nuno
1176 3123 1226 3160 nos
1241 3110 1381 3172 habemus,

300 3179 824 3248 (posta.u.c.730.)Epistolarumpoe-
860 3178 993 3244 epilogum
1022 3181 1202 3232 constitueret.
1237 3185 1293 3236 lam
1321 3197 1382 3236 eum

297 3261 503 3322 ticarumgenns
519 3257 823 3318 novun1‚ollummiano
860 3255 927 3305 baec
945 3269 969 3306 a.
992 3269 1017 3306 u.
1040 3269 1064 3305 e.
1087 3255 1143 3308 att.
1167 3260 1313 3322 composita
1334 3260 1380 3320 ait.

298 3333 341 3384 illo
360 3335 392 3397 (a.
405 3347 432 3382 u.
446 3347 470 3382 c.
484 3333 540 3382 608.
561 3332 615 3381 Cic.
629 3330 664 3381 ad
675 3333 727 3380 nti.
742 3331 782 3392 43,
796 3331 820 3393 6,
860 3332 1071 3381 consentaneum
1081 3334 1299 3396 eateasquoque,
1313 3347 1381 3398 quae

298 3408 333 3470 i.)
350 3409 442 3469 ulique
461 3405 537 3468 longe
560 3405 697 3455 diversum
720 3405 819 3466 condit,
859 3403 989 3456 nonnullis
1011 3408 1072 3468 post
1087 3420 1111 3456 a.
1130 3405 1187 3457 iat.
1207 3409 1321 3473 scriptae
1342 3409 1382 3458 vi·

298 3483 395 3546 partim
411 3481 473 3530 κατ’
491 3481 650 3550 εἰρωνείαν,
669 3481 765 3544 partim
789 3493 821 3530 ex
859 3479 969 3540 dentur,
992 3483 1023 3529 ut
1039 3480 1106 3531 baec
1123 3481 1179 3546 ipsa
1197 3481 1313 3534 Obbario
1331 3496 1382 3534 non

298 3557 378 3606 animi
390 3556 520 3604 sententia
533 3553 685 3606 bominibus
698 3553 746 3604 dlis
757 3567 822 3618 pro-
858 3556 919 3604 ante
937 3567 961 3604 a.
983 3555 1055 3616 iae,
1074 3556 1229 3607 weicherto
1246 3563 1273 3608 et
1290 3561 1382 3610 Grate-

298 3631 427 3696 pe-nimis
447 3628 584 3680 benevolis
604 3630 757 3694 respondet.
781 3630 822 3678 Si·
858 3627 1056 3690 sanctoniae,
1069 3629 1381 3694 Walclienaerloa.738.‚
1488 3630 1492 3638 '

298 3703 381 3755 mulat
392 3705 483 3754 autem
495 3717 555 3754 sesa
568 3703 601 3754 de
614 3703 710 3754 talibus
722 3716 822 3766 quere-
859 3703 1004 3753 liirchnero
1022 3717 1046 3754 a.
1058 3703 1127 3766 739..
1146 3706 1180 3755 ad
1198 3719 1335 3758 summum
1348 3707 1382 3758 ad

298 3778 329 3831 lis
348 3779 424 3843 quasi
445 3777 613 3842 expostulare
631 3791 693 3829 curn
711 3780 820 3842 potente
858 3790 882 3828 a.
896 3776 953 3828 izit.
972 3777 1065 3828 reterri
1076 3778 1191 3840 debere;
1210 3781 1283 3844 quod
1295 3782 1381 3846 ipsum

298 3856 399 3914 amico,
419 3865 536 3918 quocum
553 3853 671 3916 primum
689 3865 721 3902 ea
738 3851 772 3902 da
790 3865 820 3902 re
858 3855 966 3916 tempus
987 3853 1048 3903 buic
1072 3855 1175 3918 primae
1193 3869 1255 3907 cum
1273 3858 1382 3909 Frankio

298 3927 457 3990 collocutus,
476 3927 573 3977 deinde
586 3924 697 3991 epistola
708 3926 764 3990 ipsa
776 3939 821 3976 re-
858 3927 1030 3978 atatuendum
1042 3941 1112 3980 reor.
1136 3931 1165 3980 in
1175 3929 1283 3995 reliquis
1293 3935 1381 3982 autem

298 4005 375 4053 citata
393 4017 442 4067 pro
460 4015 538 4062 vera,
558 4015 609 4065 qua
627 4002 697 4052 inter
713 4014 743 4052 aa
760 4004 821 4052 ate·
859 4001 1104 4054 ialsasCriticorum
1113 4005 1281 4056 coniecturas
1290 4019 1314 4056 a.
1323 4004 1378 4058 ist.

297 4078 407 4138 bantur,
431 4075 606 4127 iamiliaritate
624 4077 730 4140 saepius
749 4077 822 4126 ioca·
859 4077 1020 4128 excedentes
1044 4077 1146 4129 silentio
1165 4079 1379 4144 praeteribimus.

298 4157 340 4204 tus
358 4154 429 4212 erat,
448 4153 579 4216 imprimis
596 4151 630 4201 de
641 4148 710 4202 salsa
723 4151 822 4202 Stoico·
892 4150 965 4201 i-a.
991 4153 1078 4202 Prima
1094 4154 1160 4216 eet]
1181 4154 1273 4205 «euius
1289 4152 1380 4204 laudes

297 4239 357 4276 rum
384 4227 520 4286 irrisione,
550 4238 602 4290 qua
631 4225 681 4276 bac
710 4227 766 4291 ipsa
794 4227 821 4276 ia
859 4229 887 4277 ut
904 4227 1037 4291 prioribus
1055 4228 1108 4279 iam
1130 4229 1197 4279 meis
1220 4227 1380 4280 carminibus

298 4300 411 4364 Epistola
436 4304 520 4351 totum
550 4302 645 4352 boram
669 4291 821 4365 disputandi
858 4301 1126 4366 lyricispraedicavi‚
1149 4304 1183 4354 ita
1196 4303 1379 4369 inposterum,
