3090 4974
331 447 394 512 698
756 488 759 494 .
813 447 941 500 uomrn

373 605 500 670 Dixeris
523 605 666 691 egregie,
691 614 802 670 uotum
824 603 849 668 si
873 601 989 669 callida
1012 602 1146 668 verbum

374 725 561 794 Reddiderit
584 726 729 792 iunctura
752 745 880 790 novum.
925 726 958 791 Si
981 724 1060 790 torte
1083 743 1219 791 neeesse
1242 733 1291 790 est

374 847 502 914 Iudiciis
523 857 702 914 monstrare
724 846 908 914 recentibus
931 846 1039 912 abdita
1061 866 1182 922 rerum,

375 969 508 1056 Fingere
531 969 678 1036 cinctutis
700 989 764 1034 non
786 967 937 1036 exaudita
961 967 1111 1056 Cethegis
1374 968 1410 1030 50

396 1195 436 1248 44.
456 1195 557 1248 Dixerit
573 1196 602 1246 B.
617 1221 645 1232 -
659 1194 700 1246 49.
718 1208 804 1246 reram
820 1199 844 1244 et
859 1192 942 1258 lbep,
962 1193 1025 1244 item
1043 1206 1105 1244 oum
1121 1191 1212 1243 Aldina
1231 1193 1305 1244 45449.
1325 1195 1382 1256 (nou

364 1271 446 1334 4549.)
466 1270 609 1321 Lambinus
626 1270 802 1333 distinguens:
827 1269 953 1332 Cethego:
971 1267 1107 1332 Contingat.
1129 1294 1155 1302 -
1175 1268 1216 1318 52.
1234 1267 1382 1330 [actuosae

363 1349 409 1395 Ge.
429 1344 539 1395 Fabricii
557 1345 701 1396 codicibus
717 1342 859 1395 Bentleius.
874 1344 914 1405 (Ut
930 1355 993 1403 uos,
1011 1343 1114 1404 nostri.)
1129 1370 1155 1378 -
1175 1343 1216 1393 5³.
1229 1345 1319 1392 eadent
1330 1343 1382 1393 BTc

331 1548 478 1614 explicant:
505 1549 677 1600 «creandis.-
702 1577 728 1586 -
753 1550 857 1599 44444444
894 1546 934 1598 val
959 1550 1070 1612 propter
1094 1547 1182 1597 statim
1205 1561 1324 1611 sequens
1346 1549 1410 1598 lit--

329 1626 442 1688 eprepie,
459 1629 546 1674 44444444
563 1623 625 1690 oet]
650 1625 721 1674 «Cio.
736 1623 770 1673 de
783 1624 853 1673 Orat.
893 1621 961 1686 pua)
979 1649 1006 1658 -
1024 1621 1147 1686 4444444444]
1165 1622 1209 1686 qui
1227 1623 1312 1672 44444444
1328 1623 1411 1672 tudae·

331 1699 360 1760 3,
380 1698 424 1760 ts,
445 1700 507 1748 44444
533 1699 574 1748 lto
594 1699 636 1763 tlt,
662 1703 690 1748 ut
706 1698 787 1747 44444444
802 1697 856 1746 4444-
893 1696 1004 1758 bantur,
1023 1708 1109 1759 «quae
1127 1698 1278 1748 eretrestie
1291 1697 1355 1748 intra
1371 1709 1411 1760 pe·

329 1774 448 1838 potorum
463 1774 596 1824 vorborum
612 1773 693 1823 uirtus
709 1778 785 1835 atquo
801 1773 858 1822 toea
893 1773 953 1822 ctus
978 1783 1076 1834 corpus
1097 1770 1219 1821 ambiens
1237 1773 1265 1821 44
1283 1771 1317 1822 ad
1334 1771 1410 1836 pedes

329 1849 409 1898 44444444
424 1849 529 1898 mestar
552 1863 585 1899 aa
600 1848 688 1900 rebus:
713 1850 735 1898 at
752 1853 797 1898 4444
812 1861 856 1898 va-
892 1845 1064 1910 pertingeus3
1083 1846 1176 1896 oriris
1193 1847 1350 1909 gestabatur
1359 1845 1410 1896 loeo

329 1929 422 1973 4444444444
437 1924 541 1974 verbum
557 1925 601 1986 sit,
619 1925 686 1986 ρυοά
701 1929 785 1974 tomen
798 1937 857 1973 con·
892 1921 1009 1982 tunicae,
1034 1923 1063 1970 ut
1079 1920 1259 1984 expeditiores
1277 1925 1368 1973 assent
1382 1921 1409 1971 od

330 1999 432 2048 suetudo
447 1999 623 2062 serapoeum
645 1999 803 2062 autfertum
818 1997 857 2046 vel
892 1995 1041 2059 agendum
1074 1995 1211 2046 habebant
1235 1997 1309 2048 enim
1333 1996 1411 2048 soluta

329 2073 501 2122 coniunctione
524 2075 563 2124 oet
586 2075 711 2132 noeitoto,·
739 2099 754 2109 -
773 2101 789 2112 -
811 2077 857 2121 out
892 2070 1001 2120 bruchio
1019 2071 1046 2121 et
1062 2070 1096 2121 ad
1109 2069 1291 2122 exercendum
1307 2069 1411 2122 habilio-

331 2149 495 2209 tronalotran,
515 2149 581 2210 pand
596 2150 709 2198 4444444444
726 2152 857 2208 tamquam
893 2159 948 2194 ra.»
968 2145 1042 2194 Fore.
1077 2145 1144 2195 ilino
1164 2146 1288 2196 Lucanus
1303 2147 1332 2207 ἲ,
1353 2143 1408 2195 eta:

330 2223 405 2272 stellis
428 2222 575 2284 quibusdum
595 2227 666 2272 444444
687 2227 711 2272 44
731 2221 857 2272 maminot
892 2221 1033 2282 4444444444
1047 2233 1243 2270 maauaoeaono
1254 2221 1360 2286 04444444.
1379 2221 1411 2269 Si

330 2297 495 2346 orationem.»
513 2297 594 2346 llrurr.
617 2324 643 2332 -
662 2297 764 2358 callida]
788 2308 857 2345 eoo·
893 2294 943 2345 lius
954 2295 979 2354 8,
989 2295 1045 2345 44844.
1060 2293 1094 2345 de
1107 2295 1239 2355 Cethego:
1252 2297 1307 2358 Ipee
1317 2297 1411 2346 huttarn

331 2369 400 2420 cultu
419 2369 536 2433 quodum
547 2373 605 2420 arte
618 2368 724 2420 lectoris
736 2373 855 2419 mentem
892 2377 1005 2421 44444444
1020 2371 1106 2433 pratili
1120 2383 1191 2420 mora
1203 2378 1350 2433 parentalia.
1376 2369 1408 2420 Cl.

329 2457 472 2504 uorem,-
491 2446 520 2494 ut
537 2445 599 2494 sunt
616 2443 686 2508 apud
704 2445 793 2508 ipsum
806 2443 855 2492 llo-
894 2445 1012 2496 lieiered
1023 2445 1323 2508 Cic.l'rugm.p.titi.b.
1335 2443 1407 2509 (ovid.

330 2519 427 2568 ratium
443 2519 569 2580 splendide
584 2520 708 2580 mendac,
731 2519 857 2568 insanieri-
893 2521 961 2568 Fast.
974 2521 999 2580 44,
1014 2520 1056 2569 ror
1070 2532 1076 2567 :
1095 2519 1249 2582 Sernicopar,
1268 2519 1411 2572 4444444444-

329 2595 362 2643 tir
377 2593 514 2654 sapientiae
527 2593 665 2654 emunitate,
683 2594 787 2643 animae
801 2607 857 2642 mo·
892 2595 976 2656 elutis,
990 2595 1086 2655 Famae,
1101 2595 1228 2657 boponis,
1243 2595 1271 2646 id
1282 2600 1332 2658 est,
1343 2605 1411 2659 apro·

329 2681 395 2731 pnao
413 2668 535 2731 prodipro
558 2669 610 2718 oet.
641 2669 749 2732 Dionys.
772 2668 853 2718 llalio.
893 2682 926 2733 pe
945 2669 1278 2721 nudisetclnetutootum
1294 2667 1409 2736 pudenda

331 2741 365 2792 da
378 2744 472 2806 Comp.
486 2742 515 2792 3:
535 2737 625 2792 0444444
636 2743 697 2792 ἐστι
709 2733 854 2813 προῦργου
892 2742 1013 2794 velatis.»
1039 2745 1110 2794 44444
1128 2745 1184 2796 sola
1201 2746 1228 2796 h.
1247 2759 1273 2796 v.
1296 2741 1408 2808 exempla

330 2813 407 2881 λέξιν
424 2812 517 2888 eripete
533 2816 666 2888 καθαρὰν
683 2818 733 2867 καὶ
743 2813 856 2886 ealbri-
892 2818 980 2868 adhuc
997 2821 1104 2882 reperta
1121 2821 1203 2882 suut.)
1224 2847 1251 2857 -
1269 2835 1321 2871 non
1336 2831 1410 2870 auo*

329 2886 458 2962 ῥήμουα,
479 2891 564 2958 εἰμὴ
581 2895 630 2943 καὶ
649 2889 763 2957 κόσμον
780 2885 854 2963 αὐτῇ
892 2891 953 2958 dito]
973 2892 1071 2943 «verba
1089 2894 1235 2946 maioribus
1246 2895 1345 2946 nostris
1356 2895 1409 2943 ento

329 2965 381 3033 τῆς
398 2961 540 3038 ἁρμονίας
552 2964 603 3018 τὸυ
614 2965 801 3038 προσήκοντα
810 2981 856 3017 44-
892 2968 959 3016 haec
982 2967 1036 3016 duo
1053 2967 1143 3020 eeoula
1163 2967 1241 3034 plane
1258 2970 1409 3033 incognita·

331 3038 471 3110 ριθήσεις.
498 3043 625 3094 Cetemm
643 3055 721 3104 care,
741 3055 775 3092 ne
793 3055 854 3092 oum
895 3067 921 3076 -
941 3040 1058 3107 Cethegis]
1077 3043 1115 3093 Cl.
1131 3044 1196 3108 Epp.
1214 3045 1244 3102 2,
1262 3045 1292 3104 2,
1311 3045 1365 3094 444.
1385 3067 1407 3078 -

330 3116 521 3180 interpretibus
547 3117 676 3168 nonnuliis
700 3120 854 3168 construas:
892 3117 1029 3182 0444444944]
1053 3119 1149 3169 «Aliter
1165 3119 1222 3170 fleri
1239 3133 1293 3170 uon
1311 3118 1407 3185 poterit.

329 3193 357 3240 Si
381 3192 475 3241 collido
499 3193 620 3242 iunctura
639 3193 743 3243 44444444
763 3205 856 3242 novum
892 3192 942 3242 nist
960 3194 989 3241 ut
1007 3193 1089 3256 lingas
1106 3192 1236 3244 vocabula
1252 3192 1409 3244 aveteribus

328 3267 464 3316 reddiderit
485 3273 579 3316 aotam.
603 3293 630 3303 -
657 3269 685 3318 St
706 3269 771 3332 sorte
791 3267 854 3332 oet]
892 3266 1011 3317 nondum
1036 3271 1176 3332 usurpata,
1199 3271 1317 3319 ettamen
1339 3267 1409 3317 huius

333 3341 449 3402 «Quodsi
465 3343 533 3403 iam,
551 3343 650 3406 inquit,
676 3344 710 3394 ad
732 3357 790 3394 rem
808 3343 856 3394 ali·
892 3341 1018 3391 audaciae
1031 3355 1144 3406 prosper
1152 3344 1202 3394 erit
1210 3355 1407 3394 successus.»-

333 3429 415 3480 quom
440 3416 623 3479 explicandum
645 3418 727 3468 verba
747 3419 854 3482 antiqua
888 3417 1020 3482 pudentior]
1047 3417 1121 3467 «Sed
1144 3421 1186 3468 eet
1207 3419 1305 3469 modus
1323 3419 1347 3467 in
1363 3415 1408 3464 hoe

334 3503 385 3540 non
403 3491 551 3552 sufiiciunt,
577 3494 738 3557 permittitur
760 3497 855 3557 poetae
893 3505 1001 3556 quoque
1013 3493 1170 3552 serrandus,
1183 3505 1217 3543 ne
1230 3494 1309 3544 nimis
1321 3488 1409 3542 erebro

334 3566 856 3633 4444443444.»Ρ4444.-4444444444]οη-
892 3581 925 3617 oe
950 3566 1063 3618 licenter
1086 3567 1177 3618 vorbis
1200 3581 1214 3618 a
1239 3568 1317 3619 nobis
1342 3563 1408 3616 lacus

328 3641 435 3704 με4οις,
454 3641 724 3705 Beaeiohoonpen.
745 3644 855 3693 «Indicia
893 3645 1024 3692 utemur.»
1051 3642 1155 3702 Quintil.
1170 3643 1198 3698 4,
1213 3644 1238 3702 5,
1252 3643 1296 3693 7⁴:
1318 3637 1409 3690 4444444444

330 3716 410 3764 rerba
430 3713 587 3778 appellavit,
615 3717 764 3781 philosophi
783 3719 854 3767 enim
892 3717 1089 3776 lutimotimur,·
1106 3731 1235 3767 novanda
1245 3715 1408 3778 amomon

329 3790 420 3840 dicunt
445 3789 646 3840 indicandorum
665 3805 754 3841 rorum
774 3805 853 3842 causa
889 3793 1002 3855 portento
1017 3794 1143 3856 4449444444.
1171 3793 1290 3841 Demetr.
1303 3787 1372 3842 ruet.
1385 3785 1405 3848 ,4.

329 3867 449 3914 inventas
467 3878 527 3915 esse
545 3878 651 3914 voees·
671 3867 762 3914 Ponrrr.
774 3893 799 3902 --
811 3867 855 3916 ab
892 3867 936 3916 aa:
963 3866 1147 3926 Στοχαστέου
1164 3861 1277 3937 πρῶτον
1292 3864 1347 3932 μὲν
1361 3855 1406 3912 τοῦ

329 3941 383 3988 dha
399 3941 493 4003 44444444]
513 3941 650 3990 motiones
667 3952 765 4000 noras,
787 3955 854 4004 quas
892 3939 1009 4004 σαφοῦς
1021 3941 1051 3992 ἐν
1065 3939 1104 4008 τῷ
1116 3943 1282 4008 ποιουμένῳ
1293 3935 1406 4004 ὀοόμαῐ4

330 4027 409 4064 nemo
434 4017 495 4064 aute
515 4014 602 4064 verbis
622 4014 717 4064 Latinis
742 4017 854 4067 manile·
890 4018 938 4066 nat
957 4013 1120 4082 συνήθους·
1138 4005 1407 4081 ἕκειτατῆςὸμοιό-

328 4090 432 4141 stavit·
452 4089 490 4138 Cl.
510 4091 563 4138 Sat.
577 4089 605 4146 4,
619 4090 649 4146 2,
664 4091 708 4138 454
727 4091 800 4140 oanis
816 4093 855 4141 r'a-
891 4105 978 4156 τηιος
995 4087 1067 4161 πρὸς
1084 4087 1120 4140 roi
1136 4092 1256 4155 κείμενα
1272 4086 1404 4154 ὀνόματα·

328 4175 394 4212 neri.
423 4163 522 4226 (Lectio
539 4163 626 4212 444444
641 4177 739 4225 raram,
758 4171 781 4215 44
793 4166 853 4216 4444-
893 4166 1049 4230 -44444444441
1062 4169 1152 4216 Perse
1166 4167 1322 4216 rectumest
1334 4163 1404 4214 etiem

327 4251 394 4303 pere,
412 4238 502 4288 denuo
519 4251 533 4286 4
552 4235 672 4289 Gonodio
689 4243 807 4303 receptu,
826 4245 854 4292 et
890 4240 1000 4292 Bentleii
1014 4241 1096 4304 sacto,
1116 4239 1163 4291 sed
1177 4239 1262 4291 Codd.
1275 4237 1403 4302 unoquo·

328 4313 439 4378 impedit
456 4313 615 4364 seutentiam
635 4317 663 4364 et
682 4313 793 4366 molesto
813 4319 854 4366 est
890 4317 1046 4368 auctoritato
1058 4314 1218 4378 destituitur,
1231 4317 1259 4368 44
1269 4315 1340 4366 recte
1351 4309 1402 4360 lea:
