<?xml version="1.0" encoding="UTF-8"?>
<!DOCTYPE html PUBLIC "-//W3C//DTD XHTML 1.0 Transitional//EN"
    "http://www.w3.org/TR/xhtml1/DTD/xhtml1-transitional.dtd">
<html xmlns="http://www.w3.org/1999/xhtml" xml:lang="en" lang="en">
 <head>
  <title>
</title>
<meta http-equiv="Content-Type" content="text/html;charset=utf-8" />
  <meta name='ocr-system' content='tesseract 3.04.00' />
  <meta name='ocr-capabilities' content='ocr_page ocr_carea ocr_par ocr_line ocrx_word'/>
</head>
<body>
  <div class='ocr_page' id='page_1' title='image "./qhoratiusflaccu01baitgoog_0363.png"; bbox 0 0 3156 4972; ppageno 0'>
   <div class='ocr_carea' id='block_1_1' title="bbox 677 415 1006 468">
    <p class='ocr_par' dir='ltr' id='par_1_1' title="bbox 677 415 1006 468">
     <span class='ocr_line' id='line_1_1' title="bbox 677 415 1006 468; baseline -0.003 -3"><span class='ocrx_word' id='word_1_1' title='bbox 677 415 808 466; x_wconf 77' lang='lat' dir='ltr'>llOliATll</span> <span class='ocrx_word' id='word_1_2' title='bbox 825 415 1006 468; x_wconf 74' lang='lat' dir='ltr'>sarlatium</span> 
     </span>
    </p>
   </div>
   <div class='ocr_carea' id='block_1_2' title="bbox 667 832 1019 896">
    <p class='ocr_par' dir='ltr' id='par_1_2' title="bbox 667 832 1019 896">
     <span class='ocr_line' id='line_1_2' title="bbox 667 832 1019 896; baseline -0.006 0"><span class='ocrx_word' id='word_1_3' title='bbox 667 832 877 896; x_wconf 66' lang='lat' dir='ltr'>EAM</span> <span class='ocrx_word' id='word_1_4' title='bbox 900 833 1019 894; x_wconf 79' lang='lat' dir='ltr'>Vm-</span> 
     </span>
    </p>
   </div>
   <div class='ocr_carea' id='block_1_3' title="bbox 344 974 978 1044">
    <p class='ocr_par' dir='ltr' id='par_1_3' title="bbox 344 974 978 1044">
     <span class='ocr_line' id='line_1_3' title="bbox 344 974 978 1044; baseline -0.009 0"><span class='ocrx_word' id='word_1_5' title='bbox 344 976 382 1044; x_wconf 91' lang='lat' dir='ltr'>Ut</span> <span class='ocrx_word' id='word_1_6' title='bbox 402 975 565 1042; x_wconf 84' lang='lat' dir='ltr'>Nasidieni</span> <span class='ocrx_word' id='word_1_7' title='bbox 589 975 667 1040; x_wconf 92' lang='lat' dir='ltr'>iuvit</span> <span class='ocrx_word' id='word_1_8' title='bbox 690 983 720 1040; x_wconf 86' lang='lat' dir='ltr'>te</span> <span class='ocrx_word' id='word_1_9' title='bbox 743 995 846 1041; x_wconf 88' lang='lat' dir='ltr'>coena</span> <span class='ocrx_word' id='word_1_10' title='bbox 868 974 978 1041; x_wconf 80' lang='lat' dir='ltr'>beati?</span> 
     </span>
    </p>
   </div>
   <div class='ocr_carea' id='block_1_4' title="bbox 329 1152 1352 1293">
    <p class='ocr_par' dir='ltr' id='par_1_4' title="bbox 329 1152 1352 1293">
     <span class='ocr_line' id='line_1_4' title="bbox 362 1152 1352 1218; baseline 0.002 -14"><span class='ocrx_word' id='word_1_11' title='bbox 362 1156 430 1205; x_wconf 77' lang='lat' dir='ltr'>SAT.</span> <span class='ocrx_word' id='word_1_12' title='bbox 449 1155 514 1206; x_wconf 90' lang='lat' dir='ltr'>Vlll.</span> <span class='ocrx_word' id='word_1_13' title='bbox 551 1157 575 1205; x_wconf 91' lang='lat' dir='ltr'>l.</span> <span class='ocrx_word' id='word_1_14' title='bbox 596 1157 626 1205; x_wconf 87' lang='lat' dir='ltr'>tlt</span> <span class='ocrx_word' id='word_1_15' title='bbox 642 1161 665 1205; x_wconf 85' lang='lat' dir='ltr'>te</span> <span class='ocrx_word' id='word_1_16' title='bbox 680 1154 810 1204; x_wconf 78' lang='lat' dir='ltr'>Nasidieni</span> <span class='ocrx_word' id='word_1_17' title='bbox 826 1155 889 1204; x_wconf 82' lang='lat' dir='ltr'>iuuit</span> <span class='ocrx_word' id='word_1_18' title='bbox 906 1169 939 1204; x_wconf 86' lang='lat' dir='ltr'>ex</span> <span class='ocrx_word' id='word_1_19' title='bbox 957 1153 1041 1204; x_wconf 90' lang='lat' dir='ltr'>Codd.</span> <span class='ocrx_word' id='word_1_20' title='bbox 1055 1152 1098 1204; x_wconf 91' lang='lat' dir='ltr'>Sil.</span> <span class='ocrx_word' id='word_1_21' title='bbox 1114 1159 1140 1206; x_wconf 92' lang='lat' dir='ltr'>et</span> <span class='ocrx_word' id='word_1_22' title='bbox 1158 1157 1232 1206; x_wconf 86' lang='lat' dir='ltr'>Mart.</span> <span class='ocrx_word' id='word_1_23' title='bbox 1247 1157 1277 1218; x_wconf 87' lang='lat' dir='ltr'>C,</span> <span class='ocrx_word' id='word_1_24' title='bbox 1296 1157 1352 1206; x_wconf 85' lang='lat' dir='ltr'>No-</span> 
     </span>
     <span class='ocr_line' id='line_1_5' title="bbox 329 1227 1048 1293; baseline 0.001 -15"><span class='ocrx_word' id='word_1_25' title='bbox 329 1230 416 1279; x_wconf 84' lang='lat' dir='ltr'>sidieni</span> <span class='ocrx_word' id='word_1_26' title='bbox 433 1231 476 1292; x_wconf 86' lang='lat' dir='ltr'>qui</span> <span class='ocrx_word' id='word_1_27' title='bbox 492 1229 555 1278; x_wconf 84' lang='lat' dir='ltr'>iuvit</span> <span class='ocrx_word' id='word_1_28' title='bbox 571 1233 594 1279; x_wconf 83' lang='lat' dir='ltr'>te</span> <span class='ocrx_word' id='word_1_29' title='bbox 611 1243 626 1279; x_wconf 86' lang='lat' dir='ltr'>a</span> <span class='ocrx_word' id='word_1_30' title='bbox 645 1227 730 1280; x_wconf 91' lang='lat' dir='ltr'>Codd.</span> <span class='ocrx_word' id='word_1_31' title='bbox 750 1229 776 1279; x_wconf 89' lang='lat' dir='ltr'>F.</span> <span class='ocrx_word' id='word_1_32' title='bbox 798 1230 838 1292; x_wconf 82' lang='lat' dir='ltr'>(ut</span> <span class='ocrx_word' id='word_1_33' title='bbox 855 1243 917 1292; x_wconf 85' lang='lat' dir='ltr'>nos,</span> <span class='ocrx_word' id='word_1_34' title='bbox 936 1229 1048 1293; x_wconf 87' lang='lat' dir='ltr'>bSEep.)</span> 
     </span>
    </p>
   </div>
   <div class='ocr_carea' id='block_1_5' title="bbox 293 1377 1447 3012">
    <p class='ocr_par' dir='ltr' id='par_1_5' title="bbox 293 1377 1447 3012">
     <span class='ocr_line' id='line_1_6' title="bbox 329 1377 1386 1441; baseline 0.003 -14"><span class='ocrx_word' id='word_1_35' title='bbox 329 1380 394 1428; x_wconf 90' lang='lat' dir='ltr'>Vlll.</span> <span class='ocrx_word' id='word_1_36' title='bbox 424 1379 562 1429; x_wconf 85' lang='lat' dir='ltr'>Mirificam</span> <span class='ocrx_word' id='word_1_37' title='bbox 592 1377 726 1428; x_wconf 82' lang='lat' dir='ltr'>Nasidieni</span> <span class='ocrx_word' id='word_1_38' title='bbox 759 1391 823 1428; x_wconf 89' lang='lat' dir='ltr'>coe·</span> <span class='ocrx_word' id='word_1_39' title='bbox 861 1377 915 1429; x_wconf 89' lang='lat' dir='ltr'>bat.</span> <span class='ocrx_word' id='word_1_40' title='bbox 952 1379 995 1428; x_wconf 92' lang='lat' dir='ltr'>Sin</span> <span class='ocrx_word' id='word_1_41' title='bbox 1008 1391 1103 1429; x_wconf 87' lang='lat' dir='ltr'>verum</span> <span class='ocrx_word' id='word_1_42' title='bbox 1116 1383 1159 1430; x_wconf 89' lang='lat' dir='ltr'>est</span> <span class='ocrx_word' id='word_1_43' title='bbox 1170 1393 1283 1441; x_wconf 88' lang='lat' dir='ltr'>noman,</span> <span class='ocrx_word' id='word_1_44' title='bbox 1302 1382 1332 1430; x_wconf 91' lang='lat' dir='ltr'>ut</span> <span class='ocrx_word' id='word_1_45' title='bbox 1343 1392 1386 1430; x_wconf 85' lang='lat' dir='ltr'>vu·</span> 
     </span>
     <span class='ocr_line' id='line_1_7' title="bbox 297 1451 1386 1515; baseline 0.001 -12"><span class='ocrx_word' id='word_1_46' title='bbox 297 1467 359 1504; x_wconf 89' lang='lat' dir='ltr'>nam</span> <span class='ocrx_word' id='word_1_47' title='bbox 377 1453 466 1503; x_wconf 87' lang='lat' dir='ltr'>narrat</span> <span class='ocrx_word' id='word_1_48' title='bbox 484 1453 590 1504; x_wconf 88' lang='lat' dir='ltr'>Horatio</span> <span class='ocrx_word' id='word_1_49' title='bbox 604 1453 763 1503; x_wconf 79' lang='lat' dir='ltr'>Fundanius.</span> <span class='ocrx_word' id='word_1_50' title='bbox 793 1451 825 1503; x_wconf 92' lang='lat' dir='ltr'>ll·</span> <span class='ocrx_word' id='word_1_51' title='bbox 860 1451 919 1503; x_wconf 92' lang='lat' dir='ltr'>lunt</span> <span class='ocrx_word' id='word_1_52' title='bbox 933 1451 1111 1515; x_wconf 81' lang='lat' dir='ltr'>scholiastae,</span> <span class='ocrx_word' id='word_1_53' title='bbox 1131 1469 1183 1504; x_wconf 92' lang='lat' dir='ltr'>non</span> <span class='ocrx_word' id='word_1_54' title='bbox 1201 1455 1235 1504; x_wconf 88' lang='lat' dir='ltr'>ita</span> <span class='ocrx_word' id='word_1_55' title='bbox 1248 1453 1331 1505; x_wconf 92' lang='lat' dir='ltr'>multo</span> <span class='ocrx_word' id='word_1_56' title='bbox 1342 1467 1386 1504; x_wconf 87' lang='lat' dir='ltr'>an-</span> 
     </span>
     <span class='ocr_line' id='line_1_8' title="bbox 296 1526 1383 1590; baseline -0.002 -12"><span class='ocrx_word' id='word_1_57' title='bbox 296 1527 342 1578; x_wconf 94' lang='lat' dir='ltr'>lud</span> <span class='ocrx_word' id='word_1_58' title='bbox 359 1531 449 1577; x_wconf 86' lang='lat' dir='ltr'>autem</span> <span class='ocrx_word' id='word_1_59' title='bbox 467 1529 589 1590; x_wconf 89' lang='lat' dir='ltr'>quamvis</span> <span class='ocrx_word' id='word_1_60' title='bbox 607 1539 714 1578; x_wconf 90' lang='lat' dir='ltr'>summo</span> <span class='ocrx_word' id='word_1_61' title='bbox 735 1526 823 1578; x_wconf 86' lang='lat' dir='ltr'>studio</span> <span class='ocrx_word' id='word_1_62' title='bbox 860 1529 903 1577; x_wconf 91' lang='lat' dir='ltr'>tea</span> <span class='ocrx_word' id='word_1_63' title='bbox 915 1529 1031 1578; x_wconf 91' lang='lat' dir='ltr'>mortem</span> <span class='ocrx_word' id='word_1_64' title='bbox 1043 1527 1140 1578; x_wconf 91' lang='lat' dir='ltr'>obierit</span> <span class='ocrx_word' id='word_1_65' title='bbox 1156 1531 1197 1589; x_wconf 71' lang='lat' dir='ltr'>N..</span> <span class='ocrx_word' id='word_1_66' title='bbox 1211 1541 1323 1580; x_wconf 90' lang='lat' dir='ltr'>necesse</span> <span class='ocrx_word' id='word_1_67' title='bbox 1336 1529 1383 1578; x_wconf 89' lang='lat' dir='ltr'>est.</span> 
     </span>
     <span class='ocr_line' id='line_1_9' title="bbox 296 1600 1385 1665; baseline -0.002 -13"><span class='ocrx_word' id='word_1_68' title='bbox 296 1604 388 1665; x_wconf 80' lang='lat' dir='ltr'>ageret</span> <span class='ocrx_word' id='word_1_69' title='bbox 405 1603 483 1652; x_wconf 89' lang='lat' dir='ltr'>huius</span> <span class='ocrx_word' id='word_1_70' title='bbox 502 1602 613 1652; x_wconf 90' lang='lat' dir='ltr'>convivii</span> <span class='ocrx_word' id='word_1_71' title='bbox 632 1601 769 1662; x_wconf 83' lang='lat' dir='ltr'>dominus,</span> <span class='ocrx_word' id='word_1_72' title='bbox 794 1604 824 1652; x_wconf 90' lang='lat' dir='ltr'>ut</span> <span class='ocrx_word' id='word_1_73' title='bbox 860 1600 1004 1665; x_wconf 85' lang='lat' dir='ltr'>Singularis</span> <span class='ocrx_word' id='word_1_74' title='bbox 1022 1605 1113 1652; x_wconf 91' lang='lat' dir='ltr'>aulem</span> <span class='ocrx_word' id='word_1_75' title='bbox 1131 1605 1158 1652; x_wconf 92' lang='lat' dir='ltr'>et</span> <span class='ocrx_word' id='word_1_76' title='bbox 1176 1615 1219 1652; x_wconf 88' lang='lat' dir='ltr'>ars</span> <span class='ocrx_word' id='word_1_77' title='bbox 1238 1606 1266 1652; x_wconf 90' lang='lat' dir='ltr'>at</span> <span class='ocrx_word' id='word_1_78' title='bbox 1283 1602 1385 1653; x_wconf 91' lang='lat' dir='ltr'>urbani·</span> 
     </span>
     <span class='ocr_line' id='line_1_10' title="bbox 296 1676 1385 1740; baseline 0 -13"><span class='ocrx_word' id='word_1_79' title='bbox 296 1689 388 1728; x_wconf 89' lang='lat' dir='ltr'>eoram</span> <span class='ocrx_word' id='word_1_80' title='bbox 405 1678 571 1736; x_wconf 78' lang='lat' dir='ltr'>Maecenate,</span> <span class='ocrx_word' id='word_1_81' title='bbox 596 1677 622 1726; x_wconf 92' lang='lat' dir='ltr'>in</span> <span class='ocrx_word' id='word_1_82' title='bbox 644 1677 720 1727; x_wconf 92' lang='lat' dir='ltr'>cuius</span> <span class='ocrx_word' id='word_1_83' title='bbox 737 1678 823 1726; x_wconf 89' lang='lat' dir='ltr'>bono·</span> <span class='ocrx_word' id='word_1_84' title='bbox 861 1679 901 1727; x_wconf 92' lang='lat' dir='ltr'>tas</span> <span class='ocrx_word' id='word_1_85' title='bbox 918 1679 943 1726; x_wconf 91' lang='lat' dir='ltr'>in</span> <span class='ocrx_word' id='word_1_86' title='bbox 962 1678 1138 1738; x_wconf 86' lang='lat' dir='ltr'>secernitur,</span> <span class='ocrx_word' id='word_1_87' title='bbox 1158 1677 1230 1740; x_wconf 91' lang='lat' dir='ltr'>quod</span> <span class='ocrx_word' id='word_1_88' title='bbox 1242 1676 1313 1727; x_wconf 88' lang='lat' dir='ltr'>nulla</span> <span class='ocrx_word' id='word_1_89' title='bbox 1325 1689 1385 1738; x_wconf 84' lang='lat' dir='ltr'>vox,</span> 
     </span>
     <span class='ocr_line' id='line_1_11' title="bbox 296 1749 1386 1814; baseline -0.002 -12"><span class='ocrx_word' id='word_1_90' title='bbox 296 1766 355 1802; x_wconf 92' lang='lat' dir='ltr'>rem</span> <span class='ocrx_word' id='word_1_91' title='bbox 367 1752 494 1812; x_wconf 86' lang='lat' dir='ltr'>dabatur,</span> <span class='ocrx_word' id='word_1_92' title='bbox 513 1752 617 1802; x_wconf 86' lang='lat' dir='ltr'>divitias</span> <span class='ocrx_word' id='word_1_93' title='bbox 629 1765 704 1813; x_wconf 87' lang='lat' dir='ltr'>suas,</span> <span class='ocrx_word' id='word_1_94' title='bbox 723 1752 824 1814; x_wconf 80' lang='lat' dir='ltr'>magni·</span> <span class='ocrx_word' id='word_1_95' title='bbox 860 1749 947 1801; x_wconf 95' lang='lat' dir='ltr'>nullus</span> <span class='ocrx_word' id='word_1_96' title='bbox 964 1754 1055 1814; x_wconf 83' lang='lat' dir='ltr'>gestus</span> <span class='ocrx_word' id='word_1_97' title='bbox 1072 1751 1234 1802; x_wconf 83' lang='lat' dir='ltr'>Maecenatis</span> <span class='ocrx_word' id='word_1_98' title='bbox 1250 1763 1386 1802; x_wconf 87' lang='lat' dir='ltr'>memora-</span> 
     </span>
     <span class='ocr_line' id='line_1_12' title="bbox 297 1825 1386 1891; baseline -0.001 -15"><span class='ocrx_word' id='word_1_99' title='bbox 297 1827 429 1877; x_wconf 89' lang='lat' dir='ltr'>ticentiam</span> <span class='ocrx_word' id='word_1_100' title='bbox 455 1831 535 1890; x_wconf 89' lang='lat' dir='ltr'>atque</span> <span class='ocrx_word' id='word_1_101' title='bbox 562 1826 670 1890; x_wconf 83' lang='lat' dir='ltr'>elegans</span> <span class='ocrx_word' id='word_1_102' title='bbox 696 1826 823 1877; x_wconf 92' lang='lat' dir='ltr'>iudicium</span> <span class='ocrx_word' id='word_1_103' title='bbox 861 1826 916 1886; x_wconf 82' lang='lat' dir='ltr'>tur,</span> <span class='ocrx_word' id='word_1_104' title='bbox 939 1829 1032 1891; x_wconf 80' lang='lat' dir='ltr'>utpote</span> <span class='ocrx_word' id='word_1_105' title='bbox 1050 1827 1095 1890; x_wconf 92' lang='lat' dir='ltr'>qui</span> <span class='ocrx_word' id='word_1_106' title='bbox 1113 1827 1257 1878; x_wconf 86' lang='lat' dir='ltr'>comitibus</span> <span class='ocrx_word' id='word_1_107' title='bbox 1276 1825 1386 1877; x_wconf 90' lang='lat' dir='ltr'>iocanti-</span> 
     </span>
     <span class='ocr_line' id='line_1_13' title="bbox 296 1899 1386 1968; baseline -0.002 -16"><span class='ocrx_word' id='word_1_108' title='bbox 296 1905 455 1962; x_wconf 83' lang='lat' dir='ltr'>ostentaret‚</span> <span class='ocrx_word' id='word_1_109' title='bbox 475 1904 566 1953; x_wconf 92' lang='lat' dir='ltr'>tamen</span> <span class='ocrx_word' id='word_1_110' title='bbox 578 1916 690 1968; x_wconf 89' lang='lat' dir='ltr'>operam</span> <span class='ocrx_word' id='word_1_111' title='bbox 708 1905 763 1951; x_wconf 87' lang='lat' dir='ltr'>tam</span> <span class='ocrx_word' id='word_1_112' title='bbox 775 1902 824 1951; x_wconf 91' lang='lat' dir='ltr'>mi·</span> <span class='ocrx_word' id='word_1_113' title='bbox 860 1899 911 1950; x_wconf 89' lang='lat' dir='ltr'>bus</span> <span class='ocrx_word' id='word_1_114' title='bbox 928 1902 1008 1964; x_wconf 88' lang='lat' dir='ltr'>atque</span> <span class='ocrx_word' id='word_1_115' title='bbox 1027 1901 1170 1963; x_wconf 76' lang='lat' dir='ltr'>pamelium</span> <span class='ocrx_word' id='word_1_116' title='bbox 1186 1899 1255 1952; x_wconf 90' lang='lat' dir='ltr'>salso</span> <span class='ocrx_word' id='word_1_117' title='bbox 1274 1900 1386 1952; x_wconf 90' lang='lat' dir='ltr'>irriden-</span> 
     </span>
     <span class='ocr_line' id='line_1_14' title="bbox 296 1973 1386 2041; baseline -0.002 -15"><span class='ocrx_word' id='word_1_118' title='bbox 296 1989 356 2026; x_wconf 90' lang='lat' dir='ltr'>sere</span> <span class='ocrx_word' id='word_1_119' title='bbox 385 1977 514 2041; x_wconf 84' lang='lat' dir='ltr'>perdidit,</span> <span class='ocrx_word' id='word_1_120' title='bbox 549 1979 578 2027; x_wconf 91' lang='lat' dir='ltr'>ut</span> <span class='ocrx_word' id='word_1_121' title='bbox 604 1979 646 2026; x_wconf 83' lang='lat' dir='ltr'>vin</span> <span class='ocrx_word' id='word_1_122' title='bbox 676 1977 823 2040; x_wconf 88' lang='lat' dir='ltr'>quidquam</span> <span class='ocrx_word' id='word_1_123' title='bbox 861 1973 945 2035; x_wconf 83' lang='lat' dir='ltr'>tibus,</span> <span class='ocrx_word' id='word_1_124' title='bbox 965 1976 1021 2039; x_wconf 88' lang='lat' dir='ltr'>ipse</span> <span class='ocrx_word' id='word_1_125' title='bbox 1040 1977 1120 2026; x_wconf 87' lang='lat' dir='ltr'>etiam</span> <span class='ocrx_word' id='word_1_126' title='bbox 1137 1976 1261 2026; x_wconf 84' lang='lat' dir='ltr'>convivio</span> <span class='ocrx_word' id='word_1_127' title='bbox 1279 1977 1386 2026; x_wconf 89' lang='lat' dir='ltr'>tamin-</span> 
     </span>
     <span class='ocr_line' id='line_1_15' title="bbox 296 2049 1385 2116; baseline -0.001 -16"><span class='ocrx_word' id='word_1_128' title='bbox 296 2053 423 2116; x_wconf 83' lang='lat' dir='ltr'>ineptius,</span> <span class='ocrx_word' id='word_1_129' title='bbox 449 2053 592 2115; x_wconf 86' lang='lat' dir='ltr'>agrestiua,</span> <span class='ocrx_word' id='word_1_130' title='bbox 617 2053 701 2115; x_wconf 87' lang='lat' dir='ltr'>magis</span> <span class='ocrx_word' id='word_1_131' title='bbox 724 2051 822 2101; x_wconf 88' lang='lat' dir='ltr'>ridicu·</span> <span class='ocrx_word' id='word_1_132' title='bbox 860 2051 922 2113; x_wconf 90' lang='lat' dir='ltr'>epto</span> <span class='ocrx_word' id='word_1_133' title='bbox 935 2050 1116 2114; x_wconf 82' lang='lat' dir='ltr'>maximopere</span> <span class='ocrx_word' id='word_1_134' title='bbox 1127 2049 1299 2110; x_wconf 81' lang='lat' dir='ltr'>exhilaratus,</span> <span class='ocrx_word' id='word_1_135' title='bbox 1310 2062 1385 2102; x_wconf 91' lang='lat' dir='ltr'>suam</span> 
     </span>
     <span class='ocr_line' id='line_1_16' title="bbox 295 2122 1386 2192; baseline -0.003 -16"><span class='ocrx_word' id='word_1_136' title='bbox 295 2124 385 2176; x_wconf 93' lang='lat' dir='ltr'>culum</span> <span class='ocrx_word' id='word_1_137' title='bbox 403 2125 511 2188; x_wconf 84' lang='lat' dir='ltr'>cogitari</span> <span class='ocrx_word' id='word_1_138' title='bbox 528 2129 632 2190; x_wconf 77' lang='lat' dir='ltr'>posset,</span> <span class='ocrx_word' id='word_1_139' title='bbox 656 2138 737 2189; x_wconf 90' lang='lat' dir='ltr'>quam</span> <span class='ocrx_word' id='word_1_140' title='bbox 755 2127 822 2192; x_wconf 74' lang='lat' dir='ltr'>liaeo</span> <span class='ocrx_word' id='word_1_141' title='bbox 860 2123 1015 2186; x_wconf 83' lang='lat' dir='ltr'>dignitatem</span> <span class='ocrx_word' id='word_1_142' title='bbox 1031 2122 1151 2174; x_wconf 81' lang='lat' dir='ltr'>illaesam</span> <span class='ocrx_word' id='word_1_143' title='bbox 1169 2127 1292 2175; x_wconf 86' lang='lat' dir='ltr'>servarit.</span> <span class='ocrx_word' id='word_1_144' title='bbox 1324 2127 1386 2174; x_wconf 84' lang='lat' dir='ltr'>Par-</span> 
     </span>
     <span class='ocr_line' id='line_1_17' title="bbox 295 2197 1386 2267; baseline -0.003 -16"><span class='ocrx_word' id='word_1_145' title='bbox 295 2205 352 2267; x_wconf 91' lang='lat' dir='ltr'>ipsa</span> <span class='ocrx_word' id='word_1_146' title='bbox 378 2215 462 2251; x_wconf 90' lang='lat' dir='ltr'>coena</span> <span class='ocrx_word' id='word_1_147' title='bbox 488 2205 516 2250; x_wconf 91' lang='lat' dir='ltr'>et</span> <span class='ocrx_word' id='word_1_148' title='bbox 541 2202 587 2264; x_wconf 93' lang='lat' dir='ltr'>qui</span> <span class='ocrx_word' id='word_1_149' title='bbox 612 2213 673 2250; x_wconf 92' lang='lat' dir='ltr'>eam</span> <span class='ocrx_word' id='word_1_150' title='bbox 699 2200 823 2266; x_wconf 88' lang='lat' dir='ltr'>praebuit</span> <span class='ocrx_word' id='word_1_151' title='bbox 859 2197 1151 2260; x_wconf 88' lang='lat' dir='ltr'>tinabatautemillud,</span> <span class='ocrx_word' id='word_1_152' title='bbox 1170 2200 1279 2264; x_wconf 77' lang='lat' dir='ltr'>opinor¹</span> <span class='ocrx_word' id='word_1_153' title='bbox 1299 2198 1386 2249; x_wconf 89' lang='lat' dir='ltr'>adto-</span> 
     </span>
     <span class='ocr_line' id='line_1_18' title="bbox 295 2273 1387 2340; baseline -0.005 -12"><span class='ocrx_word' id='word_1_154' title='bbox 295 2277 452 2328; x_wconf 84' lang='lat' dir='ltr'>Nasidienus</span> <span class='ocrx_word' id='word_1_155' title='bbox 478 2290 511 2325; x_wconf 74' lang='grc' dir='ltr'>ωε</span> <span class='ocrx_word' id='word_1_156' title='bbox 535 2277 623 2340; x_wconf 72' lang='lat' dir='ltr'>infima</span> <span class='ocrx_word' id='word_1_157' title='bbox 646 2277 765 2338; x_wconf 75' lang='lat' dir='ltr'>formae,</span> <span class='ocrx_word' id='word_1_158' title='bbox 793 2279 823 2324; x_wconf 90' lang='grc' dir='ltr'>ιιι</span> <span class='ocrx_word' id='word_1_159' title='bbox 860 2275 914 2322; x_wconf 91' lang='lat' dir='ltr'>tam</span> <span class='ocrx_word' id='word_1_160' title='bbox 931 2274 991 2322; x_wconf 90' lang='lat' dir='ltr'>novi</span> <span class='ocrx_word' id='word_1_161' title='bbox 1008 2273 1172 2337; x_wconf 81' lang='lat' dir='ltr'>principatus</span> <span class='ocrx_word' id='word_1_162' title='bbox 1189 2273 1335 2333; x_wconf 88' lang='lat' dir='ltr'>rationem,</span> <span class='ocrx_word' id='word_1_163' title='bbox 1358 2275 1387 2322; x_wconf 93' lang='lat' dir='ltr'>ut</span> 
     </span>
     <span class='ocr_line' id='line_1_19' title="bbox 295 2348 1387 2413; baseline -0.004 -12"><span class='ocrx_word' id='word_1_164' title='bbox 295 2353 384 2402; x_wconf 91' lang='lat' dir='ltr'>omnia</span> <span class='ocrx_word' id='word_1_165' title='bbox 409 2353 536 2413; x_wconf 78' lang='lat' dir='ltr'>arguunt,</span> <span class='ocrx_word' id='word_1_166' title='bbox 557 2356 701 2412; x_wconf 66' lang='lat' dir='ltr'>provectam</span> <span class='ocrx_word' id='word_1_167' title='bbox 726 2351 820 2410; x_wconf 88' lang='lat' dir='ltr'>bomo,</span> <span class='ocrx_word' id='word_1_168' title='bbox 860 2349 960 2399; x_wconf 87' lang='lat' dir='ltr'>Caesar</span> <span class='ocrx_word' id='word_1_169' title='bbox 981 2348 1116 2399; x_wconf 89' lang='lat' dir='ltr'>interdum</span> <span class='ocrx_word' id='word_1_170' title='bbox 1139 2351 1213 2398; x_wconf 84' lang='lat' dir='ltr'>carte</span> <span class='ocrx_word' id='word_1_171' title='bbox 1231 2349 1387 2399; x_wconf 87' lang='lat' dir='ltr'>comitatam</span> 
     </span>
     <span class='ocr_line' id='line_1_20' title="bbox 295 2421 1386 2487; baseline -0.004 -11"><span class='ocrx_word' id='word_1_172' title='bbox 295 2429 324 2476; x_wconf 91' lang='lat' dir='ltr'>ut</span> <span class='ocrx_word' id='word_1_173' title='bbox 351 2425 491 2476; x_wconf 87' lang='lat' dir='ltr'>Wielandii</span> <span class='ocrx_word' id='word_1_174' title='bbox 519 2425 608 2477; x_wconf 88' lang='lat' dir='ltr'>verbis</span> <span class='ocrx_word' id='word_1_175' title='bbox 637 2429 710 2487; x_wconf 88' lang='lat' dir='ltr'>utor,</span> <span class='ocrx_word' id='word_1_176' title='bbox 741 2438 821 2476; x_wconf 87' lang='lat' dir='ltr'>avare</span> <span class='ocrx_word' id='word_1_177' title='bbox 859 2436 936 2474; x_wconf 92' lang='lat' dir='ltr'>snam</span> <span class='ocrx_word' id='word_1_178' title='bbox 954 2425 981 2474; x_wconf 89' lang='lat' dir='ltr'>at</span> <span class='ocrx_word' id='word_1_179' title='bbox 998 2421 1104 2474; x_wconf 86' lang='lat' dir='ltr'>civilem</span> <span class='ocrx_word' id='word_1_180' title='bbox 1121 2423 1240 2472; x_wconf 89' lang='lat' dir='ltr'>animum</span> <span class='ocrx_word' id='word_1_181' title='bbox 1251 2435 1303 2486; x_wconf 89' lang='lat' dir='ltr'>per</span> <span class='ocrx_word' id='word_1_182' title='bbox 1315 2423 1386 2472; x_wconf 89' lang='lat' dir='ltr'>Mae·</span> 
     </span>
     <span class='ocr_line' id='line_1_21' title="bbox 295 2494 1387 2564; baseline -0.004 -15"><span class='ocrx_word' id='word_1_183' title='bbox 295 2501 435 2564; x_wconf 84' lang='lat' dir='ltr'>prodigus,</span> <span class='ocrx_word' id='word_1_184' title='bbox 458 2499 576 2564; x_wconf 87' lang='lat' dir='ltr'>superba</span> <span class='ocrx_word' id='word_1_185' title='bbox 593 2500 757 2559; x_wconf 78' lang='lat' dir='ltr'>submissus.</span> <span class='ocrx_word' id='word_1_186' title='bbox 777 2512 821 2548; x_wconf 87' lang='lat' dir='ltr'>ar·</span> <span class='ocrx_word' id='word_1_187' title='bbox 859 2501 982 2548; x_wconf 89' lang='lat' dir='ltr'>cenatem</span> <span class='ocrx_word' id='word_1_188' title='bbox 1000 2499 1063 2548; x_wconf 87' lang='lat' dir='ltr'>huic</span> <span class='ocrx_word' id='word_1_189' title='bbox 1080 2499 1120 2547; x_wconf 89' lang='lat' dir='ltr'>rei</span> <span class='ocrx_word' id='word_1_190' title='bbox 1139 2497 1307 2562; x_wconf 88' lang='lat' dir='ltr'>aptissimum</span> <span class='ocrx_word' id='word_1_191' title='bbox 1330 2494 1387 2547; x_wconf 89' lang='lat' dir='ltr'>tali-</span> 
     </span>
     <span class='ocr_line' id='line_1_22' title="bbox 297 2570 1387 2638; baseline -0.003 -14"><span class='ocrx_word' id='word_1_192' title='bbox 297 2576 422 2636; x_wconf 85' lang='lat' dir='ltr'>rogantar</span> <span class='ocrx_word' id='word_1_193' title='bbox 442 2572 582 2636; x_wconf 86' lang='lat' dir='ltr'>credulus,</span> <span class='ocrx_word' id='word_1_194' title='bbox 611 2573 770 2638; x_wconf 84' lang='lat' dir='ltr'>elegantiam</span> <span class='ocrx_word' id='word_1_195' title='bbox 795 2577 823 2624; x_wconf 90' lang='lat' dir='ltr'>el</span> <span class='ocrx_word' id='word_1_196' title='bbox 858 2571 911 2624; x_wconf 88' lang='lat' dir='ltr'>bus</span> <span class='ocrx_word' id='word_1_197' title='bbox 928 2586 1035 2636; x_wconf 93' lang='lat' dir='ltr'>quoque</span> <span class='ocrx_word' id='word_1_198' title='bbox 1055 2571 1209 2622; x_wconf 90' lang='lat' dir='ltr'>hominibus</span> <span class='ocrx_word' id='word_1_199' title='bbox 1226 2570 1387 2638; x_wconf 89' lang='lat' dir='ltr'>comproba-</span> 
     </span>
     <span class='ocr_line' id='line_1_23' title="bbox 295 2646 1447 2711; baseline -0.003 -12"><span class='ocrx_word' id='word_1_200' title='bbox 295 2649 474 2699; x_wconf 90' lang='lat' dir='ltr'>urbanitatem</span> <span class='ocrx_word' id='word_1_201' title='bbox 488 2647 599 2699; x_wconf 87' lang='lat' dir='ltr'>ridicule</span> <span class='ocrx_word' id='word_1_202' title='bbox 613 2649 755 2710; x_wconf 79' lang='lat' dir='ltr'>affectans,</span> <span class='ocrx_word' id='word_1_203' title='bbox 772 2650 821 2700; x_wconf 88' lang='lat' dir='ltr'>sed</span> <span class='ocrx_word' id='word_1_204' title='bbox 859 2649 913 2706; x_wconf 89' lang='lat' dir='ltr'>ret;</span> <span class='ocrx_word' id='word_1_205' title='bbox 933 2647 990 2711; x_wconf 89' lang='lat' dir='ltr'>ipse</span> <span class='ocrx_word' id='word_1_206' title='bbox 1008 2647 1081 2696; x_wconf 89' lang='lat' dir='ltr'>enim</span> <span class='ocrx_word' id='word_1_207' title='bbox 1098 2646 1306 2698; x_wconf 88' lang='lat' dir='ltr'>Nasidienorum</span> <span class='ocrx_word' id='word_1_208' title='bbox 1324 2659 1386 2696; x_wconf 86' lang='lat' dir='ltr'>coe·</span> <span class='ocrx_word' id='word_1_209' title='bbox 1439 2689 1447 2704; x_wconf 84' lang='lat'><strong>,</strong></span> 
     </span>
     <span class='ocr_line' id='line_1_24' title="bbox 294 2721 1385 2787; baseline -0.001 -14"><span class='ocrx_word' id='word_1_210' title='bbox 294 2723 367 2774; x_wconf 91' lang='lat' dir='ltr'>idem</span> <span class='ocrx_word' id='word_1_211' title='bbox 384 2724 502 2787; x_wconf 81' lang='lat' dir='ltr'>ineptus,</span> <span class='ocrx_word' id='word_1_212' title='bbox 528 2722 738 2787; x_wconf 79' lang='lat' dir='ltr'>taedii-plenus,</span> <span class='ocrx_word' id='word_1_213' title='bbox 764 2727 821 2774; x_wconf 90' lang='lat' dir='ltr'>sto-</span> <span class='ocrx_word' id='word_1_214' title='bbox 858 2723 900 2773; x_wconf 94' lang='lat' dir='ltr'>nis</span> <span class='ocrx_word' id='word_1_215' title='bbox 918 2723 1048 2773; x_wconf 87' lang='lat' dir='ltr'>interesse</span> <span class='ocrx_word' id='word_1_216' title='bbox 1067 2735 1120 2772; x_wconf 91' lang='lat' dir='ltr'>non</span> <span class='ocrx_word' id='word_1_217' title='bbox 1136 2723 1249 2786; x_wconf 87' lang='lat' dir='ltr'>poterat.</span> <span class='ocrx_word' id='word_1_218' title='bbox 1287 2721 1385 2773; x_wconf 84' lang='lat' dir='ltr'>sedne</span> 
     </span>
     <span class='ocr_line' id='line_1_25' title="bbox 294 2797 1385 2861; baseline -0.004 -12"><span class='ocrx_word' id='word_1_219' title='bbox 294 2799 376 2859; x_wconf 86' lang='lat' dir='ltr'>lidus,</span> <span class='ocrx_word' id='word_1_220' title='bbox 404 2799 476 2849; x_wconf 90' lang='lat' dir='ltr'>omni</span> <span class='ocrx_word' id='word_1_221' title='bbox 502 2810 584 2849; x_wconf 87' lang='lat' dir='ltr'>sensu</span> <span class='ocrx_word' id='word_1_222' title='bbox 613 2800 767 2861; x_wconf 82' lang='lat' dir='ltr'>communi,</span> <span class='ocrx_word' id='word_1_223' title='bbox 793 2799 823 2851; x_wconf 89' lang='lat' dir='ltr'>li-</span> <span class='ocrx_word' id='word_1_224' title='bbox 858 2797 996 2850; x_wconf 89' lang='lat' dir='ltr'>molestiae</span> <span class='ocrx_word' id='word_1_225' title='bbox 1013 2797 1218 2858; x_wconf 83' lang='lat' dir='ltr'>succumberet,</span> <span class='ocrx_word' id='word_1_226' title='bbox 1241 2798 1385 2847; x_wconf 80' lang='lat' dir='ltr'>Maecenas</span> 
     </span>
     <span class='ocr_line' id='line_1_26' title="bbox 293 2870 1386 2935; baseline -0.004 -11"><span class='ocrx_word' id='word_1_227' title='bbox 293 2871 426 2924; x_wconf 91' lang='lat' dir='ltr'>beraliore</span> <span class='ocrx_word' id='word_1_228' title='bbox 444 2873 602 2924; x_wconf 88' lang='lat' dir='ltr'>educatione</span> <span class='ocrx_word' id='word_1_229' title='bbox 620 2887 652 2924; x_wconf 91' lang='lat' dir='ltr'>ae</span> <span class='ocrx_word' id='word_1_230' title='bbox 675 2875 745 2924; x_wconf 88' lang='lat' dir='ltr'>vitae</span> <span class='ocrx_word' id='word_1_231' title='bbox 771 2887 820 2926; x_wconf 88' lang='lat' dir='ltr'>usu</span> <span class='ocrx_word' id='word_1_232' title='bbox 859 2877 886 2925; x_wconf 89' lang='lat' dir='ltr'>et</span> <span class='ocrx_word' id='word_1_233' title='bbox 902 2873 1004 2923; x_wconf 92' lang='lat' dir='ltr'>amieos</span> <span class='ocrx_word' id='word_1_234' title='bbox 1022 2874 1049 2922; x_wconf 91' lang='lat' dir='ltr'>et</span> <span class='ocrx_word' id='word_1_235' title='bbox 1066 2870 1177 2922; x_wconf 89' lang='lat' dir='ltr'>umbras</span> <span class='ocrx_word' id='word_1_236' title='bbox 1195 2870 1239 2921; x_wconf 90' lang='lat' dir='ltr'>tali</span> <span class='ocrx_word' id='word_1_237' title='bbox 1261 2873 1321 2922; x_wconf 92' lang='lat' dir='ltr'>ioco</span> <span class='ocrx_word' id='word_1_238' title='bbox 1338 2883 1386 2935; x_wconf 91' lang='lat' dir='ltr'>pa-</span> 
     </span>
     <span class='ocr_line' id='line_1_27' title="bbox 293 2945 1386 3012; baseline -0.003 -13"><span class='ocrx_word' id='word_1_239' title='bbox 293 2948 443 3005; x_wconf 84' lang='lat' dir='ltr'>destitutus.</span> <span class='ocrx_word' id='word_1_240' title='bbox 494 2946 542 2998; x_wconf 89' lang='lat' dir='ltr'>Vel</span> <span class='ocrx_word' id='word_1_241' title='bbox 574 2948 709 3012; x_wconf 87' lang='lat' dir='ltr'>hodieque</span> <span class='ocrx_word' id='word_1_242' title='bbox 738 2947 822 2999; x_wconf 90' lang='lat' dir='ltr'>lector</span> <span class='ocrx_word' id='word_1_243' title='bbox 857 2961 902 2998; x_wconf 89' lang='lat' dir='ltr'>res</span> <span class='ocrx_word' id='word_1_244' title='bbox 936 2945 1078 3009; x_wconf 83' lang='lat' dir='ltr'>deligebat.</span> <span class='ocrx_word' id='word_1_245' title='bbox 1127 2946 1261 2996; x_wconf 88' lang='lat' dir='ltr'>Nasidieni</span> <span class='ocrx_word' id='word_1_246' title='bbox 1296 2951 1386 2998; x_wconf 88' lang='lat' dir='ltr'>autem</span> 
     </span>
    </p>
   </div>
   <div class='ocr_carea' id='block_1_6' title="bbox 195 3020 1387 3087">
    <p class='ocr_par' dir='ltr' id='par_1_6' title="bbox 195 3020 1387 3087">
     <span class='ocr_line' id='line_1_28' title="bbox 195 3020 1387 3087; baseline -0.001 -14"><span class='ocrx_word' id='word_1_247' title='bbox 195 3048 200 3060; x_wconf 89' lang='lat'><strong>·</strong></span> <span class='ocrx_word' id='word_1_248' title='bbox 293 3024 392 3074; x_wconf 89' lang='lat' dir='ltr'>Horatii</span> <span class='ocrx_word' id='word_1_249' title='bbox 415 3025 457 3072; x_wconf 81' lang='lat' dir='ltr'>vix</span> <span class='ocrx_word' id='word_1_250' title='bbox 478 3024 506 3072; x_wconf 94' lang='lat' dir='ltr'>in</span> <span class='ocrx_word' id='word_1_251' title='bbox 525 3020 576 3072; x_wconf 92' lang='lat' dir='ltr'>ulla</span> <span class='ocrx_word' id='word_1_252' title='bbox 595 3021 644 3073; x_wconf 88' lang='lat' dir='ltr'>alia</span> <span class='ocrx_word' id='word_1_253' title='bbox 662 3024 720 3074; x_wconf 87' lang='lat' dir='ltr'>eius</span> <span class='ocrx_word' id='word_1_254' title='bbox 737 3025 821 3073; x_wconf 87' lang='lat' dir='ltr'>salira</span> <span class='ocrx_word' id='word_1_255' title='bbox 857 3023 939 3087; x_wconf 87' lang='lat' dir='ltr'>ipsius</span> <span class='ocrx_word' id='word_1_256' title='bbox 956 3034 1072 3085; x_wconf 88' lang='lat' dir='ltr'>persona</span> <span class='ocrx_word' id='word_1_257' title='bbox 1090 3035 1106 3071; x_wconf 90' lang='lat' dir='ltr'>a</span> <span class='ocrx_word' id='word_1_258' title='bbox 1124 3035 1224 3072; x_wconf 84' lang='lat' dir='ltr'>coenae</span> <span class='ocrx_word' id='word_1_259' title='bbox 1248 3022 1325 3072; x_wconf 92' lang='lat' dir='ltr'>initio</span> <span class='ocrx_word' id='word_1_260' title='bbox 1344 3033 1387 3071; x_wconf 85' lang='lat' dir='ltr'>us-</span> 
     </span>
    </p>
   </div>
   <div class='ocr_carea' id='block_1_7' title="bbox 272 3095 1386 4359">
    <p class='ocr_par' dir='ltr' id='par_1_7' title="bbox 272 3095 1386 4359">
     <span class='ocr_line' id='line_1_29' title="bbox 293 3095 1386 3161; baseline -0.003 -12"><span class='ocrx_word' id='word_1_261' title='bbox 293 3102 348 3149; x_wconf 90' lang='lat' dir='ltr'>tam</span> <span class='ocrx_word' id='word_1_262' title='bbox 365 3096 446 3148; x_wconf 90' lang='lat' dir='ltr'>multa</span> <span class='ocrx_word' id='word_1_263' title='bbox 465 3096 575 3148; x_wconf 91' lang='lat' dir='ltr'>ridicula</span> <span class='ocrx_word' id='word_1_264' title='bbox 591 3101 618 3148; x_wconf 90' lang='lat' dir='ltr'>et</span> <span class='ocrx_word' id='word_1_265' title='bbox 635 3097 781 3148; x_wconf 86' lang='lat' dir='ltr'>deridenda</span> <span class='ocrx_word' id='word_1_266' title='bbox 794 3099 820 3148; x_wconf 90' lang='lat' dir='ltr'>in</span> <span class='ocrx_word' id='word_1_267' title='bbox 857 3109 910 3161; x_wconf 91' lang='lat' dir='ltr'>que</span> <span class='ocrx_word' id='word_1_268' title='bbox 928 3096 962 3147; x_wconf 92' lang='lat' dir='ltr'>ad</span> <span class='ocrx_word' id='word_1_269' title='bbox 980 3097 1063 3147; x_wconf 87' lang='lat' dir='ltr'>tinem</span> <span class='ocrx_word' id='word_1_270' title='bbox 1080 3097 1150 3146; x_wconf 90' lang='lat' dir='ltr'>inter</span> <span class='ocrx_word' id='word_1_271' title='bbox 1167 3109 1304 3148; x_wconf 89' lang='lat' dir='ltr'>summam</span> <span class='ocrx_word' id='word_1_272' title='bbox 1321 3095 1386 3146; x_wconf 88' lang='lat' dir='ltr'>bea·</span> 
     </span>
     <span class='ocr_line' id='line_1_30' title="bbox 293 3171 1386 3238; baseline -0.002 -16"><span class='ocrx_word' id='word_1_273' title='bbox 293 3171 638 3224; x_wconf 89' lang='lat' dir='ltr'>unumcollectainveniet:</span> <span class='ocrx_word' id='word_1_274' title='bbox 651 3171 820 3238; x_wconf 84' lang='lat' dir='ltr'>quantoplus</span> <span class='ocrx_word' id='word_1_275' title='bbox 858 3171 998 3222; x_wconf 87' lang='lat' dir='ltr'>titudinem</span> <span class='ocrx_word' id='word_1_276' title='bbox 1028 3183 1218 3234; x_wconf 85' lang='lat' dir='ltr'>summamque</span> <span class='ocrx_word' id='word_1_277' title='bbox 1248 3171 1386 3221; x_wconf 88' lang='lat' dir='ltr'>miseriam</span> 
     </span>
     <span class='ocr_line' id='line_1_31' title="bbox 293 3243 1386 3308; baseline -0.004 -9"><span class='ocrx_word' id='word_1_278' title='bbox 293 3249 426 3299; x_wconf 84' lang='lat' dir='ltr'>Nomanus</span> <span class='ocrx_word' id='word_1_279' title='bbox 452 3247 536 3298; x_wconf 90' lang='lat' dir='ltr'>lactor</span> <span class='ocrx_word' id='word_1_280' title='bbox 561 3249 713 3298; x_wconf 86' lang='lat' dir='ltr'>invenerit‘l</span> <span class='ocrx_word' id='word_1_281' title='bbox 738 3251 820 3298; x_wconf 86' lang='lat' dir='ltr'>Prae·</span> <span class='ocrx_word' id='word_1_282' title='bbox 858 3247 983 3298; x_wconf 91' lang='lat' dir='ltr'>continuo</span> <span class='ocrx_word' id='word_1_283' title='bbox 1000 3249 1111 3304; x_wconf 79' lang='lat' dir='ltr'>nutam.</span> <span class='ocrx_word' id='word_1_284' title='bbox 1137 3243 1206 3295; x_wconf 90' lang='lat' dir='ltr'>ultra</span> <span class='ocrx_word' id='word_1_285' title='bbox 1224 3257 1308 3308; x_wconf 92' lang='lat' dir='ltr'>quam</span> <span class='ocrx_word' id='word_1_286' title='bbox 1326 3257 1386 3296; x_wconf 88' lang='lat' dir='ltr'>cra-</span> 
     </span>
     <span class='ocr_line' id='line_1_32' title="bbox 293 3319 1386 3385; baseline -0.005 -11"><span class='ocrx_word' id='word_1_287' title='bbox 293 3324 385 3374; x_wconf 88' lang='lat' dir='ltr'>sertim</span> <span class='ocrx_word' id='word_1_288' title='bbox 403 3323 475 3372; x_wconf 91' lang='lat' dir='ltr'>enim</span> <span class='ocrx_word' id='word_1_289' title='bbox 492 3323 518 3371; x_wconf 96' lang='lat' dir='ltr'>in</span> <span class='ocrx_word' id='word_1_290' title='bbox 543 3322 590 3383; x_wconf 88' lang='lat' dir='ltr'>iis,</span> <span class='ocrx_word' id='word_1_291' title='bbox 620 3335 689 3385; x_wconf 90' lang='lat' dir='ltr'>quae</span> <span class='ocrx_word' id='word_1_292' title='bbox 710 3322 744 3373; x_wconf 92' lang='lat' dir='ltr'>de</span> <span class='ocrx_word' id='word_1_293' title='bbox 765 3321 819 3372; x_wconf 85' lang='lat' dir='ltr'>ier·</span> <span class='ocrx_word' id='word_1_294' title='bbox 857 3319 937 3372; x_wconf 88' lang='lat' dir='ltr'>dibile</span> <span class='ocrx_word' id='word_1_295' title='bbox 962 3324 1019 3382; x_wconf 88' lang='lat' dir='ltr'>est,</span> <span class='ocrx_word' id='word_1_296' title='bbox 1046 3319 1157 3371; x_wconf 84' lang='lat' dir='ltr'>ridicula</span> <span class='ocrx_word' id='word_1_297' title='bbox 1179 3322 1280 3370; x_wconf 86' lang='lat' dir='ltr'>manet.</span> <span class='ocrx_word' id='word_1_298' title='bbox 1317 3321 1386 3370; x_wconf 85' lang='lat' dir='ltr'>Fun·</span> 
     </span>
     <span class='ocr_line' id='line_1_33' title="bbox 292 3393 1386 3461; baseline -0.004 -13"><span class='ocrx_word' id='word_1_299' title='bbox 292 3396 414 3448; x_wconf 89' lang='lat' dir='ltr'>culorum</span> <span class='ocrx_word' id='word_1_300' title='bbox 436 3395 529 3446; x_wconf 89' lang='lat' dir='ltr'>ordine</span> <span class='ocrx_word' id='word_1_301' title='bbox 551 3399 734 3461; x_wconf 85' lang='lat' dir='ltr'>apparatuque</span> <span class='ocrx_word' id='word_1_302' title='bbox 754 3409 819 3446; x_wconf 88' lang='lat' dir='ltr'>nar-</span> <span class='ocrx_word' id='word_1_303' title='bbox 857 3397 935 3448; x_wconf 92' lang='lat' dir='ltr'>danio</span> <span class='ocrx_word' id='word_1_304' title='bbox 952 3397 1034 3459; x_wconf 84' lang='lat' dir='ltr'>item,</span> <span class='ocrx_word' id='word_1_305' title='bbox 1054 3397 1161 3460; x_wconf 80' lang='lat' dir='ltr'>egregio</span> <span class='ocrx_word' id='word_1_306' title='bbox 1172 3396 1268 3460; x_wconf 78' lang='lat' dir='ltr'>poetae</span> <span class='ocrx_word' id='word_1_307' title='bbox 1282 3393 1386 3446; x_wconf 88' lang='lat' dir='ltr'>comico</span> 
     </span>
     <span class='ocr_line' id='line_1_34' title="bbox 292 3469 1386 3536; baseline -0.003 -14"><span class='ocrx_word' id='word_1_308' title='bbox 292 3474 400 3532; x_wconf 86' lang='lat' dir='ltr'>rantur,</span> <span class='ocrx_word' id='word_1_309' title='bbox 428 3471 472 3519; x_wconf 82' lang='lat' dir='ltr'>vin</span> <span class='ocrx_word' id='word_1_310' title='bbox 495 3483 566 3520; x_wconf 91' lang='lat' dir='ltr'>nunc</span> <span class='ocrx_word' id='word_1_311' title='bbox 583 3471 661 3520; x_wconf 90' lang='lat' dir='ltr'>nobis</span> <span class='ocrx_word' id='word_1_312' title='bbox 678 3469 818 3522; x_wconf 86' lang='lat' dir='ltr'>derisionis</span> <span class='ocrx_word' id='word_1_313' title='bbox 858 3475 918 3536; x_wconf 83' lang='lat' dir='ltr'>(Sat.</span> <span class='ocrx_word' id='word_1_314' title='bbox 941 3471 968 3532; x_wconf 86' lang='lat' dir='ltr'>l,</span> <span class='ocrx_word' id='word_1_315' title='bbox 996 3471 1040 3535; x_wconf 83' lang='lat' dir='ltr'>to,</span> <span class='ocrx_word' id='word_1_316' title='bbox 1065 3471 1098 3522; x_wconf 85' lang='lat' dir='ltr'>iu</span> <span class='ocrx_word' id='word_1_317' title='bbox 1116 3473 1197 3536; x_wconf 82' lang='lat' dir='ltr'>sqq),</span> <span class='ocrx_word' id='word_1_318' title='bbox 1221 3473 1386 3521; x_wconf 88' lang='lat' dir='ltr'>convenien-</span> 
     </span>
     <span class='ocr_line' id='line_1_35' title="bbox 291 3544 1383 3609; baseline -0.003 -13"><span class='ocrx_word' id='word_1_319' title='bbox 291 3547 346 3596; x_wconf 85' lang='lat' dir='ltr'>vim</span> <span class='ocrx_word' id='word_1_320' title='bbox 366 3544 408 3595; x_wconf 88' lang='lat' dir='ltr'>vel</span> <span class='ocrx_word' id='word_1_321' title='bbox 434 3545 586 3594; x_wconf 86' lang='lat' dir='ltr'>coniectura</span> <span class='ocrx_word' id='word_1_322' title='bbox 609 3547 716 3609; x_wconf 85' lang='lat' dir='ltr'>assequi</span> <span class='ocrx_word' id='word_1_323' title='bbox 743 3544 817 3608; x_wconf 84' lang='lat' dir='ltr'>licet,</span> <span class='ocrx_word' id='word_1_324' title='bbox 857 3548 958 3598; x_wconf 89' lang='lat' dir='ltr'>tissima</span> <span class='ocrx_word' id='word_1_325' title='bbox 976 3547 1058 3596; x_wconf 89' lang='lat' dir='ltr'>totam</span> <span class='ocrx_word' id='word_1_326' title='bbox 1081 3547 1262 3596; x_wconf 86' lang='lat' dir='ltr'>narrationem</span> <span class='ocrx_word' id='word_1_327' title='bbox 1284 3544 1383 3595; x_wconf 85' lang='lat' dir='ltr'>tribuit.</span> 
     </span>
     <span class='ocr_line' id='line_1_36' title="bbox 272 3616 1386 3685; baseline 0 -15"><span class='ocrx_word' id='word_1_328' title='bbox 272 3626 380 3683; x_wconf 85' lang='lat' dir='ltr'>&#39;neque</span> <span class='ocrx_word' id='word_1_329' title='bbox 398 3616 517 3670; x_wconf 85' lang='lat' dir='ltr'>salmasii</span> <span class='ocrx_word' id='word_1_330' title='bbox 535 3622 581 3669; x_wconf 89' lang='lat' dir='ltr'>aut</span> <span class='ocrx_word' id='word_1_331' title='bbox 599 3620 742 3684; x_wconf 80' lang='lat' dir='ltr'>Boattigeri</span> <span class='ocrx_word' id='word_1_332' title='bbox 759 3633 819 3671; x_wconf 83' lang='lat' dir='ltr'>em·</span> <span class='ocrx_word' id='word_1_333' title='bbox 855 3621 922 3672; x_wconf 86' lang='lat' dir='ltr'>Vide</span> <span class='ocrx_word' id='word_1_334' title='bbox 932 3621 1057 3685; x_wconf 87' lang='lat' dir='ltr'>denique,</span> <span class='ocrx_word' id='word_1_335' title='bbox 1071 3633 1104 3671; x_wconf 88' lang='lat' dir='ltr'>na</span> <span class='ocrx_word' id='word_1_336' title='bbox 1118 3621 1185 3672; x_wconf 86' lang='lat' dir='ltr'>haee</span> <span class='ocrx_word' id='word_1_337' title='bbox 1198 3621 1283 3671; x_wconf 85' lang='lat' dir='ltr'>Satira</span> <span class='ocrx_word' id='word_1_338' title='bbox 1296 3632 1386 3670; x_wconf 86' lang='lat' dir='ltr'>axam·</span> 
     </span>
     <span class='ocr_line' id='line_1_37' title="bbox 292 3694 1386 3762; baseline 0 -18"><span class='ocrx_word' id='word_1_339' title='bbox 292 3694 357 3746; x_wconf 87' lang='lat' dir='ltr'>ditio</span> <span class='ocrx_word' id='word_1_340' title='bbox 380 3695 505 3758; x_wconf 90' lang='lat' dir='ltr'>suppetat</span> <span class='ocrx_word' id='word_1_341' title='bbox 528 3694 564 3745; x_wconf 91' lang='lat' dir='ltr'>ad</span> <span class='ocrx_word' id='word_1_342' title='bbox 586 3707 681 3746; x_wconf 90' lang='lat' dir='ltr'>omnes</span> <span class='ocrx_word' id='word_1_343' title='bbox 707 3696 819 3760; x_wconf 88' lang='lat' dir='ltr'>ineptias</span> <span class='ocrx_word' id='word_1_344' title='bbox 855 3695 913 3762; x_wconf 91' lang='lat' dir='ltr'>plar</span> <span class='ocrx_word' id='word_1_345' title='bbox 931 3696 1010 3747; x_wconf 89' lang='lat' dir='ltr'>luerit</span> <span class='ocrx_word' id='word_1_346' title='bbox 1031 3697 1205 3747; x_wconf 87' lang='lat' dir='ltr'>Petronianae</span> <span class='ocrx_word' id='word_1_347' title='bbox 1223 3694 1292 3746; x_wconf 89' lang='lat' dir='ltr'>iNius</span> <span class='ocrx_word' id='word_1_348' title='bbox 1316 3695 1386 3746; x_wconf 87' lang='lat' dir='ltr'>Coe-</span> 
     </span>
     <span class='ocr_line' id='line_1_38' title="bbox 292 3767 1386 3833; baseline -0.001 -13"><span class='ocrx_word' id='word_1_349' title='bbox 292 3769 530 3830; x_wconf 86' lang='lat' dir='ltr'>demonstrandas,</span> <span class='ocrx_word' id='word_1_350' title='bbox 544 3767 642 3833; x_wconf 88' lang='lat' dir='ltr'>quibus</span> <span class='ocrx_word' id='word_1_351' title='bbox 655 3769 722 3820; x_wconf 87' lang='lat' dir='ltr'>haee</span> <span class='ocrx_word' id='word_1_352' title='bbox 734 3783 818 3820; x_wconf 89' lang='lat' dir='ltr'>coena</span> <span class='ocrx_word' id='word_1_353' title='bbox 857 3783 906 3821; x_wconf 89' lang='lat' dir='ltr'>nae</span> <span class='ocrx_word' id='word_1_354' title='bbox 919 3769 1134 3832; x_wconf 86' lang='lat' dir='ltr'>Trimalchionis,</span> <span class='ocrx_word' id='word_1_355' title='bbox 1153 3770 1249 3822; x_wconf 84' lang='lat' dir='ltr'>merito</span> <span class='ocrx_word' id='word_1_356' title='bbox 1261 3767 1386 3820; x_wconf 82' lang='lat' dir='ltr'>celebra·</span> 
     </span>
     <span class='ocr_line' id='line_1_39' title="bbox 291 3845 1386 3898; baseline -0.001 -4"><span class='ocrx_word' id='word_1_357' title='bbox 291 3845 460 3895; x_wconf 81' lang='lat' dir='ltr'>laboraverit.</span> <span class='ocrx_word' id='word_1_358' title='bbox 501 3845 566 3894; x_wconf 83' lang='lat' dir='ltr'>an</span> <span class='ocrx_word' id='word_1_359' title='bbox 593 3857 624 3894; x_wconf 87' lang='lat' dir='ltr'>ex</span> <span class='ocrx_word' id='word_1_360' title='bbox 651 3845 816 3894; x_wconf 83' lang='lat' dir='ltr'>Hnrnnoruno.</span> <span class='ocrx_word' id='word_1_361' title='bbox 856 3847 984 3898; x_wconf 90' lang='lat' dir='ltr'>tissimaa.</span> <span class='ocrx_word' id='word_1_362' title='bbox 1020 3848 1077 3896; x_wconf 89' lang='lat' dir='ltr'>Non</span> <span class='ocrx_word' id='word_1_363' title='bbox 1095 3847 1153 3896; x_wconf 90' lang='lat' dir='ltr'>sine</span> <span class='ocrx_word' id='word_1_364' title='bbox 1177 3845 1265 3896; x_wconf 87' lang='lat' dir='ltr'>truelu</span> <span class='ocrx_word' id='word_1_365' title='bbox 1286 3855 1386 3896; x_wconf 86' lang='lat' dir='ltr'>conan-</span> 
     </span>
     <span class='ocr_line' id='line_1_40' title="bbox 291 3917 1382 3985; baseline -0.004 -15"><span class='ocrx_word' id='word_1_366' title='bbox 291 3919 372 3971; x_wconf 80' lang='lat' dir='ltr'>Aliter</span> <span class='ocrx_word' id='word_1_367' title='bbox 397 3921 440 3969; x_wconf 83' lang='lat' dir='ltr'>vix</span> <span class='ocrx_word' id='word_1_368' title='bbox 465 3919 523 3970; x_wconf 90' lang='lat' dir='ltr'>lieri</span> <span class='ocrx_word' id='word_1_369' title='bbox 549 3922 653 3984; x_wconf 77' lang='lat' dir='ltr'>potest,</span> <span class='ocrx_word' id='word_1_370' title='bbox 684 3932 764 3983; x_wconf 91' lang='lat' dir='ltr'>quam</span> <span class='ocrx_word' id='word_1_371' title='bbox 789 3921 819 3968; x_wconf 95' lang='lat' dir='ltr'>ut</span> <span class='ocrx_word' id='word_1_372' title='bbox 855 3921 894 3972; x_wconf 87' lang='lat' dir='ltr'>les</span> <span class='ocrx_word' id='word_1_373' title='bbox 911 3922 1029 3985; x_wconf 78' lang='lat' dir='ltr'>Bdttiger</span> <span class='ocrx_word' id='word_1_374' title='bbox 1045 3922 1078 3972; x_wconf 75' lang='lat' dir='ltr'>lael.</span> <span class='ocrx_word' id='word_1_375' title='bbox 1092 3921 1216 3984; x_wconf 72' lang='lat' dir='ltr'>Schriften</span> <span class='ocrx_word' id='word_1_376' title='bbox 1228 3921 1270 3970; x_wconf 93' lang='lat' dir='ltr'>lll.</span> <span class='ocrx_word' id='word_1_377' title='bbox 1283 3932 1310 3983; x_wconf 93' lang='lat' dir='ltr'>p.</span> <span class='ocrx_word' id='word_1_378' title='bbox 1324 3917 1382 3968; x_wconf 76' lang='lat'><strong>2⁴7:</strong></span> 
     </span>
     <span class='ocr_line' id='line_1_41' title="bbox 292 3993 1382 4058; baseline -0.005 -13"><span class='ocrx_word' id='word_1_379' title='bbox 292 3993 425 4046; x_wconf 90' lang='lat' dir='ltr'>Nasidieni</span> <span class='ocrx_word' id='word_1_380' title='bbox 437 4008 535 4046; x_wconf 90' lang='lat' dir='ltr'>nomen</span> <span class='ocrx_word' id='word_1_381' title='bbox 548 3995 652 4044; x_wconf 82' lang='lat' dir='ltr'>tinxerit</span> <span class='ocrx_word' id='word_1_382' title='bbox 664 3996 756 4058; x_wconf 63' lang='lat' dir='ltr'>poclm</span> <span class='ocrx_word' id='word_1_383' title='bbox 770 3994 818 4044; x_wconf 87' lang='lat' dir='ltr'>mi·</span> <span class='ocrx_word' id='word_1_384' title='bbox 855 3997 903 4047; x_wconf 75' lang='lat' dir='ltr'>liin</span> <span class='ocrx_word' id='word_1_385' title='bbox 926 3997 1025 4047; x_wconf 77' lang='lat' dir='ltr'>antiter</span> <span class='ocrx_word' id='word_1_386' title='bbox 1047 3995 1221 4046; x_wconf 76' lang='lat' dir='ltr'>liiicbmettet</span> <span class='ocrx_word' id='word_1_387' title='bbox 1244 4007 1291 4044; x_wconf 82' lang='lat' dir='ltr'>eus</span> <span class='ocrx_word' id='word_1_388' title='bbox 1313 3995 1382 4044; x_wconf 84' lang='lat' dir='ltr'>ilem.</span> 
     </span>
     <span class='ocr_line' id='line_1_42' title="bbox 292 4065 1384 4134; baseline -0.006 -13"><span class='ocrx_word' id='word_1_389' title='bbox 292 4071 364 4121; x_wconf 91' lang='lat' dir='ltr'>nime</span> <span class='ocrx_word' id='word_1_390' title='bbox 385 4069 457 4120; x_wconf 90' lang='lat' dir='ltr'>enlm</span> <span class='ocrx_word' id='word_1_391' title='bbox 480 4069 670 4128; x_wconf 85' lang='lat' dir='ltr'>conveniebat,</span> <span class='ocrx_word' id='word_1_392' title='bbox 698 4071 727 4118; x_wconf 89' lang='lat' dir='ltr'>ut</span> <span class='ocrx_word' id='word_1_393' title='bbox 752 4081 817 4118; x_wconf 89' lang='lat' dir='ltr'>varo</span> <span class='ocrx_word' id='word_1_394' title='bbox 857 4070 987 4134; x_wconf 78' lang='lat' dir='ltr'>lilaerob.</span> <span class='ocrx_word' id='word_1_395' title='bbox 1011 4071 1116 4122; x_wconf 86' lang='lat' dir='ltr'>saturn.</span> <span class='ocrx_word' id='word_1_396' title='bbox 1139 4070 1168 4131; x_wconf 72' lang='lat'>2,</span> <span class='ocrx_word' id='word_1_397' title='bbox 1195 4069 1235 4132; x_wconf 84' lang='grc'>9.)</span> <span class='ocrx_word' id='word_1_398' title='bbox 1261 4067 1334 4118; x_wconf 80' lang='lat' dir='ltr'>Bahr</span> <span class='ocrx_word' id='word_1_399' title='bbox 1359 4065 1384 4114; x_wconf 90' lang='lat' dir='ltr'>in</span> 
     </span>
     <span class='ocr_line' id='line_1_43' title="bbox 292 4143 1382 4205; baseline -0.007 -9"><span class='ocrx_word' id='word_1_400' title='bbox 292 4145 399 4196; x_wconf 92' lang='lat' dir='ltr'>nomine</span> <span class='ocrx_word' id='word_1_401' title='bbox 412 4147 566 4197; x_wconf 88' lang='lat' dir='ltr'>traduceret</span> <span class='ocrx_word' id='word_1_402' title='bbox 577 4147 714 4196; x_wconf 89' lang='lat' dir='ltr'>hominem</span> <span class='ocrx_word' id='word_1_403' title='bbox 727 4145 819 4195; x_wconf 90' lang='lat' dir='ltr'>etiam·</span> <span class='ocrx_word' id='word_1_404' title='bbox 856 4147 974 4198; x_wconf 89' lang='lat' dir='ltr'>Creuzer</span> <span class='ocrx_word' id='word_1_405' title='bbox 996 4146 1082 4196; x_wconf 79' lang='lat' dir='ltr'>Atriss</span> <span class='ocrx_word' id='word_1_406' title='bbox 1104 4145 1149 4195; x_wconf 82' lang='lat' dir='ltr'>der</span> <span class='ocrx_word' id='word_1_407' title='bbox 1170 4149 1234 4194; x_wconf 81' lang='lat' dir='ltr'>rdm.</span> <span class='ocrx_word' id='word_1_408' title='bbox 1252 4143 1337 4203; x_wconf 79' lang='lat' dir='ltr'>datiq.</span> <span class='ocrx_word' id='word_1_409' title='bbox 1356 4153 1382 4205; x_wconf 91' lang='lat' dir='ltr'>p.</span> 
     </span>
     <span class='ocr_line' id='line_1_44' title="bbox 290 4216 1382 4284; baseline -0.007 -14"><span class='ocrx_word' id='word_1_410' title='bbox 290 4224 354 4271; x_wconf 91' lang='lat' dir='ltr'>tunc</span> <span class='ocrx_word' id='word_1_411' title='bbox 366 4221 467 4283; x_wconf 84' lang='lat' dir='ltr'>vivum,</span> <span class='ocrx_word' id='word_1_412' title='bbox 486 4222 529 4272; x_wconf 91' lang='lat' dir='ltr'>cui</span> <span class='ocrx_word' id='word_1_413' title='bbox 547 4220 634 4284; x_wconf 91' lang='lat' dir='ltr'>aliqua</span> <span class='ocrx_word' id='word_1_414' title='bbox 647 4219 743 4271; x_wconf 83' lang='lat' dir='ltr'>saltem</span> <span class='ocrx_word' id='word_1_415' title='bbox 755 4233 816 4271; x_wconf 91' lang='lat' dir='ltr'>cum</span> <span class='ocrx_word' id='word_1_416' title='bbox 855 4221 912 4272; x_wconf 76' lang='lat' dir='ltr'>tot.</span> <span class='ocrx_word' id='word_1_417' title='bbox 931 4221 1034 4271; x_wconf 83' lang='lat' dir='ltr'>Becker</span> <span class='ocrx_word' id='word_1_418' title='bbox 1051 4219 1139 4270; x_wconf 78' lang='lat' dir='ltr'>Gotlru</span> <span class='ocrx_word' id='word_1_419' title='bbox 1157 4218 1208 4280; x_wconf 89' lang='lat' dir='ltr'>(ed.</span> <span class='ocrx_word' id='word_1_420' title='bbox 1223 4216 1276 4278; x_wconf 81' lang='lat' dir='ltr'>alt.)</span> <span class='ocrx_word' id='word_1_421' title='bbox 1296 4216 1339 4266; x_wconf 94' lang='lat' dir='ltr'>lll.</span> <span class='ocrx_word' id='word_1_422' title='bbox 1356 4227 1382 4278; x_wconf 90' lang='lat' dir='ltr'>p.</span> 
     </span>
     <span class='ocr_line' id='line_1_45' title="bbox 291 4293 981 4359; baseline -0.004 -12"><span class='ocrx_word' id='word_1_423' title='bbox 291 4297 445 4347; x_wconf 86' lang='lat' dir='ltr'>Maecenate</span> <span class='ocrx_word' id='word_1_424' title='bbox 468 4295 639 4346; x_wconf 85' lang='lat' dir='ltr'>necessitudo</span> <span class='ocrx_word' id='word_1_425' title='bbox 665 4293 818 4347; x_wconf 86' lang='lat' dir='ltr'>intercede-</span> <span class='ocrx_word' id='word_1_426' title='bbox 855 4293 899 4346; x_wconf 82' lang='lat' dir='ltr'>til</span> <span class='ocrx_word' id='word_1_427' title='bbox 921 4308 981 4359; x_wconf 89' lang='lat' dir='ltr'>sqq.</span> 
     </span>
    </p>
   </div>
   <div class='ocr_carea' id='block_1_8' title="bbox 0 0 1582 4972">
    <p class='ocr_par' dir='ltr' id='par_1_8' title="bbox 0 0 1582 4972">
     <span class='ocr_line' id='line_1_46' title="bbox 0 0 1582 4972; baseline 0 3"><span class='ocrx_word' id='word_1_428' title='bbox 0 0 1582 4972; x_wconf 95' lang='lat' dir='ltr'> </span> 
     </span>
    </p>
   </div>
  </div>
 </body>
</html>
