3174 4974
582 459 640 508 uro.
660 459 689 508 u.
725 459 823 508 uersu.
842 461 860 508 r.
1207 459 1268 524 629

226 612 350 680 lndocti
372 611 545 701 stolidique
568 623 601 679 et
622 613 810 702 depugnare
832 616 948 702 parati,

226 735 259 802 Si
283 733 447 801 discordet
469 753 589 822 eques,
614 734 721 801 media
743 736 825 801 inter
846 737 987 802 carmina
1009 749 1146 824 poscunt
1210 737 1270 803 l85

225 860 288 923 Aut
308 877 420 921 ursum
442 865 496 921 aut
518 855 659 942 pugiles3
682 855 732 922 his
754 879 828 922 narn
850 857 1018 944 plebecula
1041 858 1171 946 plaudit.

226 979 343 1044 Verum
365 977 482 1065 equitis
505 997 637 1065 quoque
660 978 722 1042 ium
745 979 893 1064 migravit
916 979 956 1044 ab
979 999 1058 1045 aure
1081 980 1228 1068 voluptas

227 1098 340 1166 Omnis
362 1098 404 1164 ad
426 1099 567 1165 incertos
589 1097 702 1164 oculos
724 1109 756 1164 et
778 1097 896 1185 gaudia
918 1121 1009 1166 vana.

217 1268 334 1318 Pottierii
351 1271 378 1317 et
394 1267 539 1330 Schmidiil
561 1294 587 1303 -
608 1267 663 1318 486.
682 1267 841 1332 paudetbp,
861 1267 1013 1332 complures
1032 1271 1160 1330 Pottierii,
1185 1274 1239 1320 tres

216 1342 357 1402 Schmidii,
374 1343 439 1402 LCt,
458 1339 599 1392 Bentleius.
620 1344 659 1404 tot
670 1355 728 1403 nos,
747 1345 772 1402 S,
792 1343 857 1394 Cod.
872 1345 983 1407 Franeq.
997 1347 1025 1394 et
1036 1345 1089 1396 duo
1102 1347 1237 1408 Poitierii.i

223 1445 249 1452 —
263 1417 319 1468 ⁴87.
339 1417 428 1478 moitis
439 1416 524 1467 Cudd.
539 1416 606 1476 uoti,
626 1417 709 1468 tctt':
728 1418 805 1479 equiti
816 1416 948 1469 Bentleius
960 1420 1028 1469 coni.
1043 1422 1070 1470 et
1086 1421 1119 1471 lt.
1135 1448 1163 1457 -
1182 1421 1238 1472 488.

216 1492 330 1554 inprutor
345 1489 479 1541 Bentleius
497 1489 658 1540 coniectura¹

185 1630 269 1682 blicue
292 1629 460 1695 temporibus
481 1632 642 1695 temporaria
661 1632 709 1682 tie·
748 1635 836 1682 nostru
854 1635 882 1683 in
899 1632 1013 1684 lectione
1031 1638 1103 1698 grata
1123 1638 1165 1685 est
1176 1636 1273 1686 Latinis

185 1708 245 1756 rent
261 1720 293 1756 ex
311 1705 389 1769 ligno.
415 1706 510 1756 Mansit
526 1709 616 1756 sutem
634 1719 708 1768 usus,
748 1707 858 1758 auribus
875 1706 1023 1759 ullitteratio
1036 1709 1079 1771 pto
1092 1709 1163 1772 pinu.

185 1783 214 1830 ut
230 1780 302 1830 ierne
321 1783 347 1830 et
361 1779 464 1845 pugiles
476 1781 557 1830 etiem
569 1780 594 1830 in
608 1780 709 1832 theatro
783 1783 903 1832 tsi-too.
925 1785 1015 1833 Veram
1025 1784 1114 1846 suadis
1126 1785 1188 1849 cet]
1206 1786 1273 1836 Satis

184 1854 282 1919 populo
300 1857 427 1919 poscente
445 1853 648 1916 exhiberentur,
677 1869 709 1904 eo
748 1871 796 1921 pro
823 1857 934 1921 imperio
960 1857 1111 1909 Bentleius:
1145 1860 1273 1922 «Repone

184 1931 321 1993 ternpore,
341 1943 393 1992 quo
405 1928 459 1980 ludi
472 1927 571 1993 publici
582 1941 635 1979 non
648 1929 711 1980 ede·
747 1931 839 1993 cquiti;
859 1931 931 1995 quod
949 1933 1068 1996 castigati
1085 1933 1217 1984 sermonis
1230 1946 1274 1982 ran

184 2004 290 2054 bantur.
306 2001 586 2068 -pupitoslnr‘arag‚
600 2001 711 2071 πυγμά-
747 2007 783 2056 tio
808 2005 937 2071 postulat,
967 2009 996 2056 ut
1021 2006 1062 2056 vel
1088 2010 1163 2072 puori
1188 2008 1275 2058 scient

185 2092 256 2140 κους
267 2077 625 2141 diversosagludiatoribus.
650 2081 709 2143 lpse
747 2081 801 2130 ium
824 2081 1036 2131 commoneiecti.
1066 2083 1131 2132 Nota
1154 2083 1216 2132 sunt
1232 2080 1274 2131 illu

184 2154 710 2218 Augustusspectavitstudiosissimepupi·
749 2159 775 2206 et
792 2154 900 2206 similia:
918 2157 996 2206 Haud
1011 2160 1095 2206 tumea
1111 2158 1204 2206 auduus·
1221 2171 1274 2207 ces·

185 2227 231 2276 tes
241 2228 380 2278 etmusime
388 2227 498 2278 Latinos.
510 2227 708 2290 (Suetootld.)
746 2233 778 2281 sii
787 2232 881 2296 ttduciu
894 2231 984 2281 Turno.
1006 2232 1082 2280 Haud
1092 2244 1161 2280 secra
1172 2245 1274 2282 ccccmo

185 2300 308 2352 Similiter
324 2304 415 2350 eutem
427 2303 562 2366 Hecyram
579 2315 654 2352 suam
668 2301 710 2352 bis
746 2307 827 2370 piiscit
851 2305 970 2356 vicentio
996 2305 1103 2354 Turno.»
1138 2306 1273 2356 Sententia

185 2375 360 2426 disturbatam
384 2389 443 2426 esse
468 2378 589 2439 queritur
608 2378 709 2428 Teren·
747 2383 805 2430 est:
834 2381 970 2440 «Verum,
998 2379 1071 2443 quod
1096 2392 1161 2430 sune
1180 2367 1290 2431 dolens

185 2449 419 2500 tiusProl.ll.25:
449 2451 511 2502 Cum
523 2453 710 2513 primumcum
748 2455 812 2505 dum
830 2435 885 2514 e'st,
904 2455 954 2518 ipsi
972 2453 1006 2504 illi
1025 2455 1142 2518 equites,
1162 2455 1274 2519 quipo-

184 2537 260 2588 upero
284 2525 368 2586 coepi,
391 2525 508 2588 pugilum
528 2526 629 2588 pluria,
655 2526 709 2576 Fa-
746 2529 838 2580 litionis
855 2529 952 2592 ingenii
975 2542 1035 2580 esse
1053 2528 1196 2590 deberent,
1220 2531 1273 2579 iam

184 2599 297 2648 numbuti
330 2601 415 2648 eodum
448 2601 549 2650 ucmssit
578 2606 709 2663 enspootu-
747 2603 942 2654 oblectamenta
959 2615 1107 2666 puerorum
1121 2602 1274 2667 praeterunt

184 2675 232 2724 tio:
262 2673 384 2724 Coruitum
411 2679 556 2735 conuentus,
586 2677 708 2737 studium,
748 2676 867 2728 tabulis.»
886 2679 1189 2738 Verucausequueuum
1203 2679 1273 2726 erati

183 2750 279 2798 ciurnor
302 2749 437 2798 melmin
460 2750 561 2809 Fecere,
591 2754 620 2799 ut
652 2754 710 2800 aab
746 2755 786 2801 Au
809 2749 881 2812 quod
899 2753 926 2800 et
945 2750 971 2798 in
990 2749 1123 2812 eqadtihus
1140 2752 1168 2799 et
1185 2751 1210 2799 in
1228 2763 1273 2800 se·

184 2829 279 2885 tempus
306 2824 403 2873 aeirem
428 2824 508 2886 sorus.
536 2853 551 2862 -
579 2852 596 2862 -
622 2825 709 2888 Refero
748 2824 849 2874 notorio
862 2823 954 2872 ordine
967 2824 1047 2886 (bunc
1057 2823 1128 2872 enim
1139 2836 1190 2872 unu
1201 2835 1273 2872 com-

184 2900 271 2949 durau.
299 2898 383 2948 Primo
400 2904 460 2948 actu
472 2899 575 2960 ptacco:
596 2911 654 2948 cum
668 2900 709 2948 in·
747 2896 878 2961 plectitur)
891 2896 1009 2948 studium
1021 2895 1178 2960 dignitatum
1191 2899 1218 2946 et
1229 2911 1275 2946 cu-

184 2979 252 3023 terea
271 2985 361 3022 rumor
382 2973 449 3022 ocati
472 2974 568 3022 Datum
593 2974 626 3022 iri
651 2973 710 3036 pio·
747 2985 776 3021 ra
794 2984 885 3022 rorum
903 2969 1070 3034 publicarum
1088 2970 1274 3022 iamdeierve-

184 3048 304 3097 dictores:
326 3049 436 3109 populat
461 3048 590 3107 convolat;
616 3047 710 3097 tamid-
747 3049 802 3106 rat,
821 3045 1162 3110 undevunisspectuoulis,
1175 3046 1272 3109 quibus

184 3128 302 3184 tucatur,
320 3123 444 3183 clamant,
464 3127 581 3186 papnunt
598 3124 628 3172 do
643 3123 709 3182 buu,
747 3124 854 3187 lempus
878 3125 1010 3182 tererent,
1036 3123 1124 3186 potius
1141 3120 1273 3171 vacabunt

184 3197 237 3260 Epo
262 3196 358 3246 interca
380 3209 462 3246 meum
478 3211 528 3246 nou
541 3197 614 3258 potui
631 3197 710 3246 tutori
747 3211 798 3246 neo
825 3196 913 3246 minus
945 3195 1036 3246 oculos
1064 3196 1094 3246 iis
1122 3195 1272 3259 poscebant

183 3271 272 3320 iocum
303 3270 520 3320 idemiuvitium
532 3271 708 3322 Athenienses
747 3268 982 3335 quampopetlusr
997 3299 1023 3306 -
1041 3270 1156 3335 incertos]
1175 3281 1271 3331 «vagos

184 3343 309 3406 paulatim
327 3344 484 3395 inciderunt.
515 3344 553 3394 Cl.
574 3345 708 3395 Athenae·
747 3349 774 3395 et
790 3345 984 3405 inconstantes,
1003 3345 1047 3408 qui
1065 3357 1198 3408 nusquam
1210 3355 1273 3392 con-

184 3431 230 3468 um
249 3417 331 3479 t,3o.
351 3433 377 3482 p.
390 3419 431 3467 to.
445 3432 476 3468 e:
492 3412 639 3484 Ἀθηναῖοι
648 3419 709 3469 Πο-
746 3421 842 3470 sistunt
865 3433 953 3483 neque
972 3419 1068 3470 eudem
1086 3433 1115 3470 re
1133 3419 1177 3468 diu
1196 3415 1271 3467 dele-

183 3488 269 3558 θεινῴ
287 3488 325 3558 τῷ
343 3489 544 3565 νευροσπάστῃ
566 3492 619 3559 τὴν
635 3509 709 3559 aaa·
747 3497 865 3556 ctantur,
884 3494 933 3544 sed
951 3495 1031 3545 modo
1049 3493 1083 3544 ad
1100 3495 1165 3553 hoc,
1190 3491 1271 3541 modo

183 3563 237 3631 νὴν
253 3561 378 3630 3ἔδωκαν,
404 3562 454 3631 ἀφ’
481 3559 518 3634 ἧς
533 3569 708 3622 ἐνεθουσίων
746 3567 1093 3620 adilludsecouvertunt.»
1120 3567 1188 3630 virg.
1202 3569 1268 3616 Aen.

184 3643 215 3692 οἱ
230 3644 293 3714 περὶ
310 3637 475 3714 Εὐριπίδην.
498 3673 524 3682 -
541 3646 648 3710 plaudit]
666 3648 708 3696 Sic
745 3645 770 3705 ἰ,
783 3643 846 3694 tbi:
868 3644 965 3694 Tauno
976 3669 1012 3680 -·
1027 3645 1148 3692 incertum
1164 3641 1272 3690 excussit

184 3719 200 3768 S
226 3731 288 3768 cum
313 3719 469 3770 melioribus
494 3721 585 3784 utiquc
611 3721 707 3776 codd..
745 3720 839 3770 ceruice
860 3720 974 3770 securim.
1004 3715 1108 3776 Quintil.
1126 3716 1155 3776 8,
1175 3716 1202 3776 3,
1222 3715 1267 3764 68:

184 3795 233 3844 etsi
250 3792 268 3842 b
286 3797 377 3845 noster
394 3793 503 3846 exhibet
520 3795 620 3858 caudet.
655 3795 707 3846 Sed
743 3795 807 3858 supa
831 3795 939 3852 incerta,
969 3803 1049 3853 uragu
1068 3792 1094 3840 et
1110 3791 1167 3840 sino
1195 3791 1269 3838 cortu

182 3867 270 3918 solum
291 3869 317 3919 iu
341 3867 454 3918 lectione
472 3883 486 3918 a
505 3868 582 3919 nobis
599 3873 707 3934 recepta
746 3867 854 3919 consilio
873 3867 975 3929 capta.»
998 3863 1036 3914 Ci.
1052 3865 1104 3912 Sat.
1118 3864 1129 3913 t
1143 3902 1148 3922 .
1162 3864 1191 3922 32
1206 3863 1267 3912 ⁴⁰9³

181 3957 274 3994 verum
286 3945 340 3994 vim
353 3944 450 4008 accipit
462 3957 487 3992 v.
500 3944 545 3993 bis.
569 3945 623 3994 lloc
636 3945 707 3994 enim
742 3955 856 3992 uenerem
871 3942 993 3988 incertam
1009 3939 1135 4000 rapientes
1150 3951 1220 3988 moro
1229 3939 1268 4000 se-

182 4018 262 4068 dicit:
292 4019 359 4069 «iiis
385 4019 466 4070 rebus
494 4017 602 4070 ludicris
627 4023 707 4082 utque
744 4029 841 4068 rorant.
862 4013 980 4076 (Diversa
997 4013 1187 4077 significatione
1205 4013 1270 4062 ocuti

181 4092 313 4152 inanibus,
329 4107 381 4143 non
393 4107 458 4144 vero
471 4092 574 4144 tabulae
588 4093 629 4144 vel
642 4094 708 4156 opti·
743 4089 832 4141 incerti
850 4087 974 4137 dicuntur
990 4101 1004 4136 a
1018 4089 1117 4136 Seneca
1130 4086 1212 4150 Epist.
1226 4087 1266 4148 83,

182 4177 257 4226 moe,
285 4166 446 4232 applaudit.»
481 4170 577 4218 Contra
594 4168 631 4217 iis
647 4181 708 4217 num
743 4165 792 4214 to:
818 4163 902 4212 Adiico
922 4162 993 4212 illum
1014 4161 1198 4224 ipaorationem
1213 4163 1267 4222 sci,

178 4241 414 4305 permananter
431 4243 545 4292 otiosum
558 4244 599 4292 cst
616 4245 642 4291 ei
660 4242 706 4292 mi·
744 4239 821 4288 dubio
831 4243 854 4287 ot
866 4250 961 4299 purtim
971 4236 1111 4298 suplauuiu
1121 4235 1206 4298 uerbo,
1225 4238 1268 4286 iu-

182 4329 243 4367 sere
268 4315 376 4381 languet
398 4331 463 4381 prae
482 4315 540 4376 tllo;
568 4319 706 4380 praeterea
743 4312 929 4374 cortosocuios,
947 4313 1055 4375 produn
1068 4311 1266 4374 monturtcet.)
