3174 4974
277 443 339 507 560
639 443 769 494 Hoatrtt
786 442 1005 497 Erlsrotltttltl

320 601 423 686 Surge
446 610 478 665 et
499 598 692 666 inhumanae
715 599 840 666 senium
863 599 991 687 depone
1015 601 1192 676 Camenae,

320 721 445 788 Coenes
468 733 504 786 ut
525 721 645 808 pariter
666 718 830 808 pulmenta
851 720 1018 788 laboribus
1041 732 1164 810 empta3

318 844 470 910 Romanis
491 841 647 908 sollemne
669 841 746 907 viris
768 861 866 928 opuS,
890 841 968 909 utile
993 843 1096 910 lamae
1133 911 1137 916 ,

319 965 474 1051 Vitaeque
497 974 529 1030 et
549 963 719 1040 membriS,
743 965 934 1050 praesertim
956 985 1030 1030 cum
1053 963 1162 1032 valeas
1184 976 1217 1032 et
1324 970 1366 1032 50

318 1087 374 1152 Vel
396 1105 494 1152 eursu
517 1105 673 1172 superare
695 1103 809 1151 canem
832 1084 883 1151 vel
905 1084 1028 1151 viribus
1050 1106 1165 1173 aprum

319 1207 438 1273 Possis.
481 1205 589 1282 Adde,
614 1205 716 1271 virilia
738 1205 827 1293 qued
850 1207 1031 1293 speciosius
1054 1227 1143 1274 arma

318 1331 389 1396 Non
410 1339 460 1396 est
481 1329 536 1416 qui
558 1337 687 1395 tractet:
709 1365 752 1377 -
774 1328 853 1405 scia,
877 1349 943 1416 quo
966 1327 1107 1396 clamore
1130 1349 1271 1398 coronae

341 1527 381 1579 te.
401 1525 523 1590 eodemne]
542 1526 615 1576 llanc
627 1525 787 1588 scripturam
800 1524 926 1576 exhibent
943 1525 1026 1576 Codd.
1041 1526 1088 1576 Ed.
1108 1528 1145 1576 De
1158 1525 1266 1592 reliquis
1278 1529 1331 1579 iam

309 1616 362 1652 non
380 1601 498 1652 memini.
520 1628 545 1636 -
566 1600 606 1650 53.
625 1599 752 1649 trmtotb
772 1600 832 1662 (uon
849 1600 909 1663 Scd,
929 1614 1017 1664 nequa
1036 1615 1068 1652 ex
1087 1615 1198 1654 suorum
1215 1601 1267 1653 ullo
1279 1603 1330 1652 boc

308 1678 425 1728 enotavit
442 1676 600 1738 Pettierius).

277 1847 310 1896 tie
328 1845 464 1911 epitheton
482 1844 545 1895 lecit
562 1845 696 1906 Horatius,
715 1843 801 1894 utile-
836 1849 937 1893 certare
958 1857 1016 1894 cem
1036 1845 1169 1908 stipamine
1190 1843 1251 1904 teris
1271 1859 1364 1910 annu,

275 1922 332 1972 totis
348 1919 450 1970 retibus
468 1920 501 1970 ad
519 1932 598 1984 apros
616 1919 691 1969 lactis
708 1917 802 1969 iutelli—
837 1931 894 1967 cum
911 1919 1049 1968 eudaemus
1065 1919 1166 1979 robore,
1193 1933 1250 1969 men
1266 1921 1366 1970 cotidie

276 2009 396 2060 gamus.»
416 1998 508 2045 Poaau.
530 1994 621 2044 Aeoliis
640 1994 801 2058 significarat
838 1997 911 2042 oste:
936 2007 981 2042 neo
996 1995 1120 2043 mediocre
1138 1995 1211 2055 pects
1227 1996 1301 2044 dmm
1316 1995 1366 2045 lie-

276 2073 414 2131 cttmonas;
443 2070 542 2120 etenim
563 2069 640 2118 tonos
656 2070 755 2118 Aeetine
771 2069 801 2118 tte
840 2066 944 2116 bebatur
960 2066 1074 2116 submoto
1089 2067 1186 2128 eampis
1201 2068 1310 2129 iiwptio
1325 2069 1366 2131 fe-

275 2146 339 2195 oolte
356 2145 464 2206 Sibyllae
480 2144 553 2192 Fetus
569 2141 627 2202 lini,
648 2145 716 2194 teste
735 2145 801 2192 Gra·
837 2153 929 2190 rorum
945 2146 968 2190 et
985 2140 1233 2203 macenniacum
1246 2142 1366 2192 uberem

276 2220 313 2268 tio
326 2220 426 2282 cyneg.
440 2218 480 2267 35.
506 2217 558 2266 Sed
570 2217 604 2267 ad
616 2220 802 2281 transportari·
837 2216 974 2278 ementium
985 2215 1064 2266 tabor.
1081 2243 1108 2270 -,-
1121 2217 1181 2265 aetite
1193 2216 1287 2280 fenne]
1304 2231 1366 2282 pro-

276 2295 324 2343 das
340 2295 466 2343 Cumanos
479 2293 584 2354 ptapea,
598 2294 689 2355 utpote
701 2294 802 2342 tenuis-
837 2293 897 2354 pter
905 2289 931 2339 id
942 2292 1029 2354 ipsum
1038 2291 1111 2353 quod
1120 2291 1245 2342 assiduus
1253 2295 1366 2342 venator

276 2369 357 2418 simas
375 2369 402 2416 et
418 2365 567 2416 levissimas
583 2364 655 2428 (Plin.
669 2367 699 2414 H.
713 2368 744 2415 N.
759 2367 798 2428 49,
837 2364 965 2414 abhorret
976 2363 1010 2414 ab
1020 2367 1091 2416 omni
1109 2363 1230 2426 mollitie;
1250 2379 1365 2431 «corpus

275 2443 321 2504 ἰ),
348 2442 473 2491 iumentis
498 2453 639 2504 opusnon
663 2442 728 2490 erat.
759 2441 798 2490 ct.
836 2441 932 2499 iteum
945 2439 1031 2502 addit,
1046 2441 1167 2491 avenatio
1179 2439 1363 2492 corroborat.»

276 2515 407 2566 Laut-bert
433 2513 573 2564 ti'eidwerle
598 2515 642 2562 der
665 2515 754 2564 liemon
771 2528 797 2578 p.
869 2513 958 2563 ito-57.
980 2515 1035 2576 aeis,
1056 2527 1105 2575 que
1123 2515 1184 2578 cet]
1204 2516 1289 2576 «Scis,
1309 2529 1364 2579 quo

275 2590 291 2639 8
308 2601 349 2652 sq.
365 2614 392 2624 —
406 2594 512 2638 enecta
527 2587 610 2650 pluuia
624 2587 744 2651 iumento]
757 2589 797 2638 Cl.
837 2589 1019 2651 spectatorum
1038 2591 1075 2652 (Α.
1095 2591 1122 2640 Ρ.
1139 2589 1206 2652 384.)
1224 2589 1320 2654 plausu
1336 2591 1364 2640 in

276 2665 341 2728 Epp.
356 2665 382 2723 l,
402 2664 429 2724 6,
448 2663 488 2713 58,
506 2689 532 2698 -
545 2661 705 2726 introituum]
724 2675 800 2712 nmo·
838 2663 940 2725 Campo
957 2664 1049 2714 llartio
1068 2665 1093 2713 te
1109 2677 1237 2715 exerceas
1248 2665 1365 2715 botuen-

276 2752 353 2790 rosae
383 2742 410 2790 et
443 2736 607 2788 truculentae
641 2737 800 2802 (untetmtip
838 2737 872 2786 do
889 2738 917 2787 et
933 2735 984 2801 pila
1003 2738 1149 2788 iaciendo.»
1175 2739 1274 2789 Proelia
1285 2740 1364 2802 igitur

275 2814 388 2876 vossi»,
408 2825 470 2863 eum
488 2813 574 2863 omnis
592 2813 666 2863 llusa
683 2813 799 2862 bumana
836 2813 988 2874 campestria
1005 2815 1068 2862 eunt
1085 2814 1230 2863 certamina
1250 2811 1361 2874 ludicra,

276 2893 303 2938 et
325 2889 410 2938 comis
433 2899 493 2938 esse
517 2885 624 2937 debeat.
649 2913 676 2922 -
694 2887 798 2951 senium]
837 2899 906 2951 quae
927 2888 953 2938 in
972 2888 1073 2951 Campo
1093 2890 1303 2940 committuntur.
1329 2892 1361 2939 Α,

276 2963 472 3021 morositatem,
492 2974 531 3026 pr.
546 2960 630 3025 qualia
648 2961 674 3010 in
689 2960 799 3011 senibus
837 2965 865 3013 P.
878 2963 941 3012 379:
960 2963 1057 3013 tuom
1068 2965 1111 3025 qui
1121 2965 1207 3024 noant,
1219 2964 1365 3026 conspecti-i·

276 3049 337 3086 esse
349 3035 424 3087 solet.
444 3037 482 3086 De
493 3051 518 3086 v.
529 3037 624 3086 sentim
635 3036 682 3086 eir.
696 3034 800 3086 Ellendt
837 3037 881 3086 ban
897 3037 1003 3086 aestuet
1019 3038 1106 3087 annis.
1130 3065 1156 3073 —
1173 3049 1277 3088 mecam
1292 3038 1364 3089 ltili-

275 3109 421 3174 Explanatt.
442 3111 476 3160 ad
494 3112 548 3161 Cic.
569 3111 602 3161 de
621 3111 664 3159 Or.
682 3123 708 3173 p.
728 3109 796 3170 283,
836 3111 908 3174 uum]
934 3111 1035 3161 Eadem
1059 3111 1128 3160 ociis
1143 3115 1255 3162 vocatur
1271 3110 1319 3162 od.
1335 3111 1361 3171 3,

276 3187 320 3250 qui
338 3188 428 3236 tamen
446 3187 545 3235 Horatii
560 3197 666 3236 memor
677 3197 729 3234 non
740 3184 796 3234 luit.
836 3187 865 3247 Ξ,
884 3187 909 3236 2.
925 3211 953 3222 —
973 3184 1101 3248 sustineus]
1118 3185 1178 3236 vid.
1195 3185 1228 3236 ad
1246 3185 1312 3250 Epp.
1330 3186 1361 3242 ἢ,

278 3287 305 3296 -
321 3261 451 3322 palmento
467 3260 594 3310 nomem
609 3259 702 3323 empto]
721 3272 799 3309 acar·
837 3261 864 3321 l,
879 3262 902 3310 t.
918 3287 946 3296 -
959 3259 1121 3323 cantabrico]
1139 3261 1207 3311 Cum
1219 3260 1299 3321 dicat,
1318 3262 1363 3310 dte-

276 3348 337 3385 nem
356 3335 486 3395 terarum,
514 3347 581 3397 quas
598 3346 650 3384 una
673 3333 799 3384 conlecc-
835 3347 862 3384 ee
879 3337 997 3397 Augusto
1017 3347 1083 3396 puer
1105 3337 1173 3385 haec
1190 3335 1254 3384 bello
1271 3335 1361 3396 tulisti,

275 3411 361 3468 ritisp»
380 3421 449 3471 quae
467 3421 551 3459 coena
568 3406 610 3458 vel
634 3407 695 3457 ideo
712 3405 800 3471 placet
836 3409 947 3459 minime
965 3408 1135 3472 cogitandum
1153 3413 1196 3460 est
1212 3410 1246 3460 de
1264 3410 1364 3459 Caum-

275 3481 462 3543 venatoribus,
487 3481 560 3545 quod
581 3483 688 3546 proprio
706 3481 798 3531 labore
836 3483 892 3533 bris
904 3483 938 3532 ab
948 3485 1062 3548 Agrippa
1075 3483 1217 3534 demuma.
1229 3497 1256 3533 u.
1268 3497 1292 3534 c.
1303 3483 1360 3534 ret.

275 3561 366 3624 parata
385 3559 435 3608 est.
465 3557 609 3617 sitm,
628 3555 674 3606 20:
694 3557 800 3618 lupol-
835 3555 975 3608 debellatis
993 3557 1241 3622 (Epp.l,lt,26.),
1260 3556 1362 3608 sedda

274 3631 400 3682 montorio
417 3643 511 3693 qoem
521 3631 650 3680 Secunde,
680 3631 741 3680 «ilie
753 3643 800 3680 au·
835 3631 1003 3696 expeditione
1014 3633 1041 3682 in
1053 3631 1202 3684 cantabros
1215 3634 1362 3682 etAetures

275 3711 329 3758 tem
348 3705 550 3770 cogitationibus
567 3708 594 3755 te
612 3703 796 3767 consolabere,
835 3705 869 3756 ab
882 3709 999 3770 Augusto
1011 3709 1150 3771 suscepta,
1170 3711 1210 3766 et,
1229 3707 1286 3771 ipse
1299 3717 1362 3757 cum

275 3782 378 3834 solitam
397 3783 465 3832 hanc
484 3781 564 3830 luisse
582 3780 702 3843 corporis
720 3783 798 3831 eier-
835 3783 860 3832 in
873 3781 998 3832 morbum
1011 3780 1152 3845 prolapsus
1164 3785 1245 3842 esset,
1256 3780 1290 3832 ab
1303 3781 1362 3830 etus

275 3859 426 3907 citationem
444 3854 591 3905 maioribus
604 3854 716 3916 nostris,
734 3855 797 3906 viris
834 3854 927 3919 legatis
940 3857 969 3906 C.
979 3856 1090 3905 Antistio
1102 3857 1166 3906 etT.
1177 3857 1278 3907 Cartsio
1290 3855 1362 3906 baud

275 3935 328 3982 tam
347 3932 459 3982 fortibus
471 3945 503 3981 ac
515 3931 644 3991 strenuis,
664 3932 797 3980 utcontra
835 3929 974 3981 infeliciter
991 3929 1024 3982 ad
1043 3929 1125 3980 linem
1141 3931 1272 3994 perducta
1290 3942 1314 3979 a.
1332 3942 1360 3980 a,

275 4008 382 4057 Graecis
410 4006 532 4057 trocbum
559 4007 587 4055 et
610 4004 741 4056 discum.»
767 4033 794 4042 -
835 4006 930 4056 urae
949 4005 1193 4066 DioCass.tt3,itt.
1213 4007 1363 4057 Dentresa-

275 4081 394 4130 flomanta
418 4079 533 4130 antonne
555 4079 620 4129 citis
644 4079 714 4143 opos]
732 4079 795 4130 Ptin.
835 4093 869 4130 ne
894 4078 972 4130 simul
997 4078 1088 4130 laudat
1113 4082 1309 4142 arragonum
1334 4081 1362 4130 et

275 4157 372 4216 Panes.
393 4153 441 4204 8⁴:
468 4154 533 4205 Olim
556 4155 617 4204 toec
643 4155 798 4218 oppetentia
835 4152 945 4204 Lollium
963 4155 1059 4218 ipsum.
1088 4154 1240 4205 liuentem
1257 4159 1281 4205 et
1297 4154 1362 4204 Coe·

274 4229 419 4290 immtatis,
445 4229 506 4278 inec
528 4229 642 4292 uoluptas
668 4233 735 4288 erat;
760 4229 799 4277 itis
834 4228 932 4278 tobmce
948 4227 1012 4278 betta
1025 4241 1075 4292 per
1085 4231 1248 4292 epexegesin
1259 4227 1363 4280 addun-

274 4301 371 4354 artiones
396 4303 477 4365 puori
504 4304 578 4354 emer
608 4303 795 4364 imbuebantur,
835 4305 878 4352 tur
901 4300 1033 4354 vocabulo
1060 4301 1186 4354 militium
1223 4303 1262 4354 ct.
1284 4301 1360 4354 lland
