3156 4972
319 381 381 449 3st
695 385 825 436 llOllATll
842 385 1022 439 summittit

363 541 437 608 Sive
458 539 574 628 Aquilo
597 539 680 608 radit
701 550 805 608 terres
827 561 888 608 seu
909 541 1026 608 brume
1047 539 1185 608 nivalem
1358 541 1397 607 25

364 663 518 729 Interiore
540 660 626 728 diem
650 682 732 752 gyro
755 662 861 740 trahit,
885 663 933 729 ire
955 673 1091 730 neeesse
1114 673 1172 730 est.

361 782 550 859 Postmodo,
574 783 663 871 quod
687 783 729 849 mi
751 783 850 861 obsit,
876 783 963 852 olere
986 794 1177 873 certumque
1197 786 1305 854 locuto

361 903 560 972 Luctendum
583 905 615 971 in
636 904 730 971 turba
753 914 786 972 et
806 904 954 973 iacienda
976 905 1092 972 iniuria
1113 905 1223 972 tardis.

360 1001 530 1106 Quidvis,
555 1026 681 1102 insane,
706 1037 738 1094 et
759 1047 842 1113 quas
864 1047 919 1094 res
941 1026 1034 1114 egis?
1055 1025 1222 1114 improbus
1244 1039 1338 1117 urget

383 1235 424 1285 27.
443 1235 553 1284 mentem
569 1247 638 1284 corr.
656 1234 699 1284 bc.
720 1260 748 1270 -
766 1234 807 1284 28.
828 1231 915 1295 turba,
932 1233 1051 1297 sedendo
1061 1234 1122 1284 LCt.
1145 1263 1172 1272 -
1190 1236 1231 1286 29.
1253 1237 1318 1298 Quid
1329 1236 1371 1286 titt

349 1310 401 1370 ute,
420 1322 485 1371 piros
500 1321 540 1359 res
556 1309 625 1372 epis,
643 1307 751 1358 tusone?
775 1307 902 1370 improbis
917 1312 990 1371 serpet
1006 1310 1062 1358 tres
1078 1309 1223 1372 Torrentii,
1248 1311 1313 1372 Quid
1329 1311 1372 1360 titt

350 1383 401 1444 vis,
420 1385 521 1444 insane,
534 1388 557 1434 et
568 1395 633 1443 quas
643 1396 683 1433 res
694 1382 821 1445 improbus
830 1380 923 1445 orpes?
938 1383 1090 1446 traintem)
1104 1382 1170 1432 Cod.
1185 1381 1286 1446 (luein,
1306 1385 1372 1447 Quid

352 1457 396 1506 tibi
411 1458 461 1518 etr,
484 1459 583 1518 imane,
606 1461 630 1508 et
646 1469 723 1519 quom
738 1469 793 1506 rem
809 1455 883 1520 apte?
906 1456 1034 1518 improbus
1049 1461 1122 1520 serpet
1138 1457 1215 1508 tretis
1233 1458 1311 1522 (Quid
1330 1459 1373 1510 titi

350 1531 389 1580 ets
405 1545 420 1582 e
439 1531 537 1593 Codd.,
567 1545 644 1594 quom
659 1544 714 1580 rem
730 1531 809 1593 coni.)
828 1527 978 1592 Bentleius,
1006 1531 1073 1593 Qsdd
1088 1531 1132 1581 tibi
1147 1532 1199 1593 vis,
1225 1531 1324 1594 tissone,
1349 1538 1373 1583 et

352 1619 429 1668 quem
444 1619 499 1657 rem
515 1606 726 1670 wistremiro,
753 1609 827 1670 serpet
849 1606 925 1654 lrntts
945 1605 1080 1657 Heindorf.
1100 1607 1139 1670 (tlt
1156 1619 1218 1668 nos,
1245 1609 1330 1658 nostri
1346 1610 1373 1658 et

318 1782 336 1834 l.
361 1796 414 1834 non
438 1785 535 1848 spele,
561 1783 610 1836 sed
634 1782 841 1844 pendentum,
879 1779 948 1842 lunt,
975 1781 1073 1832 Bientis
1097 1781 1141 1832 ills
1163 1785 1308 1846 sententis,
1336 1797 1403 1848 ques

319 1858 483 1923 Getdllipltett.
879 1856 905 1907 in
917 1856 1091 1920 proverbium
1103 1858 1182 1909 abllt:
1198 1852 1313 1926 Ἐγγύα,
1326 1857 1404 1930 πάρα

350 1934 391 1985 ss.
405 1933 446 1984 26.
463 1934 541 1999 radit]
555 1933 630 1995 edet,
649 1935 843 1995 terreesuper·
878 1923 982 1981 δ’ἄτα.
1009 1931 1131 1996 (Sponde;
1148 1947 1221 1984 noea
1233 1940 1338 1996 praesto
1349 1934 1404 1999 eet.)

318 2007 408 2059 ficiem
435 2011 540 2071 radens,
569 2009 783 2074 perstringens.»
813 2009 843 2056 ut
879 2006 1052 2070 Epicharmus
1069 2008 1095 2056 in
1113 2009 1195 2058 Grotii
1214 2009 1324 2074 Exmp.
1343 2007 1402 2060 tsi:

318 2085 409 2134 rodere
425 2084 491 2133 titus.
527 2083 620 2133 Diiiert
637 2081 720 2146 Epod.
734 2081 780 2142 tu,
798 2081 840 2132 dl.
875 2075 981 2148 Ἐγγύα
1004 2078 1135 2153 θυγάτηρ
1161 2079 1216 2147 μὲν
1241 2076 1330 2146 ἄτας,
1360 2081 1404 2149 ἐγ·

321 2185 349 2194 -
366 2158 487 2208 interiore
497 2156 591 2221 -pprol
610 2155 766 2207 «solstitium
783 2156 842 2206 hie·
879 2153 951 2222 γύας
967 2153 999 2206 δὲ
1015 2157 1112 2221 ζημία.
1128 2182 1155 2192 -
1168 2157 1238 2206 ctare
1253 2156 1404 2221 cortinaque]

318 2229 388 2281 mele
413 2230 484 2282 lente
510 2231 584 2282 ducit
604 2231 691 2291 diem,
718 2231 763 2293 qni
788 2231 842 2280 inm
879 2231 926 2281 Est
947 2231 999 2280 hoo
1016 2243 1050 2281 ex
1071 2229 1245 2282 formularum
1262 2243 1404 2293 sermone,

319 2305 474 2356 breviorem
485 2305 624 2366 horarum,
643 2305 742 2368 quihus
753 2302 793 2354 sol
805 2303 844 2354 lu·
880 2317 913 2354 ex
929 2316 983 2367 quo
1001 2303 1073 2368 opud
1089 2305 1165 2355 lCtos
1181 2310 1251 2356 ente
1266 2306 1346 2356 verbo
1360 2319 1406 2356 ee-

319 2380 375 2440 eet,
399 2378 528 2430 circulum
545 2377 702 2440 describis·
729 2381 759 2428 ut
775 2379 844 2428 inter
880 2378 943 2428 dem
960 2381 1022 2429 sunt
1038 2391 1071 2429 ee
1081 2377 1219 2430 sollemnia
1235 2383 1262 2431 et
1277 2378 1403 2444 tegruno

318 2452 409 2519 plures
426 2453 552 2514 circulos,
580 2453 678 2518 quibus
704 2453 776 2504 idem
802 2455 844 2502 est
880 2453 1024 2516 utrumque
1042 2455 1132 2503 eutem
1149 2467 1175 2503 v.
1189 2455 1224 2504 ite
1245 2455 1364 2518 iungitur
1378 2455 1405 2505 in

320 2531 453 2591 centrum,
466 2529 607 2580 interiores
615 2541 724 2593 semper
734 2527 844 2578 brevius
880 2524 993 2576 formula
1009 2525 1080 2590 epud
1098 2528 1153 2577 Liv.
1167 2528 1196 2587 4,
1216 2528 1261 2578 ts:
1278 2529 1405 2592 luppiter,

319 2603 434 2666 spatium
459 2602 691 2671 circumscribunt.
732 2604 785 2654 Cio.
809 2603 843 2652 de
879 2604 959 2649 --tu
974 2599 1048 2662 εἰγηα
1063 2600 1133 2650 nobis
1149 2606 1218 2650 eorm
1238 2601 1404 2660 adrimetum

319 2679 350 2728 u.
366 2678 398 2728 t).
415 2678 446 2737 i,
465 2677 509 2740 lt,
529 2679 585 2729 406.
605 2691 637 2728 ex
662 2680 765 2730 Arateis
789 2679 844 2729 suis
882 2676 909 2726 et
920 2687 1031 2739 prorsus
1043 2676 1072 2724 ut
1083 2676 1109 2726 h.
1120 2674 1138 2724 l.
1149 2675 1221 2739 opud
1232 2677 1329 2728 senso.
1340 2675 1404 2728 Lud.

319 2751 354 2802 de
372 2753 524 2815 Cynosura:
548 2754 617 2804 Nam
632 2766 709 2804 eursu
725 2754 845 2804 interiore
881 2751 910 2800 t:
936 2761 1097 2812 proutcunque
1113 2751 1211 2812 addim,
1229 2755 1300 2801 certo
1319 2751 1406 2802 clarn-

319 2825 388 2876 trent
408 2828 562 2878 convenitur
581 2827 648 2878 orbe.
684 2827 755 2891 virg.
776 2828 841 2878 Aen.
882 2837 929 2886 que
945 2825 1034 2886 affero.
1054 2851 1082 2860 -
1098 2824 1263 2889 turmodum]
1282 2838 1405 2877 «summo

319 2901 366 2962 44,
392 2901 454 2952 eet:
482 2902 568 2952 illudit
587 2915 652 2966 ppro
672 2903 786 2952 interior.
813 2927 840 2938 -
881 2898 973 2950 labore
994 2899 1191 2964 penetrandum
1214 2903 1256 2951 est
1278 2913 1329 2963 per
1350 2905 1407 2950 tur-

319 2975 405 3040 satit]
423 2974 543 3041 plerique
560 2978 648 3028 minus
660 2981 784 3028 accurate
801 2978 843 3026 in·
880 2976 957 3036 bem,
975 2976 1012 3026 ite
1022 2976 1053 3025 ut
1068 2975 1095 3025 in
1111 2975 1242 3026 ter-diores
1259 2977 1406 3042 impingam

320 3052 501 3116 terpretentur
529 3053 683 3102 «contrahit
695 3067 719 3112 3»
748 3050 843 3102 mellus
881 3061 982 3113 eosque
1008 3049 1127 3113 pulsem,
1154 3053 1234 3114 etque
1260 3049 1331 3101 edeo
1356 3050 1406 3102 etei

318 3125 416 3176 Bothe:
446 3125 535 3176 «lente
558 3126 632 3178 ducit
654 3127 731 3190 qussi
754 3127 844 3191 ingre-
880 3125 1294 3177 invitusiniurieeoseliioiem.»
1322 3125 1404 3177 Pleut.

318 3202 388 3262 tum,
416 3202 460 3264 qui
487 3201 530 3250 vir
554 3201 592 3251 ire
615 3201 768 3264 videatur,»
793 3201 844 3252 etsi
880 3203 989 3252 lteroet.
1004 3200 1031 3260 4,
1051 3201 1079 3261 4,
1098 3198 1126 3250 9:
1155 3201 1188 3250 lit
1209 3201 1365 3252 eunmdwn
1383 3203 1407 3250 et

319 3273 403 3326 multo
419 3274 573 3325 breviorem
590 3276 699 3326 aestivo.
878 3275 1045 3339 pepnorrdwn
1060 3279 1085 3326 et
1100 3279 1185 3325 asten
1200 3275 1358 3338 iwpdodten
1372 3277 1407 3325 est

351 3349 448 3400 iiis.
476 3349 604 3398 Pomnedo
627 3348 690 3412 eet]
714 3350 844 3410 «stetim,
881 3351 976 3400 inste

320 3435 383 3474 oum
400 3436 415 3472 e
432 3423 489 3472 toro
506 3423 631 3484 discessi,
649 3424 767 3474 incidere
783 3437 844 3474 rnr-
913 3425 998 3476 29·3t.
1019 3423 1146 3486 Quidvis,
1164 3421 1262 3487 imane]
1278 3422 1327 3474 Vv.
1338 3423 1407 3472 lineo

320 3511 367 3549 sus
394 3495 468 3548 soleo
496 3498 523 3548 in
552 3497 659 3550 turbem
686 3497 844 3550 molestissi·
881 3495 1328 3563 quesiinlormulnmtrensierent.
1346 3497 1408 3547 Pro-

319 3585 419 3624 mem.»
453 3569 539 3622 Nolim
556 3585 618 3622 cum
636 3571 693 3624 nilis
715 3574 842 3636 iungere:
880 3575 987 3638 perti,
1006 3573 1031 3634 5,
1049 3571 1077 3621 3:
1098 3572 1163 3634 Quid
1178 3571 1222 3620 titt
1237 3572 1285 3633 etr,
1302 3567 1407 3621 tusone?

320 3647 567 3709 quodmtpottmodo
578 3646 648 3696 obsit
666 3647 843 3699 Conttemen
881 3647 955 3697 Conf.
976 3647 1030 3696 Set.
1049 3647 1078 3708 4,
1104 3647 1134 3707 2,
1160 3645 1202 3696 69.
1246 3645 1302 3696 lem
1320 3643 1405 3697 Codd.

320 3721 404 3783 0d.t,
422 3722 470 3783 28,
490 3720 537 3772 ³0:
558 3721 701 3771 demerem
715 3723 844 3773 Postmodo
881 3721 934 3770 mei
962 3719 1099 3783 antiquiss.
1129 3721 1193 3771 setis
1220 3719 1408 3772 demonstrent

319 3797 476 3860 --paudem
496 3796 656 3847 conmittere.
682 3823 709 3832 -
727 3797 793 3858 quod
808 3797 844 3847 ms·
880 3807 975 3847 omnes
991 3795 1071 3846 huius
1087 3807 1159 3846 vers.
1175 3795 1263 3847 series
1279 3794 1352 3846 lectt.
1366 3795 1408 3846 ln·

320 3871 394 3934 obsit,
407 3899 422 3910 -
433 3899 447 3910 -
458 3871 548 3936 mereo]
566 3873 651 3922 «Cum
670 3872 844 3935 pronuntiare
880 3867 1087 3935 terpoletoribus
1103 3869 1210 3932 deberi,
1234 3871 1280 3933 qui
1296 3868 1406 3920 omnino

320 3947 470 4010 sponsionis
497 3943 652 4008 termulam,
686 3957 756 4008 quae
789 3945 845 3996 tor·
879 3959 906 3996 v.
927 3945 971 3996 titt
987 3943 1122 3996 inculeare
1134 3947 1297 3996 ponerentur
1306 3941 1408 4008 velpe-

320 4021 406 4080 tesso,
430 4019 476 4071 uhi
498 4019 657 4070 creditoris
675 4031 718 4070 me
739 4019 845 4071 soliste-
881 4031 942 4070 nnn
954 4018 1130 4083 intelligerent
1139 4031 1166 4070 v.
1178 4016 1320 4081 inprobus,
1333 4013 1407 4079 qnod

321 4092 447 4145 ciendum
464 4095 526 4155 erit,
553 4095 575 4146 si
592 4094 698 4145 debitor
714 4094 772 4158 ipse
790 4093 845 4144 sol-
882 4095 970 4145 minus
994 4097 1068 4144 reete
1094 4105 1108 4142 e
1133 4089 1265 4142 nonnullis
1290 4101 1354 4141 oum
1378 4101 1404 4140 v.

320 4167 409 4218 vendo
426 4180 479 4219 non
496 4169 586 4228 tuerit,
609 4169 673 4218 mihi
691 4181 788 4218 noxam
805 4168 846 4220 ei-
882 4169 938 4231 apis
949 4167 1129 4230 coniungitur3
1143 4177 1206 4216 nam
1217 4164 1343 4215 orationis
1355 4163 1414 4214 llo·

321 4241 422 4303 term,-
441 4255 474 4294 ex
491 4241 606 4294 Thaletis
622 4241 678 4303 vel,
696 4245 727 4292 ut
743 4241 786 4293 elil
799 4255 845 4293 vo·
883 4243 999 4293 redense
1011 4240 1108 4292 levitati
1119 4241 1292 4304 repugnaret:
1307 4238 1405 4296 hm,
