3156 4972
258 433 321 500 288
637 431 765 500 honam
784 433 963 484 sarrananu

300 589 395 670 Quod
417 587 527 676 pingui
550 587 687 654 miscere
710 609 799 656 mero
822 590 992 677 muriaque
1013 589 1154 666 decebit,
1299 593 1340 656 65

301 714 370 778 Non
393 711 455 777 alia
476 731 574 798 quarn
596 731 660 798 qua
682 710 835 798 Byzantia
857 711 961 797 putuit
982 731 1067 777 orca.

301 835 369 900 Hoc
391 831 445 898 ubi
468 831 635 899 contusum
659 831 755 898 sectis
779 831 929 898 inferbuit
950 831 1060 900 herbis

302 954 507 1044 Corycioque
529 973 625 1020 croco
648 973 796 1039 sparsum
819 954 918 1028 stetit,
944 953 1077 1042 insuper
1098 956 1200 1024 addes

301 1077 417 1144 Pressa
439 1074 635 1142 Venafranae
658 1073 747 1162 quod
769 1073 850 1141 baca
874 1076 996 1142 remisit
1017 1077 1131 1144 olivae.

323 1295 363 1345 65.
383 1295 445 1345 Cum
457 1293 549 1356 pinyti
565 1306 601 1354 φ,
625 1292 656 1341 At
673 1293 763 1356 pinpui
780 1307 795 1342 e
813 1291 877 1343 Cod.
897 1291 966 1342 Bosil
984 1291 1132 1356 Bentleius,
1155 1295 1200 1359 qui
1218 1299 1307 1347 tamen

289 1371 440 1434 suspicatur
457 1369 592 1418 Horatium
612 1368 768 1429 Quinquenni
785 1367 900 1417 dedisse.
928 1395 955 1403 -
984 1368 1026 1420 66,
1042 1369 1140 1430 patruit
1160 1371 1197 1419 ht.
1217 1371 1308 1434 (putuit

291 1459 385 1497 omnes
403 1445 500 1504 nostri,
519 1442 642 1502 Bentleii,
662 1442 776 1493 Pettierii
794 1441 878 1492 codd.
891 1443 999 1505 praeter
1015 1441 1097 1504 duos,
1117 1445 1161 1507 qul
1179 1445 1305 1496 ridicule:

287 1519 400 1584 puduit.)
418 1543 446 1554 -
465 1531 526 1568 orca
542 1529 676 1581 superscr.
695 1531 712 1566 a
728 1515 812 1580 (arca)
829 1515 856 1565 h.
881 1541 907 1554 -
933 1517 973 1568 69.
992 1518 1125 1582 Scriptura
1143 1519 1208 1569 daco
1223 1523 1265 1572 est
1281 1523 1307 1572 in

290 1598 321 1656 S,
340 1595 433 1645 baccho
449 1593 481 1654 b,
500 1593 578 1643 bocca
595 1605 618 1642 c.

257 1771 296 1815 tor
306 1777 368 1827 capo
379 1768 402 1814 ct
418 1767 491 1814 natue
501 1761 628 1826 resecato,
642 1785 668 1796 -
680 1761 778 1825 pinam]
816 1772 881 1811 nam
909 1759 1047 1824 trigidum,
1073 1763 1204 1827 optimum
1227 1763 1289 1817 illud
1307 1781 1340 1818 aa

256 1839 423 1896 mettriche
450 1838 592 1902 opponitur
609 1838 695 1898 tenui,
723 1839 779 1886 est·
817 1835 969 1899 Campania.
1005 1834 1053 1886 od.
1072 1837 1100 1896 2,
1124 1838 1154 1898 6,
1181 1840 1211 1889 ltl
1228 1853 1286 1903 seq.
1311 1869 1339 1901 -,

257 1927 310 1978 que
323 1913 406 1974 idem,
419 1913 492 1977 quod
502 1911 613 1972 Celsol,
628 1913 656 1960 6:
671 1911 778 1973 plenius.
816 1909 968 1972 Corycioque
992 1911 1076 1972 croco]
1101 1910 1166 1963 Plin.
1188 1913 1219 1963 ll.
1240 1915 1270 1964 N.
1292 1916 1339 1974 2⁴,

258 2017 286 2026 -
311 1988 413 2050 maria]
443 1986 606 2050 «liquamine
636 1987 779 2049 praecipue
817 1985 861 2034 tr:
878 1985 965 2034 Primo
980 1984 1193 2036 nobilitasCiliclo
1209 1989 1342 2052 (crocolet

256 2064 433 2124 thynnorum,
463 2063 493 2110 at
518 2073 611 2122 garum
637 2060 779 2110 scombro·
816 2057 850 2106 tor·
874 2059 901 2108 in
918 2059 1013 2120 Coryco
1028 2065 1120 2111 monta.
1135 2087 1162 2098 -
1175 2062 1249 2123 stetit]
1273 2081 1284 2106 α
1291 2076 1342 2127 per

255 2149 330 2196 rum;
351 2135 451 2186 «tata.
467 2161 495 2172 -
508 2149 558 2184 non
570 2133 697 2197 aliaest]
710 2137 780 2199 Opti·
816 2130 981 2195 aliquantum
999 2135 1127 2198 temporis
1139 2135 1218 2186 desiit
1235 2137 1340 2188 terrere

255 2225 299 2262 ma
317 2209 480 2268 habebatur,
499 2221 568 2271 quae
581 2222 613 2258 ex
626 2210 733 2271 thynnis
745 2208 779 2259 ad
816 2208 896 2269 atque
915 2207 1056 2271 intepuit;·
1075 2221 1142 2268 uon,
1160 2211 1342 2273 quemadmo-

256 2286 412 2349 Byzautlum
442 2285 526 2347 captis
557 2283 777 2347 praeparabatur.
816 2279 881 2332 dum
898 2279 940 2330 alii
952 2280 1100 2345 explicant:
1120 2283 1142 2346 l)
1156 2285 1341 2348 «coagulatum

255 2359 440 2421 Euthydemus
466 2357 538 2421 apud
563 2358 656 2407 Athen.
679 2357 708 2418 3,
727 2357 776 2408 at:
816 2359 888 2414 est;·
906 2357 930 2418 2)
949 2357 1036 2406 «stetit
1053 2357 1079 2407 in
1096 2369 1203 2421 mensa,
1226 2363 1256 2409 at
1271 2359 1341 2425 ligu-

255 2429 373 2484 corvam
384 2427 497 2502 ὡραίων
508 2427 664 2495 Βυζάντιον
677 2425 779 2482 ἔπλετο
815 2431 924 2481 riatur.»

254 2504 361 2577 μήτηρ.
400 2507 571 2571 Antiphanes
588 2507 659 2570 apud
681 2507 776 2557 Athen.
848 2505 936 2556 'iil-75.
956 2505 1169 2569 Picena-pomis]
1188 2507 1226 2558 ct.
1239 2509 1293 2558 Sat.
1306 2509 1338 2571 2,

255 2581 284 2643 3,
302 2583 347 2634 88:
375 2576 531 2644 Βυζάντιόν
542 2595 573 2630 τε
583 2581 710 2645 τέμαχος
721 2579 780 2630 ἐπι·
816 2580 846 2640 3,
864 2580 921 2629 til.
951 2579 1007 2630 lam
1025 2579 1059 2628 ad
1081 2593 1113 2630 ea
1137 2583 1241 2642 hausit,
1269 2596 1340 2647 quae

254 2651 455 2716 βακχευσάτω.
472 2655 779 2719 -prttuihecuiusgravi
816 2652 942 2704 secundis
959 2654 1060 2704 mensis
1077 2655 1288 2719 apponebantur.
1308 2683 1338 2694 -

255 2731 338 2782 odore
364 2729 465 2780 imbuta
485 2732 527 2780 est
551 2741 612 2779 orca
638 2730 777 2793 Byzantia,
818 2728 943 2793 Tiburtia]
970 2727 1104 2780 Tiburtina
1129 2731 1251 2792 panario
1276 2735 1339 2782 uota

255 2797 346 2877 ir'pxy,
364 2817 411 2856 vas
428 2804 521 2866 fictile,
539 2803 707 2856 salsamentis
724 2817 780 2854 ser·
816 2805 869 2854 iam
886 2817 918 2852 ex
936 2801 985 2853 Od.
999 2804 1026 2864 l,
1045 2803 1074 2864 7,
1094 2804 1135 2854 tl.
1156 2831 1183 2840 -
1207 2805 1339 2868 Venucula]

254 2881 477 2946 vandisaptum.»
506 2880 702 2942 Athen.3,88:
722 2877 780 2931 lii-
816 2877 879 2930 Plio.
899 2878 930 2928 ll.
950 2879 979 2928 N.
1000 2877 1093 2940 list,
1117 2879 1163 2930 at:
1197 2881 1341 2931 Venientem

253 2970 336 3025 (ηχος
350 2983 393 2996 .-
407 2955 565 3020 Βυζαντίας
589 2953 620 3006 δὲ
645 2954 777 3019 θυννίδος
816 2953 919 3016 (ilvam)
937 2953 1040 3002 --ollis
1065 2953 1157 3016 (vasis,
1188 2955 1215 3005 ln
1240 2954 1339 3018 quibua

251 3027 500 3101 Ὀσμαῖσιχαὶρει.
524 3029 636 3092 Pers.3,
649 3031 695 3081 76:
708 3033 779 3082 llae-
814 3026 1006 3090 condebantur)
1033 3029 1190 3090 aptissimam
1214 3030 1340 3092 carmani

253 3121 337 3168 neque
352 3107 419 3168 quod
433 3107 522 3169 prinu
537 3107 649 3156 nondum
665 3107 780 3171 &fecerit
814 3101 912 3152 malunt
928 3103 1048 3152 sirertlam
1063 3116 1167 3166 vocare,
1191 3105 1236 3154 elil
1253 3110 1340 3155 ειιιοιι·

254 3195 324 3232 orco.
814 3177 874 3228 lom.
895 3201 923 3214 -
945 3179 1015 3241 {inno
1037 3179 1176 3244 duraveris]
1195 3192 1339 3230 «servare-

287 3255 375 3306 tta-ee.
394 3255 504 3305 Hoeubi
520 3254 583 3319 cet]
601 3252 778 3319 Simplaxlgl-
814 3253 878 3304 ris.»
907 3253 1051 3302 Corraca.
1081 3251 1205 3314 Plinii,
1223 3253 1251 3303 ³:
1277 3254 1340 3304 Aliis

254 3333 298 3380 tur
314 3331 354 3380 ius
371 3342 425 3379 uon
437 3329 577 3380 constabat
594 3343 627 3379 ex
639 3327 698 3379 oleo
709 3328 776 3390 solo,
816 3326 890 3389 (uvis)
907 3327 1032 3391 qratiam,
1057 3329 1101 3389 orti
1117 3332 1141 3378 at
1155 3327 1232 3390 einh,
1254 3327 1340 3390 samus

253 3407 284 3455 ut
314 3402 501 3454 nonnullorum
533 3405 709 3467 interpretum
737 3407 778 3454 est
814 3405 888 3466 affert
902 3401 1009 3464 [mnia.
1030 3429 1058 3438 -
1071 3403 1143 3452 Hanc
1160 3402 1222 3466 cet]
1240 3403 1339 3454 «Uram

254 3478 355 3546 opinio,
382 3477 433 3527 etsi
453 3475 542 3526 oleum
566 3489 661 3540 perse
681 3489 777 3541 sapore
814 3475 943 3528 Albanam
976 3487 1084 3541 passam
1121 3479 1149 3527 et
1184 3476 1339 3538 fumigatam

254 3565 338 3618 prope
356 3553 442 3610 caret;
469 3551 517 3600 sed
543 3565 576 3602 ex
602 3550 674 3613 oleo,
701 3552 775 3612 rino,
815 3551 958 3602 comedere
987 3552 1087 3602 institui
1109 3564 1170 3602 cam
1193 3550 1270 3602 malis
1292 3565 1338 3602 re-

254 3628 354 3676 muria:
372 3625 550 3689 compositum
567 3629 657 3676 autem
671 3639 703 3676 ex
716 3627 776 3687 hoe,
814 3625 947 3687 centibus,
957 3639 1011 3690 quo
1023 3627 1162 3690 utriusque
1171 3639 1252 3690 sapor
1263 3639 1339 3690 pror-

253 3701 325 3765 quod
343 3701 449 3762 rtnrptea
469 3702 560 3762 vocat,
585 3699 697 3752 decocto
715 3714 777 3751 cum
814 3715 860 3754 aas
871 3700 1007 3762 diversus,
1026 3701 1091 3752 scite
1109 3702 1161 3751 iam
1179 3701 1336 3766 permixtus,

253 3775 345 3826 herbis
356 3775 520 3836 aromaticis,
539 3777 569 3825 ut
585 3774 671 3826 solent
682 3777 778 3826 etlam·
810 3774 931 3840 palatum
949 3773 1089 3826 titillaret.»
1120 3775 1266 3840 (Fumigars
1281 3773 1339 3825 itali

253 3862 324 3901 nunc
342 3848 410 3910 ltali,
428 3850 519 3910 emas,
537 3850 727 3914 incipissit,
746 3851 775 3910 8,
813 3863 885 3902 nune
901 3853 1039 3902 castamm
1056 3849 1161 3910 solent.)
1181 3877 1209 3886 -
1225 3863 1339 3914 oporam

252 3923 319 3985 aa),
342 3924 449 3987 thymo,
475 3923 628 3985 coriandro,
651 3924 775 3986 mentha,
813 3927 899 3987 malla,
923 3925 976 3990 apo]
1001 3925 1119 3976 Primum
1140 3937 1220 3975 suurn
1243 3925 1340 3976 laren·

144 4005 146 4010 ·
253 3997 361 4048 cumino
379 3998 463 4048 tricto.
500 3999 775 4062 (Cir.Aplcium8,i.
813 4003 870 4052 tum
892 4013 960 4051 urae
983 3997 1102 4050 Albanae
1125 4000 1268 4062 lumlgatae
1285 4013 1339 4050 aaa

253 4069 318 4122 locis
352 4083 428 4132 eum,
462 4085 545 4136 quem
573 4072 775 4135 excerpsimus,
813 4089 875 4126 cum
893 4073 969 4127 malis
991 4075 1128 4139 appositae
1150 4087 1212 4124 cum
1231 4085 1340 4124 memo-

252 4145 495 4212 praecedentibus.)
524 4148 639 4208 Deinde,
659 4145 703 4196 ubi
719 4150 776 4196 ste·
813 4151 912 4210 resset,
939 4148 1047 4213 gloriola
1069 4152 1195 4200 incensus
1212 4149 1339 4198 continuo

253 4223 333 4282 terat,
351 4221 555 4285 inspergebatur
565 4235 660 4274 crocus
672 4234 777 4272 rursus·
812 4223 925 4275 alterum
950 4223 1031 4276 iaeois
1056 4227 1084 4275 et
1108 4223 1198 4274 allecia
1215 4225 1267 4273 cet.
1288 4223 1339 4272 ad-

252 4309 306 4360 que
323 4295 522 4348 admiscebatur
537 4297 626 4348 oleum
648 4298 775 4348 Venalra-
812 4299 864 4360 dit,
891 4299 964 4362 quod
989 4303 1080 4349 utrum
1101 4298 1135 4348 ad
1162 4299 1276 4362 primas,
1304 4311 1338 4348 an
