3130 4966
609 430 667 480 cra.
689 429 705 478 ι.
743 431 809 480 sir.
830 431 847 479 r.
1253 431 1272 492 9

228 584 420 652 Parvula-
435 606 509 651 nam
533 585 682 674 exemplo
705 597 811 654 ost-
829 587 933 673 magni
958 585 1089 654 formica
1112 586 1230 653 laboris

227 709 292 774 Ore
317 706 412 774 trahit
434 707 655 796 quodcunque
678 717 783 796 potest
805 718 903 796 atque
926 708 1014 775 addit
1035 729 1167 784 acervo,

226 830 329 908 Quom
353 829 459 904 struit,
484 827 570 896 haud
594 830 705 916 ignara
726 849 765 896 ac
787 851 852 895 non
876 830 1002 898 incauta
1024 829 1129 896 luturi.
1230 831 1272 895 aa

225 953 332 1030 Quae.
357 949 452 1016 simul
475 951 639 1018 inversum
662 953 828 1018 contristat
849 953 1009 1039 Aquarius
1032 973 1165 1028 annum,

226 1074 296 1138 Non
319 1094 458 1160 usquam
481 1073 626 1160 prorepit
647 1083 680 1140 ct
701 1072 763 1140 illis
785 1073 884 1142 utitur
905 1083 979 1141 ante

226 1193 390 1274 Quaesitis
412 1193 558 1282 sapiens,
583 1217 657 1263 cum
681 1207 711 1262 to
735 1215 843 1283 neque
866 1195 1009 1264 fervidus
1030 1205 1140 1264 aestus

246 1412 286 1460 35.
305 1411 366 1461 baeu
383 1412 411 1462 d.
432 1441 459 1448 -
479 1413 520 1464 38.
536 1413 636 1476 putiau
652 1412 789 1474 absumi.
813 1415 920 1476 impiae
936 1413 953 1464 d
973 1414 1115 1478 (superscr.
1131 1414 1238 1476 patieris}

214 1501 246 1549 p,
273 1485 393 1536 Lambini
416 1486 515 1550 aliquoi
538 1491 565 1538 et
588 1489 735 1544 Turranio,
761 1489 905 1552 Cruquiaui
931 1501 1039 1548 omnes,
1070 1485 1126 1554 βγκ
1153 1501 1235 1538 «cum

213 1559 376 1624 quibusdam
393 1561 476 1624 aliisi,
494 1564 612 1628 quinque
634 1563 762 1624 Poitierii,
780 1565 863 1614 ceteri
877 1563 996 1626 patiens.)
1016 1587 1043 1600 ·-

181 1757 269 1808 solent
285 1757 326 1818 id,
345 1758 419 1821 quod
434 1772 465 1808 re
482 1771 545 1808 vera
563 1761 705 1821 quaerunt,
743 1763 805 1810 ante
823 1758 959 1822 pluviasne
977 1759 1074 1810 hiemis
1085 1759 1202 1820 initium;
1221 1774 1271 1825 pro

181 1831 207 1882 id
225 1833 283 1891 est.
309 1831 422 1884 divitias.
458 1833 560 1883 Seneca
578 1834 704 1884 controv.
744 1832 922 1898 qualicunque
956 1847 1022 1884 vero
1056 1832 1163 1884 hiemali
1195 1834 1270 1898 signo

179 1907 210 1966 2,
229 1906 275 1958 li:
293 1909 407 1972 Nempe,
425 1909 704 1972 muumporeprinore,
743 1910 888 1972 Aquarium
907 1909 992 1974 ponii,
1021 1921 1186 1972 quamquam
1206 1923 1270 1974 pro-

180 1994 274 2043 quuere
296 1983 450 2042 amaeam,
474 1988 544 2032 utere
566 1996 650 2033 senec
677 2009 703 2018 -
743 1983 1269 2048 pria,utaiti’orpbyrio,«maximesole

180 2071 240 2106 uum
260 2058 374 2119 camapio
394 2059 437 2123 est]
456 2071 603 2122 «perquam
621 2057 707 2107 liben-
744 2060 770 2110 in
792 2060 908 2123 aquario
930 2060 1073 2110 constituto
1095 2059 1270 2122 tempestatas

180 2135 221 2182 ter
246 2134 319 2182 enim
345 2133 397 2182 boc
425 2133 552 2197 sapientis
577 2130 706 2184 bestiolae
743 2134 894 2186 horrendae
907 2134 1041 2198 atirigora
1057 2131 1271 2197 ingentiasoleni

180 2205 305 2270 exemplo
324 2210 459 2257 utuntur.»
490 2206 615 2258 Proverb.
629 2208 657 2268 6,
674 2207 704 2256 6:
744 2223 814 2262 esse.
849 2208 892 2260 Sol
909 2211 1000 2259 autem
1023 2209 1118 2260 transit
1134 2209 1160 2259 in
1177 2209 1268 2272 liqua-

183 2282 249 2330 Vodc
265 2283 300 2330 ud
315 2283 458 2344 sonutam,
476 2296 492 2331 ο
506 2283 592 2346 piper,
609 2287 633 2332 et
649 2295 707 2332 cori·
743 2286 813 2336 rium
840 2285 916 2334 livii
942 2281 996 2333 ital.
1022 2281 1188 2332 Februarias.
1213 2283 1267 2344 itii.

180 2357 267 2406 sideru
282 2357 338 2406 vica
354 2357 408 2406 aaa
424 2362 447 2408 ci
464 2357 530 2407 disce
545 2357 707 2419 ruptauium,
744 2360 787 2410 die
807 2359 936 2421 innuant»
959 2359 1061 2408 Seneca
1078 2358 1135 2406 Nat.
1150 2357 1268 2416 Quaestt.

179 2445 245 2492 quae
272 2445 331 2481 crau
357 2447 408 2482 uon
437 2431 527 2482 babeat
551 2433 639 2482 durau
662 2443 707 2480 uec
744 2435 837 2496 mi:
857 2435 922 2496 Quid
938 2431 1271 2495 estquareiuleouerem·

176 2511 366 2568 praeceptoruu
381 2520 426 2556 nec
448 2507 603 2568 principun,
626 2511 708 2568 parat
740 2523 788 2572 per
815 2510 852 2560 sot
878 2509 970 2560 ardent
998 2513 1021 2558 et
1049 2511 1131 2556 maroa
1163 2505 1270 2556 aestibus

178 2581 706 2645 iuaesiatecibmusibictcouprepotiu
743 2589 856 2645 ιοννσαι,
890 2585 925 2634 iu
951 2583 1108 2644 Aquario
1136 2582 1269 2632 astrio-

178 2657 484 2719 meamquodeomeaar.
514 2655 705 2720 Titiniusapud
742 2665 803 2725 pat
825 2659 985 2718 hiemem,
1011 2657 1166 2720 fiumina
1187 2656 1270 2719 peiu

179 2733 295 2783 Nonium
317 2745 343 2795 p.
361 2729 419 2780 Μ
439 2731 487 2782 tc:
514 2731 645 2780 Formicue
662 2729 708 2791 poi
743 2733 915 2785 claudat?
952 2734 1033 2784 Totus
1064 2733 1155 2782 autem
1183 2732 1271 2780 vorsi-

177 2807 304 2869 pcrrimiiu
327 2811 363 2855 est
387 2805 495 2854 rasilem
517 2805 598 2854 borno.
633 2805 705 2868 Virg.
744 2809 820 2860 cuius
841 2808 948 2859 videtur
969 2803 1099 2877 capolia
1115 2804 1270 2856 versusali-

180 2885 225 2932 Ge.
239 2883 264 2939 i,
278 2880 337 2930 ⁴86:
353 2873 509 2943 populatque
519 2881 642 2943 iupcntem
652 2879 708 2942 sar*
744 2885 819 2935 cuius
836 2883 945 2934 heroici.
961 2909 988 2918 -ω
1001 2881 1141 2944 contristat]
1158 2883 1187 2929 ut
1198 2880 1268 2942 virg.

179 2955 468 3016 ruacemuu--inopt
479 2955 708 3018 uutueussormica
744 2961 790 3008 Ge.
809 2957 839 3019 3,
857 2957 918 3008 278:
937 2957 1002 3006 uude
1018 2957 1171 3019 uipem'mus
1181 2955 1270 3004 Auster

180 3035 299 3081 mactae.
324 3031 415 3080 iuven.
428 3030 453 3090 6,
466 3029 528 3080 360;
551 3029 708 3091 Prospiciuut
743 3033 863 3083 Nascitur
879 3037 902 3082 et
920 3032 1008 3094 pluvio
1028 3031 1159 3094 coutriatat
1173 3030 1271 3093 pipare

180 3106 319 3168 atiquarido
334 3106 397 3166 viri,
422 3104 553 3168 iripurque
567 3105 708 3168 [urumque
742 3109 848 3158 coelun.
869 3132 897 3141 -
915 3106 1023 3167 sapiam]
1041 3103 1185 3169 «prudens,
1198 3101 1269 3162 ideo,

182 3181 298 3232 Fonuica
323 3181 424 3230 laudari
452 3180 555 3240 quidum
583 3193 708 3242 capacem
744 3182 816 3246 quod
838 3193 889 3231 neo
909 3179 1025 3244 prodigit
1042 3179 1162 3242 quaesita
1180 3189 1269 3240 nequo

180 3257 314 3320 mapistra.
335 3281 362 3291 -
380 3255 468 3318 mapui
483 3255 593 3317 [morico
605 3255 706 3319 uinta]
745 3244 1269 3320 necessariovictusedefraudatu’ldprg

181 3332 205 3380 in
223 3343 304 3396 prosa
322 3343 361 3381 or.
380 3329 516 3388 «formica,
535 3329 632 3380 animal
648 3345 708 3384 ma·
746 3336 788 3384 est
804 3330 913 3380 formica
931 3327 1046 3380 Hesiodo
1063 3327 1092 3377 0.
1111 3328 1139 3376 ot
1155 3327 1186 3376 D.
1205 3325 1268 3376 778:

181 3407 224 3466 gni
242 3404 350 3466 laboris,
369 3402 636 3456 laboriosissimum.»
746 3397 795 3456 ὅτε
811 3406 835 3454 τ’
853 3401 925 3474 ἴδρις
942 3397 1039 3474 σωρὸν
1060 3395 1180 3467 ἀμᾶται,
1215 3400 1268 3452 Cir.

213 3479 303 3531 36-l0.
324 3480 402 3544 Quae]
420 3478 509 3540 idest,
529 3483 572 3530 eat
588 3493 649 3532 ea.»
667 3480 706 3532 ct.
746 3482 827 3531 etiam
845 3479 927 3532 Plaut.
946 3477 1051 3530 Trucul.
1065 3477 1095 3538 l,
1113 3476 1144 3538 l,
1162 3477 1206 3526 ⁴5:
1226 3476 1272 3527 Co-

183 3553 345 3616 quartulli.
365 3555 552 3614 nscintamem
572 3554 710 3619 quoddis-
745 3557 836 3620 picato,
861 3567 918 3604 mus
940 3554 1046 3616 pusitius
1068 3565 1145 3614 quam
1166 3552 1199 3602 sit
1222 3563 1271 3600 aa·

182 3630 284 3680 crimen
305 3629 339 3679 sit
364 3630 432 3680 inter
454 3631 479 3678 ie
503 3631 530 3680 et
554 3628 708 3694 exemplum
743 3631 835 3693 picus
851 3628 937 3678 beatio
974 3625 1272 3688 Lectiosapieaaiirma-

183 3705 245 3756 iilud
258 3707 366 3756 muman
379 3705 708 3770 -iuuersum--aunuml
746 3707 790 3754 tur
811 3719 826 3754 a
850 3703 915 3755 Cod.
936 3705 1047 3764 Franeq.
1069 3700 1146 3750 Bosii.
1182 3699 1271 3750 Altera

182 3781 239 3831 dea
266 3780 377 3831 letires
407 3780 617 3844 ilmrcirwuup.
653 3781 707 3832 Clu.
747 3776 1080 3842 utiqueminusapposita
1100 3774 1201 3836 potiora
1224 3786 1271 3823 ex-

183 3855 294 3905 Theocr.
306 3855 347 3914 i3,
360 3855 405 3904 26:
418 3855 603 3924 τετραμμένω
612 3851 710 3924 εἴαρος
746 3853 866 3918 plicando
891 3853 964 3904 esset
987 3863 1038 3901 non
1057 3852 1125 3900 tam:
1154 3861 1269 3913 «parca,

184 3921 711 4001 idq,utiiomeiineptrtomvomapi-
745 3929 838 3993 paucis
859 3927 900 3978 vol
922 3927 1018 3977 vilibus
1035 3925 1102 3976 cibis
1119 3925 1270 3984 contenta»,

184 4001 360 4068 rellopr-'vov
378 4001 524 4056 ἐνιαυτῶν.
555 4006 594 4056 De
612 4003 709 4056 bruma
747 4017 841 4067 quam:
856 3999 1271 4068 ipaaenterexspecunsmonac

184 4077 307 4143 loquitur,
317 4092 410 4143 exqua
422 4077 494 4130 velut
503 4092 588 4130 novus
595 4078 710 4131 circulus
747 4079 836 4128 denuo
853 4090 999 4142 prorepere
1016 4077 1126 4142 possiti
1146 4102 1175 4112 -
1193 4088 1272 4137 oeque

185 4156 239 4204 sive
257 4166 353 4204 cursus
370 4155 433 4204 anni
450 4167 559 4219 semper
581 4155 710 4205 vertentis
746 4155 765 4215 f.
782 4157 996 4214 oasim-meque
1012 4152 1097 4216 bium]
1115 4152 1271 4212 anonymus

187 4227 309 4284 illacrob.
321 4229 375 4278 Sal.
386 4229 410 4290 i,
421 4227 471 4292 ii.)
481 4228 621 4279 exordium
630 4231 708 4292 capit.
747 4241 790 4292 ap.
803 4228 874 4277 Sexi.
888 4227 987 4290 Empir.
1001 4227 1028 4276 il
1041 4265 1046 4286 ,
1061 4227 1122 4277 422:
1142 4221 1270 4294 dedmu'

186 4302 320 4354 Formione
339 4301 448 4367 quidem
466 4317 526 4354 seso
544 4303 646 4354 abdunt
657 4303 710 4354 iam
748 4302 841 4374 ἑταῖρε
859 4301 907 4353 καὶ
924 4301 1028 4370 θέρους
1049 4301 1097 4351 καὶ
1117 4295 1268 4364 χειμῶνος.
