3130 4966
616 433 676 484 nro.
696 435 714 483 r.
750 435 817 485 sur.
837 435 867 484 u.
1246 431 1281 500 34

200 593 303 678 Atque
326 588 407 658 hacc
428 611 516 666 rare,
541 590 635 657 cadat
656 589 738 658 dura
761 592 843 658 inter
863 611 963 679 saepe
986 591 1116 680 pericla.
1246 595 1288 658 lo

201 714 258 780 llic
280 733 316 779 sc
338 712 549 801 praecipitem
572 723 656 780 tecto
677 713 783 792 dedit;
807 713 859 780 ille
882 712 1016 801 llagellis

199 834 247 901 nd
269 845 406 901 mortem
428 853 559 914 caesus3
582 834 709 923 fugiens
731 835 783 904 hic
805 835 925 904 decidit
946 857 1055 904 eorem

199 955 403 1023 Praedonum
425 956 457 1022 in
479 956 622 1036 turbem3
653 957 742 1024 dedit
775 957 828 1026 hic
858 979 917 1046 pro
949 979 1087 1048 corpore
1120 981 1285 1039 nummos;

199 1079 291 1144 Hunc
313 1079 555 1166 perminxerunt
576 1079 723 1158 celones3
746 1082 825 1168 quin
847 1081 943 1148 etiam
965 1080 1043 1148 illud

199 1199 337 1277 Accidit,
362 1211 396 1268 ut
416 1199 549 1289 quidam
571 1210 671 1269 testes
694 1201 898 1291 caudamque
921 1202 1061 1272 salacem
1246 1205 1286 1269 45

200 1323 384 1390 Demeteret
405 1322 499 1389 ferro.
545 1324 634 1400 lure,
658 1343 787 1405 omnes;
811 1324 912 1392 Galba
934 1325 1081 1413 negabat:

263 1548 303 1599 te.
321 1550 422 1599 cuidam
434 1551 468 1614 (p)
488 1551 552 1612 tct,
573 1551 636 1601 item
653 1550 788 1602 Bentleius
805 1555 832 1602 et
850 1554 985 1616 lleisigiuS.
1018 1557 1056 1618 (tlt
1075 1568 1136 1616 nos,
1159 1569 1254 1606 omnes

231 1625 312 1674 nostri
330 1627 357 1674 et
378 1625 515 1698 lffottierill
536 1653 563 1662 -
582 1625 624 1678 lo.
643 1627 781 1678 Deneteret
800 1628 898 1692 serum
915 1629 981 1690 tct,
1007 1631 1162 1680 Denetermt
1184 1632 1253 1695 [erro

230 1699 326 1749 Barthii
344 1703 372 1750 et
393 1699 503 1751 Bentleii
521 1703 600 1763 coni,
619 1703 683 1753 item
706 1704 757 1753 Fea
781 1717 813 1754 ex
836 1717 885 1754 sno
909 1703 1007 1755 Codice
1024 1706 1055 1754 V.
1076 1706 1103 1755 B.
1123 1709 1150 1756 et
1166 1707 1253 1769 Reisig

230 1777 284 1824 Lat.
303 1777 361 1839 Spr.
379 1788 406 1840 p.
426 1775 483 1826 tet.
520 1771 640 1840 lllt'nos,
659 1777 742 1827 nostri
760 1780 786 1828 ot
805 1779 919 1829 Pottieril
937 1781 1049 1842 omnes).

197 1979 224 2030 G.
240 1981 370 2042 Cupiennii
387 1984 450 2031 sunt
466 1981 492 2032 in
505 1983 622 2034 nummis
633 1981 722 2034 lliocio
760 1981 813 2032 Clr.
832 1983 886 2032 Sat.
904 1983 933 2042 2,
953 1983 981 2042 7,
1000 1983 1041 2033 dd.
1061 1982 1173 2034 Phaedr.
1187 1983 1216 2044 3,
1237 1983 1283 2042 44,

197 2055 232 2105 ll.
251 2057 278 2105 F.
296 2057 326 2106 ll.
344 2069 372 2120 p.
392 2056 442 2118 77.)
759 2057 794 2116 3.,
823 2056 869 2106 ubi
895 2057 1004 2121 quidam
1031 2059 1056 2108 in
1082 2059 1205 2109 eunucho
1229 2060 1285 2108 Dc-

229 2129 317 2182 tt-te.
336 2131 430 2180 Audire
441 2131 504 2193 oct]
523 2131 644 2183 «Urbane
657 2131 723 2182 abu-
758 2145 846 2182 meum
861 2133 995 2183 insectetur
1005 2131 1046 2182 'est
1062 2133 1148 2182 amirei
1162 2133 1282 2193 eorporis.

197 2205 259 2256 titur
275 2206 400 2256 Ennianis
417 2205 554 2257 versibus:
576 2208 671 2257 Audire
687 2213 723 2258 est
761 2233 788 2243 -
812 2209 1017 2272 pomoerium]
1048 2209 1285 2272 «stupuerunt»

195 2282 422 2343 operaepretium,
436 2283 574 2343 procedere
589 2287 654 2333 reete
674 2283 722 2346 Qui
758 2284 849 2333 Scuor..
886 2283 1084 2334 ucontumellae
1114 2297 1194 2333 causa
1221 2295 1284 2334 aum

194 2369 249 2407 rem
263 2358 405 2407 timueram
424 2358 573 2419 tutumque
590 2371 721 2422 deprecere
758 2353 881 2421 stuprare
907 2359 971 2408 iussi
998 2361 1061 2408 sunt
1085 2356 1119 2408 ab
1146 2357 1285 2408 adulterae

194 2431 290 2482 cottio.»
325 2433 417 2482 Senot.
454 2433 512 2492 Quo
535 2446 568 2482 ex
590 2431 649 2483 looo
672 2432 721 2483 de·
758 2433 880 2484 marito.»
894 2433 1049 2483 Cuiusmodi
1062 2431 1216 2498 exemplum
1229 2445 1286 2482 rne-

195 2505 312 2558 leuditur
343 2505 422 2556 lectio
449 2508 562 2558 moechor
589 2508 720 2558 adversus
759 2509 847 2558 morat
858 2519 920 2558 oum
932 2505 989 2558 eliis
1001 2507 1176 2560 moechorum
1191 2508 1285 2572 poenis

195 2583 322 2632 dativum.
358 2584 616 2634 senensantemest
632 2584 719 2635 idem:
758 2581 814 2632 val.
834 2583 901 2634 Max.
920 2583 950 2638 o.
970 2583 1000 2642 t,
1021 2582 1067 2634 ⁴3:
1086 2584 1129 2634 Cn.
1148 2585 1286 2634 edmeru-

197 2657 256 2720 «qni
274 2669 326 2708 non
343 2655 421 2708 voltis
443 2659 571 2708 moechos
591 2671 722 2724 prospera
756 2658 825 2706 iiten
833 2657 973 2708 Broectmn
984 2658 1027 2720 prol
1038 2659 1232 2720 deprehenderat
1241 2659 1285 2722 se-

195 2734 267 2782 eorle
289 2733 354 2782 uti.»
394 2731 477 2783 Plaul.
496 2734 570 2797 Capi.
591 2734 621 2795 3,
642 2736 669 2795 4,
689 2734 718 2784 6:
756 2733 843 2782 militm
858 2733 1025 2795 stuprandum
1046 2733 1140 2784 obiecit.
1161 2760 1189 2770 -
1208 2733 1285 2784 Colo·

195 2807 278 2868 neem
294 2807 603 2869 ietentomrem--Vidi,
620 2809 721 2872 meoet
756 2819 800 2858 nee
816 2807 843 2858 lu.
862 2806 890 2868 l.,
910 2809 954 2870 qul
972 2807 1037 2872 Epp.
1055 2809 1084 2868 l,
1104 2806 1147 2866 tt,
1173 2806 1212 2858 tt.
1231 2821 1285 2857 me-

194 2883 277 2932 ntium
291 2883 423 2944 procedet,
446 2884 564 2946 mecouid
579 2885 663 2948 [arere
677 2899 720 2935 oc-
757 2883 871 2942 diderint,
888 2883 959 2933 servi
971 2880 1086 2933 viliores.
1102 2909 1130 2917 —
1144 2882 1286 2943 quidum--

194 2957 293 3018 ceper-it.
329 2958 434 3007 Terent.
452 2956 566 3023 Adelph.
579 2961 606 3021 e,
625 2961 654 3021 7,
673 2961 717 3010 2⁴2:
757 2957 982 3022 Deoreteretferro]
994 2955 1098 3022 supple,
1112 2955 1185 3020 quod
1196 2969 1284 3021 perse

194 3029 266 3092 Suro,
277 3032 418 3093 processior
428 3033 618 3095 todieeutetre.
634 3061 661 3072 -
674 3036 720 3086 At-
757 3031 916 3095 intelligitur,
935 3030 1096 3083 «adulterer
1119 3033 1191 3082 llaec
1207 3030 1285 3083 lectio

195 3117 241 3168 que
259 3105 321 3156 liaeo
341 3119 420 3167 rure,
447 3109 530 3172 cedet]
554 3111 717 3174 «contingat,
757 3109 785 3157 et
801 3107 880 3172 plana
897 3109 940 3158 est
957 3110 985 3156 et
1000 3106 1034 3156 ab
1047 3106 1184 3169 antiquiss.
1199 3107 1282 3156 Codd.

195 3184 221 3232 et
237 3194 269 3231 ee
280 3181 391 3245 quidem
406 3195 492 3232 rara·
507 3211 535 3220 -
548 3185 594 3234 Hie
605 3197 631 3234 ee
639 3199 719 3247 proe-
758 3181 870 3232 llrmata.
890 3180 990 3231 Eadem
1002 3193 1054 3244 qua
1067 3180 1110 3230 hic
1119 3181 1239 3230 demetere
1248 3182 1285 3230 si·

195 3257 292 3319 cipitem
317 3257 379 3321 cet]
406 3259 538 3322 perquam
564 3257 658 3310 slmllia
685 3260 719 3312 de
758 3255 924 3320 gnificatione
943 3253 1063 3324 deplgetv
1077 3254 1282 3318 usurpatsoplr.

194 3333 337 3395 Per-agrino
359 3333 455 3382 Proteo
477 3336 567 3383 namet
589 3335 720 3386 Lucienus
757 3331 795 3382 Al.
806 3329 856 3381 436
868 3331 894 3381 et
905 3323 986 3397 ἀμᾷν
996 3327 1103 3380 llesiod.
1117 3329 1214 3392 Theog.
1226 3329 1282 3380 480.

194 3408 300 3469 Peregr.
319 3406 344 3456 9.
364 3431 393 3444 -
411 3407 453 3457 itte
468 3407 582 3474 4444944444]
601 3410 673 3460 «lloo
685 3408 719 3460 da
760 3433 787 3442 -
800 3405 869 3471 lure]
882 3406 928 3456 Est
939 3403 1050 3455 lormule
1068 3402 1209 3454 iudicialis:
1229 3405 1286 3454 iure

193 3481 222 3531 C.
240 3481 338 3545 crispo
353 3479 465 3532 salustio
482 3482 592 3544 dieitur,
611 3485 656 3546 qni
671 3483 721 3534 da·
757 3481 954 3531 coerumoideri.
978 3481 1019 3530 Sic
1032 3480 1058 3530 h.
1068 3479 1086 3530 l.
1101 3481 1173 3534 «lure
1185 3493 1217 3530 ao
1230 3493 1285 3530 me-

192 3555 342 3620 prehensus
353 3555 387 3606 ab
399 3557 483 3607 Annio
494 3555 589 3610 Milone
608 3559 633 3608 ln
646 3558 720 3610 adul·
756 3557 808 3606 n'to
820 3569 882 3608 eum
894 3559 1039 3608 castratum
1051 3568 1113 3606 esse
1125 3568 1220 3605 omnes
1232 3556 1285 3604 uie-

193 3632 260 3682 terlo
276 3632 401 3693 Faustae,
420 3630 507 3682 Sullae
525 3633 609 3693 filiae,
627 3636 717 3686 uxorio
756 3632 848 3682 baut.»
864 3660 891 3668 -
906 3631 987 3682 Gutta
1003 3631 1121 3694 repebat]
1133 3628 1230 3680 «Galba
1243 3631 1285 3680 iu-

193 3707 259 3766 elue,
277 3705 387 3769 flagellis
404 3719 499 3758 caesus
517 3720 577 3758 esee
595 3707 716 3760 dicituro
757 3709 793 3758 rie
810 3708 912 3771 peritus
930 3707 1031 3771 etipse
1048 3707 1165 3756 sectator
1182 3707 1285 3754 metro-

193 3781 285 3830 Soron.
317 3779 508 3832 Cl.Gelliusll.
524 3783 612 3844 tlt,
632 3784 672 3835 48.
689 3811 717 3820 -
758 3795 867 3843 narum,
896 3782 942 3844 qui
959 3778 1069 3830 dicebat
1092 3791 1145 3828 non
1166 3779 1222 3827 lure
1246 3778 1284 3829 lu-

192 3855 359 3920 stuedonem]
376 3858 584 3907 «nocturnorum
601 3870 651 3922 per
670 3859 719 3910 444·-
757 3859 844 3916 otum,
857 3858 887 3905 ut
898 3857 980 3905 testes
992 3854 1208 3918 amputarentur,
1223 3855 1284 3916 quia

193 3927 256 3979 bem
273 3933 482 3992 grassatorum.»
510 3929 605 3992 Tib.l,
624 3933 653 3992 2,
672 3933 717 3982 lt:
756 3934 843 3996 primo
868 3931 989 3982 adulterii
1019 3941 1105 3993 poena
1131 3929 1284 3992 pecuniario

191 4005 312 4055 Nemo
325 4006 431 4069 (Venus)
446 4011 564 4056 coemat
575 4008 718 4069 qumquam,
758 4008 840 4056 erat.»
859 4008 888 4069 (4)
906 4008 1002 4057 Aenon.
1027 4003 1161 4066 (Adulteril
1180 4017 1283 4068 poenae

192 4081 236 4141 ool
255 4092 366 4143 corporo
384 4081 453 4144 ferro
479 4081 591 4130 Volneret
611 4086 657 4130 urit
672 4095 720 4131 re·
757 4079 873 4132 sancitae
900 4082 969 4142 Lege
995 4078 1073 4140 lulio,
1104 4078 1148 4129 diu
1174 4077 1284 4141 quidem

189 4159 236 4223 pte
247 4157 368 4218 prumia
382 4160 448 4205 certe
460 4159 539 4218 petet.
561 4183 588 4192 —
603 4170 653 4218 pro
664 4170 721 4206 cor·
757 4157 817 4220 post
839 4156 908 4205 hanc
926 4155 1035 4204 satiram
1053 4154 1230 4218 compositam
1248 4153 1282 4216 (a.

190 4231 261 4292 pore]
274 4229 574 4295 «prooboooenapnrto
587 4233 717 4296 corporis,
757 4243 783 4280 u.
803 4245 826 4280 c.
848 4230 925 4292 7574,
950 4231 1142 4279 enumerantur
1163 4241 1180 4277 a
1203 4227 1283 4277 Paulo

194 4305 609 4358 oetesteselebsoinderentur.i
624 4308 716 4358 senor..
757 4307 828 4357 sent.
847 4306 960 4369 recepti.
976 4306 1002 4365 l,
1026 4305 1067 4356 26.
1081 4317 1106 4353 v.
1120 4319 1144 4353 c.
1164 4303 1282 4364 Cooetnr,
