3090 4974
566 421 627 472 ιιιι.
645 422 676 470 ιι.
695 421 793 473 errsr.
813 423 842 472 ιι.
1195 422 1257 486 679

206 573 335 642 Natales
356 584 445 662 grate
468 577 645 642 numeras?
669 578 812 664 ignoscis
835 578 973 646 amicis?
1193 581 1255 646 2l0

204 696 323 762 Lenior
344 705 376 762 et
396 695 511 763 melior
531 695 571 764 lis
593 697 769 766 accedente
792 700 946 766 senecta?

206 816 292 898 Ouid
313 827 344 884 te
367 827 516 906 exempta
536 817 622 887 levat
643 817 744 908 spinis
766 817 808 886 de
829 819 977 908 pluribus
1000 823 1085 888 una?

206 939 320 1005 Vivere
343 939 370 1006 si
393 949 481 1006 recte
503 941 628 1016 nescis,
651 939 776 1007 decede
798 941 920 1028 peritis.

208 1061 324 1128 Lusisti
347 1061 438 1138 satis,
461 1061 555 1128 edisti
577 1061 655 1128 satis
677 1072 773 1150 atqm
796 1061 919 1129 bibisti:

230 1231 287 1282 ιιι.
305 1232 371 1281 tarot
386 1233 442 1282 tres
459 1229 542 1282 codd.
556 1229 689 1293 Blandin.,
709 1233 743 1294 C,
767 1231 918 1297 Reatinus,
937 1233 1133 1299 Dilleuburger:
1153 1237 1224 1288 irruet

197 1305 263 1368 bSd,
290 1303 399 1356 Bentleii
423 1308 450 1356 et
472 1307 588 1356 Poltierii
612 1319 719 1368 ornnes,
747 1304 817 1368 riis,
842 1309 909 1358 iamet
930 1321 945 1358 c
963 1311 989 1358 et
1007 1311 1062 1360 tres
1079 1309 1221 1372 Schmidii,

200 1381 238 1430 Lt.
260 1407 287 1416 -
305 1379 363 1431 949.
382 1381 460 1431 onds
477 1381 549 1442 donn,
567 1383 626 1430 rede
642 1379 706 1431 Cod.
721 1381 841 1444 Longari.

166 1527 199 1578 de
217 1529 313 1594 nuptiis
335 1527 425 1579 habito
446 1529 592 1579 certamine
610 1541 624 1578 o
642 1529 692 1580 iii·
727 1525 823 1602 Γῆρας
840 1525 912 1581 ἐπὰν
927 1529 982 1596 μὲν
998 1525 1077 1604 ἀπῇ,
1098 1527 1155 1596 ,τᾶς
1172 1525 1255 1594 alixe-

167 1615 249 1652 nerva
266 1603 336 1654 liare
351 1603 439 1654 victus
456 1605 512 1664 est,
539 1605 565 1653 et
582 1601 691 1654 obtentu
728 1617 788 1664 rar,
806 1598 844 1670 ἢν
860 1601 892 1656 δέ
908 1605 971 1655 κοτ’
988 1599 1072 1678 ἔλθῃ,
1092 1605 1252 1672 Minoam.

165 1678 314 1740 virginitate
326 1677 443 1728 Minerva
456 1678 569 1728 Neriene
585 1680 626 1728 est
643 1691 692 1742 ap·
731 1707 757 1716 -
776 1679 850 1744 lenm]
868 1679 940 1730 Haec
956 1693 1021 1730 vera
1037 1681 1145 1732 videtur
1165 1679 1253 1744 lectio,

166 1751 289 1816 pellata.»
307 1751 381 1802 Ouid.
401 1751 470 1802 Fast.
487 1753 518 1812 ιι,
537 1751 600 1803 iit:
623 1753 692 1802 iiitw
727 1755 798 1804 iuuat
814 1753 961 1817 glossema,
985 1756 1035 1805 etsi
1056 1755 1107 1806 hoo
1123 1755 1256 1820 praebent

165 1826 213 1876 crit
222 1826 324 1886 omnir,
337 1831 462 1876 noctem
473 1827 601 1888 imario,
613 1828 690 1876 socri.
729 1828 812 1879 Codd.
823 1826 938 1893 plurimi.
952 1829 1033 1878 iiecte
1044 1828 1192 1881 Bentleius:
1207 1832 1255 1882 «lo-

165 1901 273 1964 inseriae
293 1899 375 1949 tacitis
390 1899 509 1949 Manliae
525 1899 570 1950 illo
586 1899 690 1950 dolum.
726 1909 772 1954 not
788 1907 815 1954 et
832 1905 918 1968 aptius
936 1907 977 1955 est
994 1906 1141 1956 sententiae
1159 1909 1184 1956 et
1201 1909 1254 1958 iio-

167 1975 297 2036 (Lemuria
315 1975 367 2024 Vii.
386 1975 415 2024 V.
431 1975 472 2024 iii.
499 1973 537 2024 id.
552 1975 611 2024 tini.
625 1973 690 2026 Vide
728 1979 794 2028 ratio
811 1976 948 2028 familiare.
967 1977 1043 2028 coni.
1057 1979 1140 2043 Epod.
1156 1982 1197 2040 tt,
1211 1983 1252 2031 ⁴7.

164 2047 322 2099 Kalendaria
347 2049 374 2098 iu
397 2049 481 2099 lusor.
500 2050 568 2100 meis
585 2050 640 2098 Lat.
659 2050 689 2099 li.
729 2053 769 2113 ιι,
780 2053 820 2103 26.
835 2054 924 2103 carm.
935 2053 994 2102 Seo.
1005 2053 1046 2103 63.
1059 2054 1113 2103 Sat.
1124 2055 1149 2115 t,
1160 2055 1184 2116 3,
1195 2056 1252 2106 299.

165 2137 192 2188 p.
215 2123 289 2186 399.)
315 2151 342 2160 -
367 2127 537 2185 portentoque
564 2123 690 2184 umato]
729 2127 795 2191 Epp.
809 2129 833 2188 t,
846 2126 871 2187 8,
884 2127 925 2176 8.»
945 2128 1091 2191 Praecipua
1109 2127 1254 2193 interpola-

166 2196 299 2248 Thessalia
315 2198 426 2262 propter
446 2209 524 2260 sagas
541 2197 691 2260 harumque
728 2203 807 2253 tionis
824 2213 905 2253 causa
918 2200 978 2263 iuit,
997 2199 1144 2264 quodcum
1157 2204 1222 2265 Ouid
1232 2207 1255 2253 ts

165 2272 321 2335 praestigias
332 2271 436 2324 iuiarnis
449 2274 515 2321 erat.
535 2271 593 2322 vid.
607 2271 690 2332 Odi,
728 2278 794 2326 ιουιιι
810 2275 927 2340 positum
945 2288 994 2339 pro
1011 2277 1079 2326 Nom
1095 2281 1119 2326 te
1130 2277 1196 2327 kcot
1206 2275 1255 2328 ob·

165 2346 212 2406 at,
225 2346 266 2395 tl.
286 2346 370 2412 Epod.
385 2349 415 2408 ll,
428 2345 468 2398 it.
497 2347 529 2399 Ul
541 2351 660 2408 portentu
676 2359 692 2397 a
728 2363 839 2403 scurum
849 2349 995 2410 videretur,
1012 2349 1255 2402 substituerentur-

165 2420 303 2470 terrcn'lor
312 2422 418 2485 mopids
435 2420 692 2484 (umbrarumprae-
727 2431 779 2477 cot.
801 2453 828 2462 -
846 2423 932 2489 ιριιιιε]
956 2423 1149 2478 sollicitudines
1171 2439 1253 2480 vanas

166 2496 258 2546 sertim
282 2495 507 2560 apparitionibus)
534 2496 689 2558 distinguas,
728 2503 809 2565 atque
837 2500 920 2550 animi
947 2499 1163 2564 perturbationes
1191 2513 1254 2552 cum

166 2570 251 2632 cogita
262 2570 296 2620 de
305 2568 368 2621 luna
380 2583 395 2620 e
407 2569 482 2621 caelo
491 2569 606 2621 deducta
617 2569 689 2634 (Pliu.
728 2576 811 2641 spinis
829 2575 974 2638 comparat.
998 2575 1040 2624 Sic
1051 2575 1117 2638 Epp.
1131 2577 1155 2634 t,
1169 2575 1209 2636 ti,
1223 2575 1254 2627 l:

167 2643 197 2693 Η.
211 2645 241 2694 N.
254 2643 301 2705 39,
321 2645 391 2706 id:
412 2645 550 2695 Menander
568 2645 691 2694 iterra-
729 2651 866 2708 celemus,
885 2649 1255 2712 memmiumeeqofortler

166 2719 229 2768 tam
244 2719 430 2783 coprnnnlnorrit
439 2719 568 2782 [walum.
586 2719 692 2781 correpte·
728 2737 763 2772 on
780 2722 917 2772 ananellos
927 2735 1000 2784 oqro.
1016 2747 1041 2758 -
1056 2723 1130 2783 recte]
1149 2723 1254 2772 «nnus

164 2805 228 2844 m
249 2793 367 2857 mapsa
388 2793 542 2857 [minam
558 2793 692 2842 detroten-
729 2797 926 2848 eonreuienter.
939 2813 952 2840 r
978 2821 1005 2830 —
1036 2797 1123 2846 decede
1146 2795 1252 2860 petro]

166 2870 228 2918 ιιιιιιι
243 2869 367 2933 lencm),
388 2868 422 2920 de
440 2869 580 2918 hominum
597 2867 623 2918 Ιιι
640 2868 692 2918 be·
730 2872 876 2932 «Quoniam
893 2871 967 2919 recte
983 2869 1075 2919 vivere
1092 2870 1189 2932 nescis,
1208 2871 1254 2933 qui

166 2945 229 2995 atlas
241 2945 388 2994 mutauere
400 2946 452 2994 oet.
464 2957 470 3002 ;
488 2943 690 2994 miraculorem
728 2945 802 2995 vivas
814 2943 921 2994 omniuo
932 2943 1055 3006 indignus
1068 2955 1111 3003 es;
1128 2945 1252 3008 quocirca

166 3022 228 3069 sunt
252 3017 324 3082 globi
346 3019 429 3083 ignei,
456 3017 572 3082 lapidum
592 3017 690 3083 pluria,
728 3017 868 3069 moriendo
886 3016 920 3067 da
936 3015 1025 3067 locum
1037 3017 1251 3081 sapientioribus,

166 3106 248 3146 rocas
265 3093 391 3155 deorum,
416 3095 446 3143 ut
462 3091 558 3144 Silvani
577 3093 642 3155 (liv.
661 3093 689 3152 2,
729 3093 827 3157 quibus
843 3095 888 3142 tua
906 3093 1035 3156 pravitate
1048 3105 1079 3142 eo
1091 3091 1191 3143 desidia
1203 3093 1253 3142 ob-

166 3169 215 3232 ἰ,),
235 3167 273 3218 aii
285 3169 428 3231 Loquentis
441 3170 468 3218 et
480 3165 607 3231 pleraque
620 3166 691 3230 apud
728 3171 808 3218 stas.»
837 3167 909 3216 liano
926 3169 1016 3216 autem
1027 3177 1121 3216 veram
1132 3165 1182 3216 loci
1194 3179 1255 3218 sen·

167 3241 260 3292 iulium
278 3241 486 3306 Obsequentem.
729 3243 837 3292 tentiam
855 3253 916 3291 esse
933 3240 1119 3291 demonstrant
1131 3253 1200 3305 quae
1212 3254 1254 3294 se-

729 3317 861 3381 quuntur,
887 3317 914 3366 in
939 3315 1037 3378 quibus
1062 3317 1201 3368 mauiiesto
1219 3315 1253 3366 de

198 3390 332 3444 ato-trit.
360 3391 463 3441 Natales
478 3389 691 3454 wenemarus]
730 3394 816 3441 morte
833 3391 894 3454 agit.
923 3390 1087 3442 Obversatus
1104 3403 1165 3442 esse
1181 3389 1256 3440 ride·

167 3464 259 3526 «Quod
282 3479 335 3516 non
359 3466 458 3516 iaciunt
479 3465 591 3516 nimium
608 3464 692 3514 timidi
729 3469 773 3516 tur
791 3466 886 3528 poetae
904 3465 993 3515 auimo
1010 3463 1103 3515 similis
1119 3462 1255 3514 locusLu-

168 3538 202 3589 ad
218 3543 386 3591 senectutem
397 3543 425 3590 et
436 3541 566 3601 mortem,
586 3539 646 3604 quia
660 3551 693 3589 ex
730 3540 806 3591 cretii
822 3539 853 3600 3,
871 3539 929 3590 969.
958 3541 1118 3602 Neutiquam
1134 3551 1200 3589 vero
1217 3540 1255 3590 sl·

167 3613 298 3665 natalibus
320 3614 410 3667 multis
432 3615 535 3666 obitum
558 3616 612 3665 iem
629 3627 693 3680 pro-
730 3613 850 3679 gnificat:
870 3611 933 3664 «niti
949 3617 977 3663 te
993 3613 1077 3675 magis
1090 3613 1253 3676 suntperiti;

167 3691 298 3753 piaquum
326 3691 569 3754 perhorrescunt.»
599 3692 691 3740 Ροιιιιι.
730 3691 779 3740 hos
804 3689 884 3751 igitur
908 3687 998 3738 debito
1024 3687 1126 3736 honore
1151 3687 1254 3738 cilice.»

168 3763 224 3814 iioc
239 3765 328 3828 ipsum
345 3765 371 3814 in
389 3763 694 3827 amicoquodamprae-
730 3765 776 3814 Est
801 3765 891 3813 autem
917 3760 991 3811 iocus
1018 3761 1181 3821 communis,
1209 3763 1254 3825 qui

168 3838 240 3888 dicat
255 3837 380 3890 Martialis
398 3837 443 3899 ιθ,
461 3837 511 3886 aa:
535 3837 590 3886 iam
605 3849 694 3886 nram·
730 3835 836 3888 Florum
853 3835 990 3886 otiendere
1009 3833 1117 3885 minime
1139 3837 1253 3899 poterat.

167 3918 211 3962 rot
223 3912 325 3976 placido
339 3911 403 3975 sotto
413 3911 534 3962 Antonine
543 3923 605 3961 neoc
617 3911 695 3972 Quin-
733 3937 760 3946 -
779 3910 878 3974 imina]
896 3907 1012 3972 intelligo
1030 3909 1145 3959 maxime
1163 3907 1197 3958 de
1213 3922 1256 3960 re·

168 3985 695 4048 moisnotmertmrootpmptonno‚reon
731 3984 782 4034 bus
799 3985 932 4034 venereis.
959 3981 998 4034 Cl.
1017 3983 1148 4046 imprimis
1164 3983 1255 4034 Naeirii

168 4061 301 4122 mitesque
317 4062 369 4112 cites
379 4065 403 4112 et
413 4065 478 4111 totos
491 4061 593 4122 respicit
603 4071 691 4120 mooe,
731 4056 883 4110 Choerilum
894 4069 921 4122 p.
935 4057 983 4108 teo
995 4067 1083 4119 seqq„
1101 4058 1146 4119 qui
1157 4069 1184 4120 p.
1195 4056 1254 4107 ild.

168 4134 595 4198 Neometoittetieainmpropiorir
602 4145 691 4196 oqrron
731 4131 810 4182 otiert
818 4143 927 4182 versum
940 4143 973 4181 en
985 4129 1050 4182 Piot.
1061 4129 1095 4180 de
1108 4130 1166 4180 iort.
1180 4129 1253 4182 Alex.

171 4208 243 4273 volgi
260 4214 352 4262 contra
370 4222 474 4261 morem
496 4210 620 4274 exprimit
636 4209 693 4260 iic-
731 4207 774 4257 0r.
795 4207 820 4256 2.
841 4218 868 4270 p.
896 4205 952 4256 399.
976 4205 1011 4255 C:
1036 4197 1150 4264 Ἒσθιε,
1177 4209 1253 4264 πῖνε,

170 4288 292 4337 necrates
311 4287 339 4336 in
356 4285 461 4337 Anthoi.
480 4284 533 4336 Pal.
552 4285 581 4335 ii.
600 4297 627 4348 p.
644 4285 690 4334 2⁴:
731 4277 930 4352 ἀφροδισίαζε·
944 4269 1073 4330 τᾶλλαδι
1085 4274 1177 4332 οὐδέν.
1197 4281 1255 4330 Sar·
