3192 4974
298 409 360 474 itti
659 407 787 460 uoaaru
804 406 1026 461 urrsroulauu

342 567 448 633 Tertia
469 565 646 633 succedant
667 575 699 632 et
721 585 806 652 quae
828 585 904 653 pars
932 566 1070 652 quadrat
1095 551 1258 631 acervurn.
1346 565 1388 630 35

344 688 473 755 Scilicet
494 707 628 754 uxorem
650 708 725 754 curn
746 686 822 753 dote
844 685 1009 774 fidemque
1031 696 1063 752 et
1084 686 1206 754 amicos

341 811 380 876 Et
401 830 503 898 genus
526 818 558 876 et
580 808 713 876 sormam
735 806 846 896 regina
868 808 1010 902 Pecunia
1032 807 1145 886 donat,

340 933 385 998 Ac
407 931 491 998 bene
514 941 713 997 nummatum
735 930 868 998 decorat
889 929 1030 996 Suadela
1053 932 1236 1017 Venusque.

341 1053 508 1141 llaucipiis
530 1052 675 1141 locuples
698 1063 773 1140 eget
794 1052 880 1120 aeris
903 1051 1133 1139 Cappadocum
1155 1073 1226 1118 rex:

340 1177 387 1242 Ne
408 1175 508 1242 fueris
530 1173 582 1241 hic
606 1185 648 1240 ιιι.
694 1172 889 1262 Chlamydes
912 1172 1080 1250 Lucullus,
1103 1185 1139 1239 ut
1160 1174 1263 1250 aiunt,
1345 1175 1388 1240 ld

364 1355 406 1406 etl.
425 1355 536 1417 quadrat
551 1355 638 1414 oseti,
658 1353 700 1403 elii
718 1352 806 1415 multi,
825 1355 879 1405 FO:
898 1355 1005 1416 quadret
1021 1368 1048 1419 p,
1068 1353 1110 1406 alii
1128 1355 1255 1417 Codices,
1274 1355 1355 1405 Bent-

331 1429 411 1492 leius,
429 1431 463 1481 M.
485 1457 512 1467 -
531 1429 572 1480 37.
584 1428 702 1494 [manen]
720 1443 809 1480 nomm
825 1443 852 1495 p.
874 1455 901 1465 -
920 1429 960 1480 38.
982 1429 1025 1496 Ao]
1044 1431 1111 1482 Nam
1127 1443 1262 1496 superscr.
1281 1429 1315 1479 Ac
1327 1432 1352 1480 S.

298 1591 351 1642 tius
369 1593 397 1640 et
407 1588 549 1641 otharius.
575 1591 632 1640 Non
644 1592 730 1652 recte,
744 1591 822 1655 puto;
860 1589 932 1639 labet
943 1593 966 1638 et
977 1588 1043 1652 fidei.
1063 1589 1146 1637 Prave
1160 1589 1289 1637 Diiutzer:
1311 1589 1388 1639 Treue

297 1667 380 1716 immo
398 1664 500 1714 dictum
522 1667 577 1725 est,
601 1666 630 1714 ut
651 1665 821 1715 Petronio:
860 1661 1071 1727 Aaidnpticilreit.
1097 1687 1121 1700 -
1145 1663 1227 1712 Genua
1251 1663 1343 1713 autem
1365 1667 1388 1714 et

297 1755 347 1790 aaa
369 1751 446 1790 cursat
468 1740 558 1790 cantiae
578 1739 716 1790 secretam
735 1753 824 1790 corro-
859 1739 969 1802 santam
993 1738 1125 1800 praestat,
1152 1741 1285 1801 quatenus
1311 1735 1388 1789 locu·

297 1815 410 1864 tardavi.
439 1817 527 1879 Atque
539 1816 578 1864 sio
590 1815 672 1865 etiam
688 1815 714 1863 iu
733 1827 825 1864 recen·
860 1811 931 1876 ples,
961 1813 1010 1862 etsi
1039 1811 1130 1862 infimo
1155 1809 1215 1861 loeo
1241 1813 1315 1863 ortus
1341 1812 1384 1863 vel

299 1888 412 1940 tioribus
429 1888 533 1952 linguis.
547 1888 681 1954 Gargallo:
699 1890 825 1938 licenter
860 1885 969 1936 sordido
987 1885 1100 1949 quaestu
1120 1883 1308 1950 locupletatus,
1337 1887 1387 1938 etsi

297 1964 443 2014 eirotoadi.
471 1964 552 2014 Voss:
573 1965 658 2014 litinde
669 1965 710 2014 dir
721 1965 825 2014 macenti
861 1961 1002 2022 deformis,
1028 1959 1126 2021 iulans,
1150 1959 1321 2023 invenustus,
1339 1973 1388 2011 ee-

300 2039 403 2097 Taient';
417 2051 557 2102 nuperque
570 2036 621 2102 legi
633 2039 660 2088 iu
669 2039 741 2088 Actis
754 2037 826 2088 diur-
862 2049 915 2099 que
929 2037 1019 2085 tamen
1032 2048 1047 2084 a
1058 2033 1135 2097 volgo
1148 2035 1294 2085 honoratur
1304 2036 1332 2085 et
1343 2049 1389 2087 su·

298 2115 339 2166 uis
368 2113 572 2177 Franoogallicis
601 2115 623 2166 le
651 2115 774 2165 Notional
798 2115 822 2164 7.
862 2110 1049 2173 spicituraesi
1067 2122 1227 2173 generosus,
1247 2108 1386 2174 eloquens,

298 2188 383 2239 dorii:
401 2189 825 2250 iaarroppoiatemenes'crroadir-
862 2183 975 2249 pulcher
997 2185 1077 2247 etque
1101 2185 1230 2234 venustus
1256 2187 1336 2234 esset.
1359 2213 1385 2222 —

299 2267 353 2313 rent
370 2276 429 2312 avec
445 2263 578 2327 rapiditd.)
593 2291 619 2300 —
635 2263 725 2328 porro]
743 2265 823 2326 lunge
861 2259 952 2322 rapina
967 2257 1083 2321 Pecuninj
1106 2259 1143 2308 Er
1163 2259 1216 2308 hoc
1240 2259 1266 2308 et
1291 2258 1387 2311 talibus

299 2351 362 2389 cum
370 2351 413 2387 vv.
422 2342 445 2386 et
456 2338 544 2397 tertiu3
557 2350 619 2397 nou,
634 2341 663 2388 ut
671 2336 763 2388 volunt
771 2336 822 2398 alii,
862 2333 927 2384 iocis
942 2333 1084 2397 desumpta
1102 2332 1239 2393 videntur,
1259 2347 1327 2397 quae
1342 2335 1388 2384 Ar·

300 2425 363 2463 curn
374 2424 399 2460 v.
413 2411 503 2461 altera.
517 2438 544 2448 -
557 2411 697 2476 succedant]
711 2410 760 2460 aad
772 2412 825 2461 duo
863 2409 959 2461 uobius
971 2407 1000 2470 l,
1019 2408 1043 2458 9.
1063 2410 1090 2458 et
1108 2409 1269 2472 Augustinus
1282 2408 1316 2458 de
1330 2410 1384 2460 civ.

299 2487 388 2552 priora
405 2483 533 2549 paulatim
551 2485 707 2535 accedunt.»
723 2512 750 2521 --
764 2498 826 2547 qaa-
864 2487 893 2535 Ι).
908 2484 938 2546 l,
957 2485 998 2534 20.
1018 2484 1051 2534 de
1070 2484 1120 2535 dea
1137 2483 1251 2535 Pecunia
1275 2485 1310 2534 ita
1333 2485 1387 2534 tre-

299 2564 359 2612 drat
375 2559 502 2624 neowan]
522 2559 635 2620 «eflicit,
654 2561 684 2609 ut
700 2561 826 2623 quattuor
863 2561 943 2621 dunt,
963 2573 994 2610 ec
1012 2561 1034 2610 si
1051 2571 1156 2610 revera
1173 2558 1268 2609 sacella
1281 2557 1389 2609 habuis·

300 2633 616 2685 miliatelentahebeas.e
630 2635 825 2685 Secutusnuuc
863 2637 904 2688 set
924 2634 995 2699 apud
1018 2636 1161 2685 Romanos.
1191 2635 1291 2684 Verum
1307 2631 1388 2705 dead-

300 2722 361 2761 surn
369 2710 616 2772 antiquissimorum
626 2711 653 2760 et
662 2710 825 2774 optimorum
863 2705 954 2782 ῥήδην
970 2707 1085 2760 Juvenal.
1101 2710 1129 2768 t,
1150 2708 1209 2758 tta:
1226 2707 1326 2771 [ιιιωιια
1342 2710 1388 2760 Pe-

300 2783 385 2836 Codd.
414 2785 614 2846 auctoritatem,
652 2785 825 2837 indicativum
862 2787 939 2838 eante
955 2785 1045 2847 ample
1060 2785 1177 2834 Nondum
1195 2782 1306 2844 latita&
1329 2783 1388 2834 eel-

299 2873 365 2924 prae
383 2874 412 2912 se
430 2860 586 2924 terentium,
611 2873 695 2924 quem
715 2863 826 2925 propter
863 2863 901 2912 iae
925 2871 1087 2910 nummorum
1111 2858 1237 2907 erexims
1261 2871 1330 2908 aras.
1358 2886 1385 2896 -

299 2949 343 2986 vv.
357 2937 523 2985 retardentur
535 2937 562 2986 et
578 2937 710 2986 accedant
722 2937 749 2985 iu
761 2949 826 2986 con·
863 2937 965 2987 Dicitur
981 2936 1072 2984 autem
1088 2933 1179 2996 reatae
1202 2932 1298 2984 eadem
1320 2934 1387 2984 ima-

299 3010 446 3060 iunctivum
455 3013 586 3062 mutatum
596 3023 656 3060 esse
666 3024 736 3060 reor.
750 3011 826 3060 Hunc
864 3012 937 3075 gine,
964 3021 1016 3072 qua
1043 3007 1114 3072 apud
1133 3008 1186 3058 Clo.
1208 3007 1243 3058 de
1264 3009 1334 3060 Orat.
1355 3009 1386 3070 2,

300 3085 410 3149 quidem
427 3086 626 3136 homiuisavari
640 3085 826 3148 autumatque
863 3086 910 3148 ll,
931 3085 986 3135 ⁴87.
1006 3097 1023 3132 a
1040 3083 1103 3133 bono
1115 3085 1194 3146 poete
1210 3084 1278 3134 dicto
1294 3089 1329 3134 est
1344 3087 1389 3150 tie·
1453 3109 1459 3120 ·

301 3172 378 3224 spem
416 3158 510 3210 melius
544 3160 692 3222 significare
727 3161 826 3224 opinati
862 3160 971 3211 cantata
996 3163 1071 3221 atque
1096 3158 1207 3208 emnium
1228 3159 1319 3222 maine
1346 3171 1389 3209 re-

302 3236 371 3286 suot.
405 3235 531 3284 Ceterum
557 3247 583 3284 v.
611 3237 741 3298 quadram
764 3248 826 3286 raro
863 3249 921 3284 nem
938 3234 1029 3284 oratio.
1045 3258 1073 3269 -
1086 3232 1386 3294 beneeamnrotamffiic.

302 3309 436 3375 propriam
463 3311 489 3358 et
514 3309 628 3373 primam
655 3310 827 3375 significatio·
864 3309 897 3361 de
915 3308 973 3372 lege
991 3309 1091 3372 agad,
1109 3307 1157 3368 Ἠ,
1176 3306 1221 3357 59:
1247 3307 1387 3358 αάοιοιεοιιι

301 3397 364 3436 nem
381 3385 484 3445 servat,
508 3385 558 3434 sed
575 3383 734 3451 plerumque
752 3389 827 3436 tran·
863 3399 914 3435 aon
929 3384 1012 3434 minas
1028 3383 1087 3433 bere
1102 3387 1247 3432 nummatas
1258 3395 1335 3445 qnam
1346 3381 1388 3432 lle-

301 3460 377 3509 sitive
396 3459 437 3507 est
460 3459 537 3520 «epte
562 3457 710 3523 complere,
736 3459 827 3511 aheol-
864 3473 895 3510 ne
918 3459 1060 3521 capillatia.
1083 3487 1110 3496 -
1129 3458 1248 3522 Suadela]
1274 3453 1387 3519 daed,

301 3545 393 3594 vera»
406 3532 570 3582 intransitive
581 3546 755 3596 «congruere,
766 3547 828 3584 con·
865 3533 948 3584 Ennio
969 3533 1057 3582 &aaa
1079 3533 1142 3596 (Cic.
1163 3534 1236 3582 Brut.
1257 3533 1300 3594 te,
1326 3531 1388 3596 dt),

302 3608 407 3669 venire,
432 3607 609 3658 consentire.»
639 3609 695 3659 Hoc
716 3609 827 3672 quidem
862 3607 1030 3671 cotendendi
1047 3608 1094 3658 dea
1112 3606 1217 3668 Quintil.
1237 3609 1283 3668 to,
1298 3609 1327 3667 l,
1345 3607 1387 3658 82.

302 3681 361 3734 loco
385 3683 514 3745 quadrare
534 3682 651 3745 positum
673 3684 715 3734 est
735 3683 829 3733 callida
866 3709 895 3720 -
916 3679 1003 3746 Venae]
1021 3681 1064 3731 hic
1081 3694 1130 3746 pro
1141 3683 1282 3732 venustate
1294 3683 1321 3732 et
1332 3695 1390 3745 gra-

302 3760 421 3809 iunctura
436 3770 486 3822 per
501 3752 649 3808 ἀντίθεσιν
665 3771 727 3809 cum
744 3771 828 3809 v.ro-
866 3758 910 3807 tia.
940 3756 1005 3806 Plin.
1019 3757 1049 3806 ll.
1064 3757 1094 3806 N.
1108 3755 1154 3817 δῦ,
1174 3758 1221 3818 to,
1239 3756 1283 3806 36:
1311 3758 1390 3806 deesse

303 3834 419 3884 tendere.
865 3833 983 3883 tisanam
993 3831 1064 3882 wem
1077 3833 1202 3894 Venerem,
1212 3843 1289 3893 ocem
1298 3831 1391 3882 Graeci

337 3907 425 3957 36-38.
453 3907 551 3957 Scilicet
566 3906 682 3970 acorem]
700 3907 829 3958 lemnae·
867 3903 980 3978 Χάριτα
996 3911 1095 3956 vocant.
1125 3907 1227 3956 Seneca
1245 3903 1280 3956 de
1297 3905 1389 3956 Benel.

303 3983 451 4052 εἰρωνείαν
492 3983 633 4035 enumerat
675 3983 827 4046 commoda,
866 3985 896 4044 a,
916 3983 959 4032 ta:
979 3981 1022 4032 lite
1037 3995 1088 4032 eoo
1105 3985 1141 4033 eet
1156 3981 1217 4031 mili
1229 3981 1393 4044 parentati-

304 4069 374 4119 quaa
395 4059 507 4120 pecunia
530 4057 663 4122 praebere
684 4054 778 4108 soleat.
800 4085 827 4095 -
867 4057 911 4107 bas
926 4070 971 4108 nec
982 4056 1084 4121 officiis,
1102 4058 1145 4106 sed
1159 4055 1246 4105 tatait
1262 4069 1336 4106 seam
1350 4056 1393 4105 Ve-

301 4129 383 4194 Μαι]
403 4131 428 4185 in
446 4132 528 4184 rebus
543 4133 716 4197 pecuniariis,
736 4133 827 4184 Credit.
867 4145 958 4182 aerem.
975 4158 1001 4168 -
1016 4131 1092 4192 Quod
1111 4133 1274 4191 memorant,
1293 4131 1393 4182 utram-

304 4205 509 4267 iuvenalia:
530 4209 830 4272 Quantamqeireaearc
868 4221 920 4272 que
950 4206 1030 4258 deam
1056 4203 1183 4257 σύνναον
1213 4206 1295 4258 tuisse
1321 4203 1393 4269 apud

303 4293 463 4334 nemeaeum
480 4291 563 4334 eareat
580 4287 606 4334 ie
623 4299 702 4346 arca,
724 4285 829 4335 tantan
867 4286 983 4334 Graecos
1011 4295 1110 4346 easque
1140 4281 1236 4348 nuptiis
1264 4280 1391 4345 propitias
