3178 4972
634 453 695 504 tin.
714 454 734 504 1.
770 453 867 505 artsr.
887 455 940 507 vn.
1272 457 1328 522 464

290 607 328 673 lit
348 605 434 673 ludis
456 616 488 672 et
509 616 584 694 post
604 607 715 674 decisa
737 610 865 698 negotia
889 611 1021 699 Campo.

289 729 403 796 Scitari
424 728 503 796 libet
524 750 565 796 ex
587 729 673 817 ipso,
697 730 918 820 quodeunque
939 734 1058 814 relers3
1081 735 1134 802 dic
1291 739 1332 804 66

288 851 336 918 ld
359 870 495 918 menam
517 851 634 918 veniat.
679 856 749 920 Non
771 874 850 922 sane
872 853 1008 922 credere
1031 857 1137 934 Mena,

287 973 392 1039 ilirari
415 993 526 1040 secum
550 973 674 1041 tacitus.
719 975 804 1055 Quid
827 974 948 1042 multa?
969 977 1128 1066 Benigne,

287 1094 480 1184 Respondet
525 1097 627 1184 Neget
648 1095 701 1164 ille
724 1097 824 1163 mibi?
844 1099 947 1186 Negat
968 1099 1134 1187 improbus
1160 1111 1193 1168 et
1212 1111 1245 1168 te

276 1295 435 1359 cruquianis
451 1294 594 1346 Bentleius.
616 1319 642 1331 -
663 1295 703 1345 66.
718 1308 880 1358 quacunque
897 1297 946 1346 tc.
966 1299 1085 1360 (Utres,
1104 1311 1199 1350 omnes
1213 1303 1296 1351 nostri

276 1373 303 1421 et
318 1371 453 1433 Pottierii.l
467 1396 495 1406 -
514 1370 554 1420 63.
573 1371 708 1432 liespoadet
724 1381 859 1434 superacr.
878 1372 886 1420 i
907 1372 937 1432 S,
955 1373 1089 1436 Respondit
1104 1373 1151 1424 dE.
1168 1400 1196 1411 -
1214 1376 1296 1439 Nepet

274 1445 336 1508 bed,
354 1459 395 1510 pr.
409 1447 426 1496 S
438 1446 466 1495 et
476 1445 591 1496 Pottiarii
607 1443 743 1509 plerique,
757 1444 822 1496 item
835 1445 936 1496 LCtFO.
956 1446 1044 1512 (Nepet
1058 1447 1092 1510 Ε,
1111 1461 1181 1501 οοπ.
1194 1450 1224 1512 S,
1242 1448 1296 1514 βζττ

274 1523 301 1572 et
320 1521 446 1585 quattuor
463 1520 592 1581 Pettierii,
617 1520 679 1569 item
697 1519 831 1571 Bentleius
849 1523 876 1570 et
892 1521 936 1584 ll.)

239 1709 317 1760 diana
333 1720 499 1774 praeconum
514 1708 620 1771 negotia
638 1709 679 1759 his
693 1719 765 1759 com-
801 1708 892 1760 Menas
904 1708 1092 1762 candidissime
1109 1710 1143 1764 de
1154 1712 1208 1762 vita
1219 1723 1267 1764 saa
1279 1726 1329 1764 ex·

238 1783 362 1848 plectitur
377 1784 426 1835 Dia
444 1783 582 1846 Chrysost.
601 1784 671 1834 Orat.
690 1782 715 1832 7.
735 1795 761 1846 p.
801 1785 940 1848 posuerat,
958 1783 1094 1852 Philippus
1111 1786 1146 1837 ob
1160 1787 1246 1850 ipsam
1258 1789 1328 1839 banc

237 1859 295 1910 idi.
309 1861 354 1910 lt:
372 1853 580 1928 οὖδὲκήρνκας
591 1849 684 1908 &aaa
696 1850 763 1908 οὐδὲ
801 1859 982 1911 sinceritatem
1007 1863 1035 1910 et
1061 1861 1123 1925 quia
1148 1862 1328 1928 perspiciebat

237 1932 351 1985 κλοπῶν
368 1929 538 2005 ἢδρασμῶν
548 1928 681 2003 μήνυτρα
691 1946 763 2002 τρο-
800 1946 892 1984 coram
909 1947 939 1985 se
956 1937 1057 1986 versari
1075 1936 1212 1988 hominem
1228 1936 1328 2002 simpli-

237 2010 381 2072 τιθέντας,
404 2008 435 2060 ἐν
458 2002 539 2071 ὁδοῖς
555 2007 605 2058 καὶ
621 2005 652 2058 ἐν
669 2001 762 2078 ἀγορᾷ
800 2020 860 2058 cem
883 2020 916 2058 ac
937 2009 1067 2072 probum,
1094 2011 1203 2061 minime
1221 2011 1327 2062 mendi-

236 2084 455 2152 φθεγγομένους
470 2079 544 2150 μετὰ
562 2078 671 2146 πολλῆς
681 2080 761 2134 ἐλεο-
800 2095 877 2143 cum,
902 2084 951 2134 sed
972 2086 1083 2149 propter
1098 2097 1189 2136 mores
1205 2085 1326 2151 plebeios

235 2159 334 2231 θερίας
345 2157 405 2209 κτλ.
421 2187 449 2196 -
460 2158 566 2222 cessare]
585 2158 700 2208 satiari.»
719 2158 759 2209 Cl.
798 2157 876 2210 simul
893 2157 993 2222 largam
1010 2161 1076 2210 iacis
1093 2162 1232 2212 materiam
1248 2175 1327 2227 prae·

235 2235 300 2299 Epp.
321 2235 349 2295 4,
369 2235 413 2292 to,
432 2232 473 2283 46.
492 2233 521 2294 i,
535 2235 565 2294 2,
578 2232 635 2283 483.
651 2261 679 2269 -
693 2247 761 2295 pcr-
798 2233 930 2292 biturum‚
957 2235 1107 2286 accuratius
1132 2247 1195 2285 eum
1212 2249 1325 2289 noscere

233 2308 279 2374 ais]
309 2309 397 2359 «tenui
425 2320 522 2370 censu,
551 2309 581 2358 ut
608 2307 666 2372 ipse
693 2309 759 2359 sit.»
798 2311 868 2359 avet.
886 2309 1190 2361 Sciwssautemeaeculi
1198 2312 1325 2375 Augustei

229 2375 347 2450 Ὅμοιον
364 2377 459 2450 ὁμοίῳ
470 2377 516 2432 ἀεὶ
528 2378 650 2446 πελάζει.
665 2409 693 2418 -
706 2383 762 2434 lare
797 2382 911 2434 verbum
924 2385 966 2434 est
976 2385 1121 2448 politicum.
1142 2386 1172 2436 ln
1184 2386 1239 2436 Cic.
1252 2387 1323 2436 Orat.

233 2459 309 2523 certo]
328 2459 393 2509 «ned
410 2461 500 2509 tamen
518 2459 659 2520 coniugem
675 2460 703 2508 et
714 2456 761 2508 do-
799 2459 843 2520 46,
862 2459 904 2509 tt.
923 2458 984 2509 inde
1007 2472 1021 2508 a
1046 2461 1155 2522 Meyero
1173 2459 1257 2511 edunt
1278 2460 1326 2509 sci-

234 2545 308 2583 mnm
326 2532 368 2583 vel
384 2533 520 2596 propriam
536 2532 580 2583 vel
599 2531 759 2582 conductam
796 2535 885 2584 scitari
897 2547 947 2599 pro
962 2535 1058 2584 scitari.
1081 2533 1122 2585 nd
1137 2533 1323 2585 formulamcl.
1357 2573 1363 2586 .

233 2606 347 2668 babere,
362 2620 414 2657 non
427 2607 453 2656 in
465 2605 610 2656 coenaculo
623 2605 760 2656 dumtaxat
798 2608 846 2658 Od.
865 2607 893 2670 3,
912 2610 956 2669 25,
977 2607 1026 2659 li:
1043 2621 1130 2658 amiate
1145 2609 1241 2659 llireri
1256 2609 1322 2670 libet,

233 2680 381 2732 habitares
409 2679 518 2732 Bentleii
535 2681 760 2731 coniecturalem
798 2684 911 2733 «iuvat.-
938 2711 966 2720 -
992 2684 1050 2734 Νοο
1074 2684 1143 2747 scae]
1171 2677 1207 2734 οὗ
1233 2679 1321 2746 πάνυ,

232 2761 303 2806 carto
320 2769 395 2806 mera
413 2757 487 2806 asset
499 2756 622 2820 repetitio
633 2768 678 2806 vv.
692 2757 759 2805 unci
798 2757 882 2807 «vix».
910 2756 991 2818 (Nicbt
1009 2757 1078 2806 recht
1098 2762 1168 2806 tract
1183 2759 1260 2807 Meae
1277 2759 1324 2807 dea

231 2843 313 2881 cenae.
334 2859 362 2867 -
380 2831 453 2892 ludis]
476 2827 663 2891 theatralibus¹
682 2832 756 2894 puta,
798 2832 908 2882 Warten.
923 2830 1060 2892 Giinther.)
1074 2857 1102 2866 -
1115 2831 1218 2892 latrare]
1230 2832 1323 2894 utpote

232 2906 259 2955 et
275 2904 449 2957 circensibus.
467 2929 494 2941 -
510 2909 568 2967 post
584 2905 666 2954 οσοίτο
680 2917 758 2968 nepo·
796 2905 841 2969 qui
863 2917 1000 2968 nunquam
1022 2905 1048 2954 in
1065 2905 1121 2955 tam
1137 2903 1255 2955 nobilem
1273 2903 1323 2956 do-

231 2981 275 3048 tic]
306 2993 383 3031 «cum
411 2981 544 3031 transacta
572 2980 626 3030 sint
653 2981 758 3043 negotia
795 2993 870 3030 mum
899 2978 934 3030 ad
960 2991 1072 3031 coenam
1100 2982 1212 3030 vocatus
1240 2981 1322 3031 esset.

231 3057 311 3107 etiam
336 3068 514 3120 praeconum,
541 3055 568 3105 id
594 3056 636 3105 est
651 3055 758 3106 circiter
795 3053 870 3104 ldem
887 3055 960 3104 enim
977 3055 1020 3104 est
1029 3055 1122 3104 Menae
1134 3067 1230 3105 census
1241 3056 1322 3119 atque

231 3131 325 3181 boram
337 3131 486 3181 octavam.»
504 3130 557 3180 Clr.
571 3131 695 3179 Gronovii
706 3127 758 3180 Ob-
795 3128 928 3181 Euclionis
949 3131 976 3180 in
999 3128 1082 3181 Plauti
1098 3127 1157 3180 Aul.
1176 3131 1205 3191 t,
1223 3131 1252 3192 2,
1270 3129 1320 3180 li:

230 3219 320 3257 servu.
337 3206 368 3266 2,
387 3205 411 3256 6.
427 3233 455 3242 -
474 3205 577 3269 Campe]
593 3205 695 3256 llartio.
716 3204 754 3256 Cl.
794 3205 870 3267 lisia,
887 3205 1039 3268 disperiere,
1060 3205 1130 3254 lead
1145 3205 1263 3254 ἀσοοηιοι
1277 3206 1322 3269 [ο-

230 3281 374 3343 0d.t‚s,
394 3279 418 3331 4.
451 3277 661 3340 snt.2‚6,t9.
688 3279 755 3343 Epp.
794 3281 865 3330 ττόιττ
889 3280 938 3330 atis
960 3279 1035 3342 tactu
1058 3279 1136 3344 scats,
1170 3279 1200 3327 Ut
1223 3279 1322 3340 inopem

231 3357 258 3418 4,
278 3357 320 3416 44,
339 3354 364 3405 l.
390 3355 418 3405 ln
437 3367 564 3420 campum
579 3355 669 3405 autem
687 3355 758 3406 llar-
795 3361 870 3418 etque
885 3355 1019 3404 innoxium
1035 3354 1080 3404 abs
1095 3359 1119 3404 te
1133 3359 1209 3415 atque
1220 3353 1323 3404 abstuis

230 3431 295 3481 dum
320 3432 384 3480 ttrnc
409 3430 499 3494 ipsum
520 3429 605 3479 iturus
631 3430 701 3491 erat,
729 3430 758 3478 ut
794 3445 833 3482 me
849 3430 965 3480 andeca
986 3457 1014 3465 -
1033 3428 1150 3493 Beaipne]
1178 3427 1216 3479 Cl.
1234 3441 1260 3478 v.
1278 3429 1318 3480 46.

229 3504 281 3570 pila
297 3505 404 3556 luderet
413 3503 456 3555 vel
473 3502 595 3554 ludentes
612 3504 755 3567 spectaret.
796 3533 824 3544 -
842 3503 928 3569 Nepet]
946 3504 1085 3555 Coniunct.
1103 3505 1155 3554 hoc
1172 3503 1318 3567 significat:

228 3581 266 3630 Ex
282 3580 323 3630 his
339 3578 437 3630 ultimis
447 3579 592 3643 praecipue
604 3577 695 3629 verbis
707 3591 756 3642 ap·
795 3581 947 3640 «Potestne,
967 3577 1081 3629 maluml
1105 3577 1177 3638 lieri,
1196 3579 1226 3627 ut
1242 3577 1322 3639 neget

228 3657 305 3719 paret
332 3665 447 3718 puerum
476 3653 529 3703 boc
554 3665 714 3717 responsum
739 3665 754 3702 a
793 3655 900 3706 mihil»
925 3655 1017 3717 ltaque
1043 3651 1126 3703 multa
1151 3650 1247 3703 melius
1273 3663 1321 3701 ex-

227 3729 304 3782 llena
321 3729 392 3793 ipso,
420 3740 474 3777 non
492 3740 508 3776 a
524 3729 647 3789 tonsore,
665 3730 696 3777 ut
713 3725 755 3776 alii
793 3730 883 3795 primit
898 3727 1011 3793 Philippi
1027 3739 1112 3792 prope
1130 3724 1320 3789 indignabundi

227 3803 333 3865 volunt,
360 3802 461 3853 tulisse.
497 3803 564 3853 Satis
590 3804 681 3853 autem
698 3804 755 3852 evi—
793 3805 960 3855 mirationem
982 3813 1064 3866 quam
1088 3799 1201 3851 aliorum
1218 3800 1320 3852 indica-

227 3876 323 3929 denter
338 3891 389 3942 per
404 3878 454 3928 hos
468 3877 616 3929 versiculos
634 3877 755 3941 depingi-
792 3881 861 3930 drus
883 3891 915 3928 ex
939 3876 1069 3941 sequente
1087 3875 1170 3926 ortus.
1192 3898 1219 3910 -
1238 3875 1321 3940 Nepet

226 3956 270 4003 tur
280 3954 334 4004 vita
342 3952 494 4017 quotidiana
505 3952 637 4004 eiusmodi
648 3953 754 4016 generis
793 3953 855 4017 cet]
886 3950 943 4002 «val
967 3950 1117 4015 suspicatus
1135 3948 1206 4010 lara,
1232 3952 1262 3999 ut
1277 3947 1320 4002 lu·

226 4027 379 4090 bominum,
408 4040 588 4092 praeconum,
615 4025 752 4089 lictorum,
792 4027 878 4079 dibrio
896 4027 932 4076 sit
948 4024 1080 4085 convivis,
1105 4021 1147 4072 vel
1164 4021 1320 4087 simpliciter

225 4103 420 4166 apparitorum,
453 4102 605 4154 scribarum
631 4101 754 4167 publico·
791 4101 885 4153 nolens
909 4097 1001 4150 sebtae
1024 4095 1138 4148 libertati
1155 4098 1317 4162 renuntiare,

225 4189 295 4227 rum.
791 4173 955 4226 voluntatem
981 4173 1055 4222 tuam
1079 4183 1133 4222 non
1158 4174 1258 4222 curat.»
1289 4199 1314 4212 -

257 4249 346 4302 60-64.
370 4251 541 4314 86446τ4οο4.]
560 4253 690 4303 lemnum
701 4252 752 4302 Da·
785 4246 925 4312 insprobtts]
953 4247 1105 4312 «pervicax,
1136 4247 1238 4311 srsei,
1264 4249 1318 4299 der

224 4326 337 4376 metrias
364 4325 473 4378 domina
505 4329 652 4388 nutasset,
682 4339 751 4390 quae
792 4321 986 4386 fretalem.»
1020 4321 1145 4376 similiter
1174 4322 1230 4374 Itali
1258 4323 1316 4376 sine
