3178 4972
274 420 337 484 l88
639 417 767 470 nomm
785 417 1004 471 nmsromnuu

319 577 433 664 Frigus
456 573 598 661 collegit,
622 574 732 640 lumos
755 583 788 642 44
808 573 925 642 balnea
946 572 1056 640 laudat

318 700 359 767 Ut
380 697 571 763 fortunatam
593 695 688 784 plene
711 695 906 784 praestantia
928 695 1035 762 vitam.

318 821 396 894 Nec,
421 818 448 884 si
475 827 506 884 te
528 816 654 884 validus
677 817 842 884 iactaverit
862 818 979 882 Auster
1000 815 1032 881 in
1054 815 1131 890 alto,
1331 815 1370 880 45

319 940 444 1008 ldcirco
467 905 584 1006 narr'cm
605 949 693 1006 trans
714 941 879 1026 Aegaeum
902 957 991 1004 mare
1014 937 1146 1004 vendas.

320 1061 474 1128 lncolumi
496 1060 628 1129 Rhodos
650 1070 684 1127 et
704 1059 856 1149 Mytilene
877 1058 1012 1147 pulchra
1034 1059 1120 1136 lacit,
1147 1059 1236 1148 quod

320 1183 461 1250 Paenula
485 1182 635 1261 solstitio,
660 1192 842 1270 campestre
863 1180 1022 1248 nivalibus
1045 1181 1145 1256 auris,

345 1327 387 1378 44.
406 1327 485 1377 ultum
502 1325 528 1376 d.
549 1354 576 1363 -
597 1327 638 1376 to.
656 1325 743 1374 440444
760 1323 847 1388 bcdp,
867 1323 896 1373 0.
910 1349 939 1360 -
959 1324 1112 1374 1414140444
1130 1337 1264 1389 superscr.
1278 1338 1292 1374 0
1304 1325 1335 1381 S.

312 1401 410 1452 1444444
420 1413 443 1450 4.
464 1401 502 1464 (ut
518 1399 653 1462 4041443.)
673 1423 701 1435 -
716 1401 757 1450 48.
769 1400 864 1450 144414
876 1411 897 1450 4.
914 1425 941 1434 -
955 1399 1023 1448 boris
1039 1399 1056 1449 d
1074 1401 1102 1450 at
1117 1413 1253 1463 superscr.
1266 1400 1340 1449 curie

313 1477 339 1524 S.
354 1475 462 1538 (114444,
475 1473 550 1538 bEc.)
565 1502 592 1510 —
606 1474 647 1523 20.
661 1473 700 1538 nc]
719 1479 742 1524 et
757 1473 845 1535 Sd‚Ct.
861 1498 889 1509 -
903 1475 943 1523 2⁴.
958 1474 1080 1524 laudatur
1095 1487 1136 1538 pr.
1150 1473 1176 1523 4.
1192 1502 1219 1510 -
1234 1475 1281 1524 Vv.
1295 1475 1336 1524 22.

281 1609 312 1645 ex
330 1595 427 1657 rebus,
455 1596 543 1657 utili,
569 1596 615 1645 ubi
633 1597 673 1646 tot
689 1595 806 1645 iumenta
845 1595 881 1646 ris
899 1595 1004 1646 lurnum
1016 1593 1060 1646 vel
1077 1595 1103 1645 in
1118 1595 1236 1646 thermas
1251 1596 1371 1654 intraret.

281 1673 400 1738 quotidie
426 1676 576 1736 transeunt,
604 1671 731 1738 paulatim
751 1674 809 1722 orto
846 1673 921 1720 4444
939 1668 1093 1730 collocaret,
1112 1667 1176 1720 sed»
1195 1672 1246 1720 cat.
1268 1698 1294 1706 -
1313 1671 1373 1720 Fri-

282 1749 369 1798 440404
397 1750 502 1812 aspergi
530 1749 651 1812 poterat;
683 1747 709 1796 id
737 1745 809 1812 quod
845 1757 906 1808 444,
924 1744 991 1793 444444
1008 1741 1092 1806 (Ouid.
1111 1745 1217 1805 41445,
1236 1743 1305 1806 446.)
1322 1745 1374 1794 401-

282 1823 416 1872 immerito
438 1837 453 1872 4
474 1823 605 1873 nonnullis
624 1821 809 1872 addubitatum
846 1819 923 1882 144444
939 1819 982 1867 444
997 1831 1038 1882 44.
1068 1818 1115 1868 «in
1136 1819 1258 1868 intimum
1275 1831 1374 1882 404444

284 1898 334 1948 est.
370 1897 408 1946 De
427 1911 459 1947 eu
478 1898 521 1947 via
539 1897 586 1947 cir.
606 1898 708 1947 lieclrer
725 1897 812 1946 Gallus
847 1894 996 1956 recipere.»
1031 1894 1069 1943 De
1094 1891 1189 1955 frigore
1215 1905 1237 1942 4.
1260 1891 1373 1943 14044444

284 1970 335 2033 (ed.
354 1970 408 2034 414.)
435 1973 454 2021 l.
481 1985 508 2036 p.
527 1973 558 2022 lii
581 1985 641 2035 sqq.
683 1972 811 2021 Ceterum
848 1966 933 2018 lebrili
951 1968 1012 2030 (Sat.
1030 1969 1057 2026 4,
1077 1967 1169 2028 4,80.)
1187 1967 1231 2016 hic
1248 1966 1374 2031 explicari

283 2046 351 2095 mira
377 2046 483 2096 accidat
505 2059 617 2096 necesse
634 2048 676 2096 444
694 2045 760 2095 baec
778 2045 813 2094 44-
848 2043 952 2106 444444,
978 2055 1040 2091 cum
1065 2040 1246 2092 febricitantes
1272 2055 1326 2093 nou
1347 2043 1375 2092 in

284 2119 405 2171 militudo
423 2123 461 2182 ei,
481 2123 526 2184 qui
544 2121 648 2184 ignorat
663 2121 733 2171 14444
747 2133 813 2183 440-
848 2118 938 2168 444404
963 2129 995 2166 44
1019 2114 1115 2167 balnea
1140 2117 1317 2167 4444444444.
1345 2143 1373 2153 -

284 2209 337 2258 que
362 2197 388 2246 in
405 2197 554 2246 Stoicorum
572 2194 670 2246 scholis
687 2197 810 2246 usitatam
846 2194 943 2242 idcirco
967 2205 1057 2241 044444
1073 2192 1136 2252 444.)
1166 2193 1241 2241 «Neo
1263 2193 1376 2255 propter

284 2271 356 2320 haud
384 2269 546 2320 dissimiliter
575 2269 666 2319 luisse.
707 2270 809 2319 Arrian.
848 2280 930 2316 uuam
951 2264 1097 2330 procellam
1121 2266 1184 2315 navi
1199 2265 1320 2326 vendita,
1348 2267 1377 2315 et

285 2345 370 2407 Epict.
389 2345 419 2404 2,
437 2343 482 2404 43,
502 2343 550 2393 36:
579 2343 613 2392 Ti
629 2333 682 2392 cdv
698 2341 761 2393 ἐστὶ
778 2338 811 2390 τὸ
849 2341 959 2404 4444444
985 2345 1057 2389 trans
1080 2339 1209 2404 Aagnmm
1232 2352 1319 2402 marc,
1346 2342 1377 2390 ut

286 2414 455 2483 ytvdpeuow
474 2409 543 2466 0104
560 2413 645 2479 εἴτις
661 2411 755 2466 ἀπιών
773 2417 813 2478 εἰς
849 2417 895 2480 444
912 2428 1049 2479 nunquam
1066 2415 1092 2465 ln
1110 2416 1224 2480 patriam
1240 2414 1376 2466 rediturus

285 2487 340 2556 τὴν
357 2488 478 2561 πατρίδα
494 2486 548 2555 τὴν
565 2488 671 2541 ἑαυτοῦ
685 2491 735 2541 κα)
752 2489 813 2540 440-
850 2495 898 2556 444,
926 2493 1067 2544 nauclerus
1084 2494 1110 2543 in
1129 2495 1291 2557 perpetuum
1308 2494 1376 2543 mari

286 2562 377 2616 δεύων
403 2563 574 2614 πανδοκεῖον
606 2561 711 2626 καλόν,
745 2560 813 2636 ἀρέ-
849 2568 1035 2619 renuntiabit.»
1070 2569 1162 2619 nurum
1182 2567 1293 2618 14444444
1314 2566 1377 2617 Bul-

287 2654 394 2703 σαντος
405 2633 483 2706 αὐτῷ
496 2635 548 2690 τοῦ
562 2637 748 2702 πανδοκείου,
764 2655 814 2689 κα·
849 2644 927 2694 latius
943 2644 1053 2707 propter
1069 2641 1175 2706 aliquod
1192 2641 1310 2692 taedium
1321 2641 1378 2692 ani-

286 2717 407 2780 ταμένοι
423 2712 510 2781 ἐντῷ
528 2713 697 2782 πανδοκείῳ.
734 2713 814 2766 4114444
851 2720 887 2768 mi
904 2718 1015 2768 11044444
1032 2729 1169 2780 nunquam
1183 2715 1271 2765 redire
1283 2716 1378 2766 44444-

288 2793 377 2840 tamen
399 2790 541 2852 imaginem
566 2789 743 2840 conlormavit
759 2791 814 2840 110-
850 2793 927 2853 verit,
941 2803 1057 2854 eumque
1069 2789 1112 2840 tali
1125 2803 1139 2839 4
1153 2789 1263 2840 04444144
1274 2789 1377 2840 unricus

287 2865 369 2915 ratius
394 2865 447 2914 hoc
472 2863 640 2927 significans:
669 2866 742 2915 «iarn
764 2865 814 2915 elsi
851 2867 986 2918 4444044444
999 2864 1122 2924 voluerit,
1135 2877 1169 2914 an
1181 2865 1216 2914 sit
1224 2862 1377 2928 exemplum

287 2941 454 2998 veromam,
474 2952 550 2996 eum.
570 2939 614 3002 qui
633 2939 815 3005 nullacupidi-
850 2955 900 3007 per
925 2954 955 2991 44
983 2941 1099 3003 positum
1127 2953 1215 3002 neque
1244 2938 1279 2989 ad
1304 2937 1377 2989 illum

289 3016 343 3063 4444
355 3017 524 3064 transversus
536 3019 636 3078 agatur,
650 3019 744 3080 quovis
755 3015 814 3067 loco
851 3015 998 3080 quidquam
1016 3015 1144 3074 44444444,
1164 3027 1213 3064 404
1225 3027 1290 3064 sane
1302 3013 1378 3077 igno—

289 3087 429 3152 tranquille
446 3091 528 3140 vitam
540 3089 638 3154 degere
655 3105 751 3157 40444,
770 3107 815 3142 44-
851 3104 951 3142 ramus.
979 3091 1059 3140 Recte
1078 3091 1209 3140 Ditntzer:
1240 3089 1308 3139 «Die
1324 3089 1378 3138 dret'

291 3175 336 3213 ruo
362 3166 452 3214 444444
478 3165 546 3214 4444
573 3166 669 3217 4441404
694 3169 759 3230 erit,
786 3169 816 3216 ut
851 3165 970 3229 1444444414
984 3165 1070 3229 444444
1087 3163 1149 3225 alic,
1172 3165 1230 3212 4444
1244 3163 1377 3223 mundns,

289 3239 399 3302 propter
415 3237 474 3289 leve
492 3238 599 3303 aliquod
615 3242 814 3292 incommodum
850 3255 906 3292 tuos
929 3255 990 3291 mnu
1012 3253 1061 3288 444·
1080 3239 1132 3288 tht
1152 3237 1251 3301 beders,
1279 3238 1318 3287 444
1337 3238 1378 3288 ein

289 3311 332 3362 vel
349 3313 440 3364 nescio
456 3327 510 3378 quo
528 3315 616 3365 444440
636 3317 757 3380 inligatus
774 3329 817 3367 44-
852 3319 903 3368 Gut
919 3315 1059 3366 4444444444
1075 3312 1155 3374 kann,
1173 3313 1236 3362 4444
1249 3314 1379 3362 densum

290 3386 370 3436 cedat
386 3387 412 3436 in
434 3386 524 3438 locum
541 3387 657 3452 aliquem
683 3392 815 3454 ingratum
852 3391 903 3442 4444
919 3391 996 3440 dan
1007 3389 1045 3438 444
1056 3389 1164 3438 murus
1175 3389 1226 3438 Get
1234 3388 1279 3450 fiir
1290 3387 1380 3436 4444444

289 3460 380 3523 ibique
397 3464 529 3526 44444144
554 3462 662 3516 latitet.»
681 3467 816 3528 04444444
852 3465 980 3517 onumen
995 3464 1105 3512 werde.»

291 3535 362 3586 enirn
396 3534 466 3599 4444
499 3537 623 3600 44444404
655 3539 815 3603 plerumque
887 3539 974 3589 tt-tt.
1001 3536 1129 3601 4444144444)
1148 3537 1279 3599 «integro¹
1296 3549 1377 3586 44444

291 3613 367 3660 44444
379 3612 432 3659 tam
442 3611 628 3663 incommodae
637 3627 670 3663 40
680 3615 813 3676 40444444,
852 3614 949 3664 mentis
960 3612 1070 3672 homini,
1084 3612 1214 3662 constanti
1226 3612 1377 3676 etquidem

290 3687 320 3734 ut
336 3685 362 3734 44
380 3685 411 3735 iis
423 3684 467 3733 diu
479 3688 585 3749 tempus
597 3689 684 3738 terere
698 3690 814 3752 pessima
852 3689 943 3738 84444.
970 3687 1013 3736 Sic
1029 3688 1083 3736 Sat.
1097 3687 1171 3748 4,3,
1186 3685 1242 3736 tat.
1261 3685 1379 3736 incolenti

291 3762 364 3810 esset
381 3760 509 3810 condicio.
537 3760 584 3822 (Cl.
603 3761 728 3826 Dezobry
741 3765 816 3813 110044
852 3763 933 3826 cupite
949 3775 999 3812 em
1015 3761 1160 3827 opponitur
1175 3761 1303 3810 insaniae.
1329 3758 1378 3810 Alii

291 3849 327 3884 44
351 3834 430 3885 844444
450 3835 583 3900 dicente
605 3840 623 3888 1.
650 3851 678 3902 p.
697 3838 745 3888 2⁴3
763 3838 814 3902 44.)
853 3839 941 3889 minus
963 3840 1037 3890 recte
1055 3835 1089 3887 de
1107 3835 1176 3886 bona
1195 3835 1315 3898 04440444
1331 3847 1380 3883 va-

293 3911 433 3960 48444444
446 3911 552 3973 igitur‚»
568 3911 660 3975 inquit,
675 3911 815 3962 «stultitiae
852 3912 969 3964 latudine
986 3911 1208 3976 interpretantur:
1230 3921 1318 3972 neque
1335 3921 1381 3959 au·

291 3985 375 4043 44444,
402 3985 424 4034 44
442 3985 502 4048 4444
524 3985 549 4034 44
568 3985 610 4036 via
629 3988 710 4050 44444
729 3985 815 4037 imbre
853 3988 981 4039 diendum
994 3999 1093 4038 444440
1105 3985 1218 4037 11014444
1230 3983 1381 4036 Peerlkam-

291 4057 506 4119 permadelactus
529 4073 582 4110 non
606 4062 655 4111 iter
676 4064 814 4126 pergeret,
854 4063 940 4126 41444,
960 4063 1004 4124 qni
1023 4061 1050 4112 in
1066 4058 1133 4111 ltlbl.
1151 4059 1208 4110 crit.
1228 4071 1296 4109 nova
1308 4058 1332 4109 4.
1352 4071 1378 4122 p.

291 4129 340 4182 aad
357 4133 383 4181 in
396 4146 544 4198 cauponam
556 4149 617 4188 sese
628 4137 754 4196 abderet,
773 4136 816 4186 vel
854 4135 911 4187 491.
939 4135 1042 4186 4041444
1068 4136 1122 4184 Liv.
1146 4135 1192 4194 22,
1217 4134 1266 4182 6⁰:
1299 4131 1381 4183 411444

290 4205 387 4268 lrigore
405 4206 517 4258 hiberno
535 4215 674 4276 correptus
686 4215 714 4262 44
728 4213 816 4275 rigens
853 4215 929 4272 utque
953 4211 1151 4260 4440140444
1172 4208 1310 4258 4444444444
1329 4219 1381 4268 44-

291 4293 344 4330 404
363 4279 422 4330 4440
440 4282 542 4335 mulum
560 4287 584 4336 44
603 4285 719 4351 aliquem
737 4287 818 4351 44444-
853 4285 944 4346 trium
974 4285 1021 4337 ubi
1048 4286 1182 4336 4440144444
1210 4284 1381 4348 0440444144
