3174 4974
297 447 360 512 544
555 415 558 424 ’
653 445 783 498 444444
801 445 1020 498 4444444444

339 604 528 672 Pontificum
551 602 666 679 libros
691 623 814 668 annosa
834 600 998 668 volumina
1019 608 1126 666 vatum

338 726 467 793 Dictitet
486 725 608 792 Albano
631 726 739 790 blusas
760 723 792 788 in
815 731 923 789 monte
944 721 1078 788 locutas.

337 849 388 925 Si,
412 847 489 936 quia
511 847 709 914 Graecorum
730 855 804 911 sunt
825 844 1048 938 antiquissima
1069 863 1222 932 quaeque

337 969 464 1056 Scripta
484 967 536 1036 vel
557 968 691 1056 optima,
715 967 848 1034 Romani
870 975 1047 1056 pensantur
1069 964 1184 1032 eadem

358 1167 399 1217 27.
415 1168 446 1216 44
455 1171 538 1216 444444
548 1164 770 1228 Guelferbytanus
781 1164 915 1216 Schmidii.
930 1192 957 1202 -
970 1164 1011 1214 28.
1025 1164 1163 1215 Gruionsm
1174 1162 1238 1214 Cod.
1252 1162 1344 1214 Bland.

325 1242 475 1306 4444444444,
485 1241 539 1291 duo
550 1241 688 1302 Tor-rentii,
701 1255 728 1302 κ,
739 1238 872 1291 4344444444
881 1252 914 1289 44
922 1237 1115 1303 Dillsnburger.
1129 1239 1169 1302 (Ut
1180 1251 1238 1298 nos,
1251 1251 1346 1290 444444

325 1317 455 1378 notuerit,
475 1315 601 1367 Schmidii
619 1317 646 1366 et
662 1315 763 1379 nostri.)
784 1343 811 1352 -
832 1315 874 1365 29.
890 1319 1026 1377 4444444444·
1042 1312 1129 1364 «Aliis
1147 1313 1220 1378 apud
1236 1312 1346 1364 Lambi-

324 1405 390 1442 num
406 1393 434 1442 st
449 1390 550 1456 aliquot
565 1391 642 1442 Feae.
670 1391 710 1454 (ul
727 1401 789 1452 nos,
811 1390 908 1452 nostri,
932 1389 1061 1450 Pottierii‚
1086 1388 1213 1440 Schmidii
1230 1390 1344 1453 omues.)

289 1561 404 1610 Nursina
428 1560 532 1610 44444444.
574 1559 693 1610 Foedera
723 1560 814 1609 autem
850 1556 969 1606 carmina
981 1555 1086 1606 fatidica
1097 1553 1260 1606 hexametris
1269 1558 1377 1608 Graecis

290 1632 471 1697 intelliguntur
491 1635 560 1685 inter
581 1631 722 1685 Romulum
740 1634 768 1683 et
783 1633 812 1682 T.
851 1633 927 1680 erant
938 1630 1093 1693 composita.
1113 1629 1239 1680 Cl.v.86.
1254 1655 1284 1666 -
1297 1632 1378 1681 Dicti-

288 1709 393 1759 'latium
408 1707 451 1760 vel
469 1709 537 1759 inter
553 1707 657 1758 Tullum
675 1706 814 1758 llostllium
849 1703 890 1768 tet]
916 1704 1069 1754 «communi
1094 1716 1229 1755 consensu
1255 1717 1376 1768 pronun-

289 1785 317 1833 et
333 1782 445 1835 sabinos
458 1783 576 1846 (Dionys.
589 1781 646 1833 llal.
660 1782 688 1842 3,
707 1781 758 1844 33.)
770 1779 813 1831 vel
850 1779 922 1829 4444.»
942 1805 969 1816 -
987 1778 1084 1828 liborio
1102 1777 1165 1842 444.)
1185 1780 1218 1831 llt
1236 1780 1327 1831 llusae
1348 1780 1375 1830 iu

287 1858 381 1921 primis
398 1856 499 1908 liberae
516 1858 555 1908 rei
573 1855 695 1922 publicae
708 1857 814 1920 tempo·
849 1858 980 1907 Parnasso
992 1857 1019 1906 44
1029 1856 1156 1907 ilelioone
1169 1857 1300 1907 Graecam
1311 1861 1375 1921 poe

288 1931 363 1982 ribus
385 1933 446 1982 icta.
466 1959 494 1968 -
513 1931 633 1995 44444444)
657 1931 765 1994 4444444
787 1932 814 1980 44
849 1933 890 1982 444
919 1930 1111 1990 condiderunt,
1141 1931 1180 1982 sio
1207 1943 1240 1980 ex
1265 1943 1373 1990 eorum.

287 2005 363 2056 iustis
380 2004 582 2057 condicionibus
602 2005 680 2056 icta.»
849 2019 917 2071 quos
940 2005 1046 2066 irridet,
1071 2005 1195 2070 opinione
1216 2007 1375 2058 acarnania

319 2081 409 2131 tii-27.
429 2082 576 2145 Pontificum
592 2079 676 2144 libros]
694 2078 812 2142 intellige
848 2082 875 2130 in
892 2081 984 2131 monte
1002 2077 1103 2129 Albano
1121 2081 1176 2130 lovi
1193 2079 1284 2130 batiali
1296 2093 1373 2130 sacro

287 2153 444 2218 pontificum
461 2157 489 2204 et
505 2154 598 2205 Libros
609 2153 718 2204 rituales
730 2157 757 2204 44
768 2155 813 2203 lu·
847 2155 1018 2208 versantibus
1034 2155 1124 2219 poesis
1142 2157 1233 2206 Latina
1253 2156 1373 2220 prolecta

286 2228 813 2293 digitamenlaldequibusconsulebm-
848 2233 914 2280 erat.
943 2230 1043 2281 Ennius
1066 2232 1094 2290 4,
1121 2229 1150 2280 3:
1180 2231 1283 2289 4444444,
1311 2243 1375 2292 quos

286 2300 386 2351 bmscb
403 2302 465 2352 tiber
480 2303 519 2352 444
535 2303 750 2367 llatiptcnsbitcber
767 2303 812 2353 4444·
846 2310 988 2355 manorum
1006 2305 1141 2356 0444444444
1157 2317 1206 2354 esso
1221 2305 1314 2354 4444444.
1333 2305 1373 2354 De

285 2377 384 2426 llbnmr.
397 2377 477 2426 44444.
494 2376 577 2440 4843.)
591 2376 744 2440 4444444444
755 2391 813 2428 ma·
848 2379 940 2443 Egeria
965 2378 1098 2445 nympha,
1120 2381 1223 2429 Numae
1246 2378 1372 2441 coniuge,

285 2450 372 2501 ximos
388 2462 407 2499 4
421 2451 538 2515 Pootiflcs
552 2452 667 2500 44444444
677 2452 811 2515 usquead
847 2465 929 2517 quam
946 2454 1026 2503 etiam
1042 2454 1145 2504 llusarn
1156 2451 1289 2502 vocabant
1303 2453 1372 2516 (bio-

286 2537 311 2574 a.
332 2537 359 2574 u.
372 2537 396 2576 c.
416 2525 473 2576 620.
495 2525 641 2588 conlectum
668 2527 695 2576 in
712 2526 810 2591 quibus
847 2539 906 2590 nys.
919 2526 976 2577 ilai.
989 2529 1017 2588 2,
1030 2527 1070 2577 60.
1089 2525 1155 2578 Plut.
1169 2529 1246 2578 Num.
1260 2528 1306 2590 8.),
1320 2527 1373 2577 llo·

285 2601 359 2649 certe
376 2603 502 2663 quattuor
517 2601 665 2664 primorum
677 2601 753 2653 Urbis
765 2615 811 2653 44-
846 2601 944 2651 ratium
964 2602 1096 2665 cogitasse
1119 2601 1208 2652 minus
1231 2599 1371 2666 probabile

284 2671 408 2724 culorum
424 2687 469 2726 res
480 2679 571 2738 gestae
582 2676 672 2740 prisco
684 2689 809 2728 sermono
846 2676 960 2727 videtur.

285 2749 421 2813 expositae
439 2753 523 2801 erant.
554 2751 609 2800 Cic.
628 2750 663 2802 de
680 2752 758 2815 Legg.
777 2753 807 2814 4,
878 2749 968 2802 48-33.
994 2751 1036 2813 Si,
1060 2751 1122 2813 quio
1138 2750 1202 2816 444.)
1221 2751 1315 2814 «Atqui
1332 2751 1370 2810 44,

284 2823 313 2883 3,
332 2824 360 2873 44
386 2824 495 2874 sanates
515 2826 662 2890 Pontificem
680 2827 810 2876 maximo-
846 2825 982 2889 quoniam,
995 2827 1373 2889 utegoquoquecumomni-

283 2911 355 2958 44444,
375 2899 463 2960 quem
479 2900 542 2949 444444
554 2905 635 2962 potest
650 2913 702 2951 4444
717 2902 810 2951 4444444-
846 2899 896 2950 bus
913 2897 982 2949 ultro
1005 2898 1104 2960 lateor,
1131 2901 1230 2964 scripta
1254 2901 1372 2950 Graeco-

283 2972 480 3036 diurlursinus:
498 2975 625 3038 4444444444).
640 2974 679 3025 Cl.
690 2975 724 3025 de
736 2977 807 3026 Orat.
845 2986 905 3024 rum
923 2973 1107 3037 antiquissima
1124 2987 1249 3038 quaeque
1268 2976 1372 3040 (impri-

283 3047 313 3106 4,
334 3046 378 3108 tn,
396 3049 438 3098 42.
454 3071 480 3084 -
498 3049 628 3100 4444444444
642 3051 739 3115 emron]
751 3049 809 3100 Noli
845 3049 896 3098 mis
914 3048 1022 3098 llomeri
1039 3052 1066 3099 at
1076 3048 1226 3099 Archilochi
1238 3051 1370 3114 44444444)

282 3119 428 3184 intelligere
456 3137 518 3174 cum
545 3124 691 3174 Niebuhrio
716 3127 808 3174 vetera
844 3123 942 3173 eadem
959 3124 1039 3172 etiam
1056 3125 1367 3187 praestantissimam,

282 3195 462 3260 nescioquas
485 3199 602 3248 earmina
626 3199 716 3263 opica,
742 3199 806 3249 sed:
844 3197 945 3246 idcireo
961 3198 1106 3261 scriptores
1123 3199 1206 3248 444444
1224 3197 1302 3249 simili
1324 3209 1370 3248 ra-

284 3273 406 3322 44444444
422 3269 504 3323 libros
521 3275 625 3323 44444444
645 3275 693 3336 (sic
707 3275 807 3339 optime
843 3271 915 3320 44444
932 3272 1121 3331 aestimantur,
1148 3275 1177 3322 ut
1201 3273 1296 3336 priscis
1312 3273 1370 3336 pri-

282 3343 528 3408 saponarias..
547 3347 580 3397 44.
592 3349 682 3408 Nouii,
706 3348 733 3399 id
751 3350 805 3409 est,
843 3357 904 3395 mus
920 3344 996 3396 locus
1013 3345 1156 3406 tribuatur,
1174 3345 1295 3411 plmibus
1306 3359 1370 3396 ver-

282 3419 334 3468 Attl
351 3419 425 3468 ilarii
441 3422 553 3483 Auguris
571 3423 625 3472 uoti
642 3425 808 3487 propterca·
843 3418 885 3470 bis
902 3432 953 3472 non
972 3420 1026 3471 iam
1042 3434 1111 3484 opus
1133 3423 1187 3479 est;
1215 3421 1297 3471 immo
1318 3419 1369 3470 ab·

282 3495 337 3542 tem
360 3493 489 3544 novacula
514 3493 658 3546 (1444444444
684 3499 806 3560 tempore
843 3493 1000 3545 surdissima
1024 3507 1149 3558 quaeque
1175 3491 1370 3560 ἐνθυμήματα

282 3567 414 3630 Tarquinii
435 3569 526 3618 Prisci.
557 3569 613 3620 Cic.
634 3569 669 3620 de
692 3571 804 3621 Diuinat.
842 3567 877 3618 illi
894 3568 987 3620 similia
1005 3569 1121 3634 probare
1138 3568 1226 3620 licet.»
1246 3597 1274 3608 -
1288 3570 1369 3621 oros

281 3643 311 3702 4,
338 3644 389 3705 tt..
415 3642 448 3694 al.
472 3645 576 3706 Naevii,
604 3645 677 3709 quod
697 3645 806 3696 omuino
841 3644 937 3708 4444444)
959 3643 1115 3696 praestabat
1136 3644 1180 3695 bic
1196 3644 1281 3695 lorma
1303 3657 1368 3710 pro-

282 3714 377 3768 lalsum
402 3719 456 3782 444)
484 3720 571 3772 «vatis
596 3723 642 3771 aut
663 3717 804 3782 Sibyllae.»
842 3729 888 3767 sae
923 3719 1057 3769 orationis.
1105 3717 1194 3769 Altera
1228 3719 1368 3770 Grotoms

281 3791 405 3840 Pomurr.
418 3793 499 3844 444444
509 3793 731 3858 interpretabere:
746 3805 806 3843 444-
842 3791 925 3854 (ovid.
938 3795 1045 3844 4444444.
1060 3793 1105 3855 43,
1123 3792 1192 3854 stt.)
1210 3793 1368 3858 apauclssi-

281 3864 369 3916 tioinia
382 3867 504 3920 versibus
516 3869 645 3920 saturniis
657 3869 804 3932 composita
841 3867 892 3918 mis
901 3869 1008 3919 inducta
1018 3871 1060 3920 est
1070 3871 1214 3934 propterv.
1223 3867 1263 3918 49.
1274 3895 1302 3904 -
1313 3872 1368 3918 4444-

281 3951 296 3987 a
314 3939 362 3990 Cu.
386 3943 514 4003 Marem,-
535 3945 590 3993 Liv.
612 3945 657 4004 ab,
681 3945 732 4005 42,
759 3943 804 3994 ubi
840 3943 904 4008 4444)
921 3938 1046 4012 τρυτάνη
1061 3945 1096 4006 (in
1109 3955 1164 4007 quo
1175 3956 1202 3993 v.
1214 3943 1301 4006 prima
1313 3941 1368 4005 syl-

280 4013 337 4077 ipsa
354 4016 421 4067 vatis
437 4017 534 4079 uerba,
553 4017 626 4081 quoal
643 4019 719 4068 eraut
736 4019 805 4069 anti-
840 4017 901 4069 laba
913 4021 953 4070 est
969 4016 1061 4081 longa,
1079 4017 1204 4068 44444444
1215 4017 1366 4082 corripitur)

281 4087 389 4150 quiere,
421 4091 530 4155 paulum
558 4095 621 4143 sunt
653 4092 802 4144 immutata.
839 4105 881 4156 pr.
892 4093 1021 4152 toramen,
1033 4092 1102 4142 iub-a
1113 4091 1186 4155 quod
1198 4089 1328 4155 astliguln
1340 4103 1364 4142 s.

279 4158 344 4211 Plin.
358 4162 389 4213 H.
403 4166 477 4226 444,
495 4165 536 4216 33.
567 4167 622 4217 Cic.
639 4165 673 4217 de
689 4167 802 4217 Divinat.
840 4163 1082 4226 exameniolibra
1101 4163 1367 4234 plemmquepmlt-

279 4235 304 4296 4,
318 4234 359 4298 til,
382 4239 423 4289 89.
435 4241 650 4304 limatossrotrss
661 4243 801 4292 memorat.
839 4239 888 4290 bra
900 4238 997 4290 bilanci
1014 4241 1042 4290 44
1058 4242 1159 4292 sotera
1175 4241 1245 4306 ipsa,
1263 4243 1293 4292 44
1309 4241 1363 4290 Sat.

279 4309 378 4364 Contra
394 4325 464 4377 quae
481 4312 596 4376 sibyllae
618 4313 803 4366 tribuebantur
839 4315 868 4376 4,
890 4313 918 4375 3,
936 4315 977 4364 44.
1000 4341 1028 4350 -
1049 4313 1093 4366 Nil
1110 4314 1180 4365 444444
1198 4314 1261 4379 444.)
1281 4313 1366 4365 Plari-
