3030 4988
330 471 393 538 9ld

329 633 491 696 depeuruoe.
527 629 580 680 Ello
599 640 738 678 eornoueoc
760 627 843 678 alost:
871 627 1038 678 «Mecenalem
1053 626 1192 690 alloquitur
1208 626 1316 677 eodem
1328 625 1389 675 atur

333 715 384 766 cat
409 714 490 764 dedu
510 713 555 764 too
572 713 650 763 teneri
670 712 736 773 quod
758 716 911 775 oppetuoer
925 712 965 763 cel
980 711 1045 762 lecet
1061 711 1197 774 eupldltute
1211 710 1252 761 uel
1265 709 1338 775 palae.
1365 707 1389 756 Se

331 811 406 849 «vero
420 797 522 860 poetrto
538 796 655 847 mactant
671 801 695 846 ot
710 797 776 846 teter
792 797 849 846 deos
864 796 963 846 mittet-r
979 797 1001 846 st
1016 809 1120 846 emero
1130 795 1269 858 tertam
1279 796 1390 857 pollam

330 882 471 945 «oxetptus
485 881 571 944 tuem.
605 883 757 932 Meeeoctem
773 892 871 944 quoque
887 881 925 930 ott
941 881 1023 931 amitt
1038 879 1138 944 reqtbtu
1153 879 1247 930 mico
1263 878 1324 941 quot
1335 888 1391 926 ooo

329 965 433 1016 illitus
448 966 614 1016 Etruscorum
630 968 700 1014 ortas
715 965 773 1015 stt.»

396 1049 549 1100 :Presidium
565 1053 588 1098 et
604 1048 712 1111 deserato
728 1047 765 1097 tlll
781 1052 838 1098 eret
854 1047 974 1110 quonlam
988 1061 1039 1098 non
1055 1047 1136 1098 solum
1152 1059 1169 1096 a
1185 1051 1267 1097 morte
1281 1041 1392 1095 waetel-

331 1135 420 1184 «acolt
436 1135 496 1183 dum
511 1133 701 1195 comprehensae
716 1137 776 1182 esset
792 1130 824 1181 ab
840 1131 898 1192 illo,
916 1133 959 1182 sed
970 1133 1071 1195 temper
1081 1131 1221 1196 Auqttslum
1230 1125 1393 1180 meelate

331 1219 430 1268 «Docte
449 1217 488 1266 tllt
508 1220 564 1266 erat
579 1216 630 1266 stoc
645 1219 821 1266 omemertlum
837 1216 904 1278 quod
920 1215 1037 1266 omtdcto
1052 1216 1117 1266 tantt
1131 1215 1182 1265 otri
1197 1225 1317 1279 nmquam
1330 1212 1393 1262 tono·

329 1314 402 1352 arom
415 1299 562 1363 praestabat
577 1299 639 1350 llll·

393 1383 434 1436 Aa
449 1384 550 1434 domm
563 1383 669 1446 fallet,
688 1396 721 1432 ort
731 1383 777 1432 tlt:
797 1382 1017 1434 «extremam
1033 1381 1246 1434 stettetetltt.
1272 1381 1396 1432 solatium

329 1481 405 1519 ecam
424 1481 474 1532 pro
496 1467 573 1530 loaqc
593 1465 683 1515 tilleto
698 1467 746 1516 due
762 1465 997 1529 accenseantur.
1032 1466 1215 1516 Penlimemeris
1229 1471 1266 1515 est
1281 1478 1335 1514 enon
1348 1463 1397 1512 laos

330 1552 421 1614 «pedes
445 1551 557 1613 sequitur
581 1549 672 1599 sillolto
696 1563 744 1612 que
765 1555 865 1613 portem
886 1551 1005 1600 unntnol
1026 1549 1174 1600 orottoolsa
1208 1549 1312 1600 Selom
1325 1559 1398 1598 moon

327 1636 443 1698 quelques
467 1635 545 1698 llqoes
566 1645 612 1683 seer
633 1633 659 1682 la
681 1633 795 1684 muniere
810 1635 840 1684 de
855 1634 961 1684 scendet
977 1633 1012 1683 les
1027 1645 1092 1682 vers.
1127 1633 1217 1698 Eupo,
1243 1647 1273 1684 ce
1293 1633 1398 1695 prm

326 1719 466 1770 mmmcrtl
481 1723 517 1768 est
533 1717 640 1768 temlnl
649 1730 703 1780 por
718 1717 745 1766 lo
761 1717 832 1768 lettre
846 1717 883 1768 tx
898 1717 1062 1780 «Septimiae,
1083 1715 1185 1778 Cleudl,
1203 1717 1325 1768 mmm
1339 1714 1400 1764 latei·

326 1803 381 1868 ltptt
397 1815 488 1865 unm»,
507 1803 550 1865 qut
566 1815 597 1852 ee
613 1814 638 1852 sc
654 1807 741 1852 troam
753 1815 803 1865 pos
819 1803 882 1852 does
893 1801 915 1852 le
928 1801 1039 1863 preater
1053 1801 1115 1852 llere
1126 1802 1168 1851 des
1179 1803 1273 1864 epttres
1283 1801 1398 1850 d'lleroot.

389 1912 448 1980 No.
464 1911 536 1979 tte.
569 1912 669 1977 Ite-l⁰
690 1910 814 1997 oblonq,
836 1933 893 1977 sur
912 1911 1001 1977 ee'lt'rt.
1030 1911 1153 1977 Horatii
1173 1913 1318 1978 canuno
1330 1909 1401 1996 (cem

325 2024 429 2110 plesse
450 2023 619 2112 morqirtoli
640 2033 669 2090 et
689 2023 902 2110 interlineare).
925 2060 968 2071 -
988 2023 1045 2088 XI.
1068 2010 1233 2090 SJE'GLE.

393 2157 514 2220 Quotquot
528 2157 634 2220 setium
648 2157 835 2219 prtllmlnatres
850 2156 1005 2206 ecntlenoent
1021 2169 1070 2206 me
1083 2157 1169 2219 partie
1182 2157 1217 2206 du
1227 2156 1401 2208 coementoire.

323 2241 357 2292 lls
372 2245 539 2291 commoneret
555 2241 638 2290 alost:
658 2241 726 2302 «Vis,
745 2241 772 2290 te
786 2245 833 2302 est,
848 2245 958 2303 potestas
974 2240 1105 2295 iudicandi
1110 2254 1120 2300 ;
1137 2253 1247 2302 norme,
1266 2243 1294 2291 td
1310 2243 1353 2301 est,
1368 2251 1404 2290 rt-

326 2325 408 2388 «μυῖα
424 2324 483 2375 leae
499 2324 614 2386 loqueodl
630 2326 765 2374 maedam
781 2337 856 2374 cosas
870 2329 895 2375 et
910 2337 992 2375 morus
1008 2328 1031 2375 el
1047 2329 1186 2388 temporo.»
1221 2325 1255 2376 Co
1276 2323 1406 2376 manmit

325 2413 360 2459 est
376 2408 517 2469 tmomptrt.
1338 2427 1340 2440 ‹

389 2524 541 2612 Catelogo
571 2524 692 2592 inserta
722 2536 771 2593 est
793 2527 951 2601 Odaead
972 2527 1153 2618 Phyllidem
1175 2528 1303 2617 effigies
1325 2528 1408 2614 (Fac

322 2638 449 2727 ornile),
481 2639 596 2706 iterum
618 2659 774 2728 expressa
796 2661 815 2706 a
838 2641 1004 2708 Taaonono
1026 2643 1138 2708 Nisxno
1151 2641 1198 2726 ¹⁵),
1234 2642 1292 2730 qui
1316 2640 1359 2709 de
1379 2660 1409 2706 m

323 2752 449 2819 musica
468 2750 727 2818 dissertationem
742 2751 866 2819 addidit
881 2752 1116 2832 doctissimam,
1139 2773 1239 2842 mam
1255 2755 1410 2841 cumipse

325 2863 410 2930 odae
432 2862 538 2951 effigie
559 2862 658 2952 lepidi
682 2863 782 2930 incisa
805 2863 846 2930 ad
869 2863 991 2932 calcem
1013 2865 1117 2944 huius
1130 2865 1241 2953 operis
1263 2875 1412 2954 repeten-

324 2974 400 3042 dam
428 2975 629 3052 curavimus,
658 2985 692 3041 ut
721 2977 911 3043 nostratium
933 2997 1066 3066 quoque
1090 2977 1267 3046 curiositati
1292 2977 1413 3046 dudum

324 3087 480 3155 excitatae
503 3087 580 3154 satis
602 3087 704 3155 lieret.

388 3199 584 3288 Ampliorem
611 3200 708 3266 etiam
736 3199 907 3288 utriusque
935 3201 1065 3269 Codicis
1087 3203 1231 3269 notitiam
1253 3201 1413 3271 debemus

321 3311 392 3380 viro
408 3311 545 3380 eximiae
565 3321 597 3380 et
613 3311 778 3380 doctrinae
794 3323 826 3380 et
839 3311 1054 3392 humanitatis,
1080 3315 1202 3383 Cenouo
1214 3315 1408 3387 Dameam,

322 3423 366 3492 de
395 3423 607 3512 scriptoribus
636 3424 772 3492 medicis
794 3425 926 3492 Graecis
948 3436 981 3492 et
1002 3427 1121 3494 Latinis
1143 3427 1276 3515 egregie
1291 3439 1329 3495 et
1350 3447 1413 3493 me·

323 3537 385 3604 rito
407 3545 440 3604 et
461 3535 625 3603 merituro.
654 3537 716 3618 Qui
738 3558 813 3604 cum
835 3545 909 3604 ante
931 3535 1053 3626 aliquot
1074 3559 1204 3606 menses
1218 3538 1306 3606 ultro
1323 3539 1413 3608 nobis

325 3649 496 3718 obtulisset
516 3669 651 3736 operam
673 3670 765 3716 suam
789 3647 821 3713 in
844 3649 1078 3718 examinatione
1101 3649 1250 3719 codicum
1266 3651 1413 3719 Horatia

325 3783 442 3828 norum
462 3761 577 3828 Montis
601 3761 767 3828 Pessulani
790 3760 989 3849 ponendam,
1013 3783 1073 3828 nos
1095 3762 1239 3830 oblatum
1260 3763 1415 3830 auxilium

326 3874 508 3962 gratissimo
531 3873 638 3940 animo
660 3872 798 3961 amplexi
823 3893 944 3939 sumus.
968 3873 1082 3962 ltaque
1097 3875 1146 3940 vir
1160 3873 1364 3942 clarissimus
1378 3895 1414 3940 ex

326 3995 466 4074 utroque
494 3984 608 4053 codice
637 3986 742 4052 Monte
763 3983 942 4052 Pessuleno
964 3984 1106 4054 Parisios
1125 3985 1256 4074 publice
1275 3989 1415 4056 advecto

327 4096 513 4184 speciminis
540 4097 613 4165 loco
636 4096 717 4164 haec
738 4097 879 4164 enotavit
901 4106 1097 4185 enotateque
1118 4097 1288 4166 nobiscum
1313 4099 1349 4166 in
1371 4099 1414 4165 iu·

377 4334 401 4394 *t
419 4333 546 4384 Archivcs
558 4336 607 4386 des
619 4339 741 4389 Missions
752 4340 933 4404 scientifiques
945 4343 974 4392 et
984 4341 1132 4392 litteroires.
1154 4343 1227 4394 test.
1247 4357 1272 4408 p.
1284 4341 1322 4393 98
1331 4371 1350 4382 -
1360 4345 1370 4394 l
1379 4343 1413 4394 tt
