3192 4974
624 431 683 482 ΗΒ.
703 432 722 480 1.
758 431 856 519 EPld'l'.
874 431 905 482 V.

262 622 340 687 Vina
363 620 456 688 bibes
481 621 596 689 iterum
619 624 723 689 Tauro
745 621 861 690 diffusa
883 623 1043 712 palustres

262 745 347 810 luter
369 743 545 810 Minturnas
568 745 866 833 Sinuessanumque
889 747 1060 814 Petrinum.
1285 751 1305 814 5

262 865 294 932 Si
317 864 433 932 melius
456 864 534 952 quid
557 865 675 944 habes,
703 887 834 935 arcesse
856 866 907 934 vel
929 869 1100 956 imperium
1122 869 1177 938 ler.

262 985 452 1054 Iamdudum
476 985 626 1074 splendet
647 987 737 1055 loeus
759 1001 792 1055 et
813 989 869 1056 tibi
892 989 1012 1058 munda
1035 991 1190 1080 supellex.

262 1107 348 1175 llitte
373 1107 461 1176 leves
485 1129 561 1196 spes
584 1119 616 1176 et
638 1111 813 1178 certamina
835 1111 1015 1178 divitiarum

284 1305 309 1356 4.
334 1305 466 1356 Exhibeat
483 1307 575 1370 44444444
587 1306 708 1374 bSchp.
723 1336 750 1346 -
764 1309 887 1372 poledris
897 1311 926 1361 E.
942 1337 969 1348 -
983 1312 1007 1363 6.
1020 1312 1048 1363 Si
1060 1311 1164 1376 bSedE,
1178 1325 1273 1366 omues

252 1381 380 1441 Pottierii,
400 1381 420 1432 C
438 1381 573 1433 Bentleius
591 1387 618 1434 et
635 1384 666 1434 0:
694 1385 739 1434 Sta
756 1385 840 1436 narn.
857 1412 884 1422 —
897 1397 997 1438 aoecrsc
1013 1385 1058 1452 dp.
1077 1388 1178 1440 Veneta
1196 1388 1270 1442 rtet.

255 1483 281 1492 -
303 1457 348 1504 vv.
368 1455 392 1506 6.
411 1456 435 1504 i.
455 1469 518 1507 cum
535 1469 589 1508 unc
607 1458 706 1510 Codice
724 1457 793 1510 male
811 1462 975 1525 transposuit
990 1461 1050 1514 Fea,

219 1615 293 1664 sium
310 1613 429 1664 convivis
445 1615 544 1678 apponi
561 1619 661 1679 posset.
691 1618 744 1666 Ga-
779 1610 913 1671 444444»
936 1611 988 1673 lor]
1015 1612 1103 1675 «quod
1127 1613 1154 1664 tri
1179 1615 1305 1666 convivas

218 1686 295 1738 lenus
311 1699 354 1752 ap.
367 1687 463 1738 Athen.
478 1689 507 1748 4,
526 1688 572 1740 ta:
592 1685 609 1740 ὁ
627 1689 742 1763 mataps-
780 1683 981 1747 quodammodo
1015 1687 1162 1739 exercebat
1191 1689 1305 1740 convivii

218 1777 268 1824 νος
285 1757 364 1825 οἶνος
381 1757 440 1812 ἀπὸ
457 1761 529 1814 ἑτῶν
539 1761 610 1815 δέκα
620 1763 683 1817 ἐστὶ
693 1763 744 1816 xd-
780 1756 931 1810 domitius.»
955 1762 1001 1812 Edi
1011 1762 1102 1824 igliur:
1121 1761 1185 1815 «Vol
1197 1775 1230 1814 00
1242 1776 1306 1816 0044·

218 1831 645 1902 ιιμοςκαὶάπὸπεντεκσλδεκα
657 1842 744 1911 μ4χρι
779 1835 869 1884 unius
896 1837 970 1894 esto.
1000 1837 1074 1900 quod
1104 1851 1154 1901 ego
1183 1851 1244 1890 mea
1271 1852 1305 1890 cx

219 1911 329 1964 εἴκοσιν
345 1911 405 1962 κτλ.
420 1937 449 1950 -
467 1914 535 1964 nrm
552 1915 614 1979 aaa]
632 1917 744 1966 Mintur.
780 1909 910 1971 apotbeca
936 1911 1151 1974 depromendum
1176 1913 1304 1964 curabo.-

218 2001 275 2050 ωε,
291 1991 478 2040 Auruncorum
490 1989 619 2054 oppidum
631 1989 665 2040 ad
678 1993 744 2044 ostia
781 1982 958 2045 (4444440444
980 1984 1016 2035 id
1040 1987 1124 2037 4044441
1145 1989 1306 2038 maisnilum

218 2065 284 2115 airis
308 2064 348 2124 n,
374 2077 390 2112 a
407 2075 460 2126 quo
485 2065 604 2116 samaa
628 2065 744 2119 casanat
780 2056 884 2106 conteri
901 2059 965 2122 Ean·
980 2059 1010 2119 ⁴.
1029 2060 1058 2120 6,
1076 2061 1121 2110 ti:
1139 2061 1167 2112 8¹·
1184 2063 1245 2126 cuit
1260 2076 1306 2114 nc

218 2139 306 2189 imi.
320 2141 348 2188 P.
379 2139 506 2189 «Petrinus
523 2143 744 2193 monsestSinu-
780 2132 836 2182 44444
851 2133 943 2182 militi
957 2135 1022 2196 usia,
1043 2135 1171 2186 0444444444
1185 2137 1303 2199 tapete

218 2225 329 2264 casanae
346 2214 443 2264 civitati
461 2215 602 2268 imminens
619 2215 662 2267 vet
680 2229 744 2282 ager
779 2209 802 2257 tl
817 2221 882 2268 4444,
903 2208 942 2258 4444
957 2214 1027 2260 ultro
1042 2211 1159 2276 mecm)
1186 2210 1306 2263 Adnota-

218 2288 358 2340 Siuuassae
383 2289 515 2340 vicinus.»
553 2291 637 2342 Con,
662 2291 742 2350 Cano,
779 2283 937 2334 4404444ου48
951 2283 987 2348 (el
1001 2285 1226 2338 Commenlitlttt'is
1240 2287 1306 2337 Crit-

218 2359 301 2410 ttoctia
317 2361 400 2410 ttoccc
421 2363 447 2412 44
468 2369 550 2413 mm
571 2366 682 2429 poponi,
711 2379 742 2416 εχ
781 2356 842 2418 quii)
861 2358 900 2407 sic
911 2355 1023 2421 tegenda
1036 2361 1077 2410 est
1088 2363 1198 2410 auctore
1210 2359 1306 2412 Dilleu·

218 2431 329 2485 abosum
355 2437 485 2486 sententia
509 2439 667 2490 Piedimom.
703 2441 743 2490 Si·
780 2430 897 2495 bursstiffl
922 2434 1013 2497 Pfossr·
1034 2435 1156 2500 aquisgr.
1181 2434 1255 2486 4844·
1276 2449 1304 2500 ti·

217 2521 381 2560 nuessaaum
398 2513 490 2562 antem
510 2512 603 2565 viuum
627 2513 745 2566 meliori-
780 2508 826 2557 ⁴⁰:
846 2507 997 2569 «Impatiens
1005 2509 1053 2573 fer]
1066 2510 1168 2560 Dicitur
1178 2511 1231 2562 troc
1242 2512 1304 2574 qaia

217 2583 268 2634 bus
297 2583 541 2648 adnumerabatur,
571 2601 624 2638 nan
653 2591 742 2641 tamen
780 2586 859 2632 antea
875 2584 1034 2646 pascentes»
1047 2583 1148 2648 (idest,
1166 2583 1306 2638 alloscou·

217 2658 336 2722 optimis,
349 2657 474 2720 Falerno,
488 2661 629 2724 Caecubo,
643 2665 741 2726 setino,
780 2657 849 2706 vivio
874 2657 1051 2720 excipientes)
1079 2671 1163 2722 crepes
1187 2658 1306 2724 appella·

219 2734 366 2784 Formiano.
380 2734 498 2798 (Martial.
510 2736 554 2798 43,
568 2739 613 2788 444
628 2740 698 2803 5qu
714 2768 741 2776 -
780 2731 892 2790 hautun
917 2731 979 2782 inde
1000 2732 1046 2795 qul
1068 2733 1176 2784 sanatur
1193 2747 1306 2786 menam

217 2809 253 2873 st]
272 2809 314 2858 Sic
332 2810 385 2859 mei
397 2808 483 2860 Codd.
497 2814 524 2861 et
534 2811 619 2862 Beati.
632 2825 665 2862 ex
678 2827 744 2862 con·
780 2809 842 2870 post
858 2806 1023 2870 triumphum
1041 2804 1141 2857 dabant
1157 2808 1184 2858 iu
1201 2809 1309 2873 Capitoq

217 2881 359 2934 suetudine
386 2885 502 2946 Horatii,
532 2886 578 2949 qai
606 2899 743 2951 uunquam
780 2880 828 2942 lio,
850 2878 975 2931 consules
992 2878 1034 2931 vel
1051 2879 1210 2933 dictatorem
1227 2895 1307 2947 roga-

217 2959 299 3008 utitur
316 2960 384 3022 part.
401 2960 454 3022 4444,
478 2960 528 3010 sed
551 2961 578 3010 in
598 2963 744 3026 oppositio-
780 2955 857 3016 bant,
882 2967 916 3004 ne
933 2955 969 3005 ad
985 2967 1097 3006 coenam
1114 2957 1249 3016 venirent;
1275 2972 1306 3011 ae

218 3032 296 3084 nibus
317 3032 415 3098 duplici
438 3035 468 3085 si.
504 3035 557 3087 Cir.
577 3037 642 3100 Epp.
662 3039 692 3098 ²,
712 3039 742 3098 4,
781 3029 831 3080 illis
851 3029 923 3093 quod
945 3029 1057 3080 ederent
1078 3031 1190 3082 domum
1207 3034 1306 3085 missu-

218 3106 251 3158 6t
267 3119 345 3171 seqq.
366 3133 394 3145 -
413 3111 518 3172 orma]
538 3111 580 3160 «si
596 3111 662 3174 quid
684 3124 744 3162 me.
781 3117 841 3165 ros,
860 3117 894 3154 nc
912 3102 969 3154 illos
986 3106 1016 3154 ut
1032 3117 1110 3168 reges
1127 3103 1239 3157 domum
1256 3106 1306 3159 de·

217 3180 268 3232 lius
284 3183 338 3232 vini
354 3181 452 3246 habes,
478 3197 530 3248 per
551 3183 689 3236 servulum
708 3187 743 3238 ad
781 3179 843 3230 duci
859 3177 908 3228 illis
925 3177 1112 3242 praesentibus
1130 3191 1242 3232 necesse
1260 3195 1306 3234 es-

218 3269 262 3308 me
282 3256 450 3309 ademarium
472 3271 563 3310 cura.»
592 3261 673 3312 Recte
691 3259 743 3311 dici
781 3256 849 3304 set.»
878 3254 1083 3304 martaniam
1100 3267 1182 3306 causa
1200 3267 1306 3308 mamo-

217 3345 341 3382 arcasrcre
357 3345 411 3383 raa
428 3335 501 3397 patet
518 3347 552 3384 ax
569 3335 624 3385 cio.
638 3333 674 3384 ad
689 3336 742 3385 444,
781 3328 864 3380 rande
888 3328 994 3380 videtur
1023 3329 1104 3381 etiam
1134 3331 1304 3394 coniectura,

219 3407 262 3467 44,
276 3408 320 3468 44,
334 3406 363 3458 t:
382 3408 537 3460 amttam
549 3409 676 3460 mmm.
695 3409 743 3461 4444
781 3417 862 3468 quam
879 3415 941 3456 cum
953 3402 1009 3455 aliis
1020 3417 1107 3468 aeque
1124 3406 1224 3458 festivis
1241 3419 1306 3472 pro-

217 3480 395 3546 explicantes:
426 3495 554 3534 «arcesse
572 3496 616 3534 me
638 3483 671 3534 ad
695 3487 742 3534 te»
781 3478 840 3531 tulit
856 3477 1071 3531 Graavillel’enn
1083 3481 1310 3546 (limuucttcascl

218 3557 260 3618 (rc
282 3557 355 3607 tude
376 3556 458 3607 mici
479 3558 547 3608 voss
569 3561 597 3608 et
619 3559 743 3621 Passuri.)
780 3556 819 3606 tic
841 3555 921 3617 ncnc
943 3555 1041 3617 sociam
1063 3557 1093 3620 os
1112 3558 1262 3608 literature.
1283 3557 1303 3608 1.

217 3630 290 3681 obliti
313 3634 388 3691 sunt,
419 3634 577 3696 apparatum
603 3633 656 3684 iarn
682 3645 743 3684 esse
781 3629 854 3681 4843.
872 3643 900 3692 p.
923 3629 1005 3693 446.);
1030 3631 1070 3682 oct
1085 3631 1113 3680 tc
1127 3643 1194 3693 paru
1209 3631 1257 3695 scr.
1276 3657 1304 3668 -

217 3706 368 3757 convivium
385 3705 456 3770 apud
474 3707 625 3766 Horatium,
648 3709 744 3758 invita-
779 3704 979 3768 rptcnddsocre]
997 3706 1078 3755 Lares
1096 3703 1139 3754 tali
1156 3704 1199 3756 die
1217 3706 1306 3768 terge-

217 3782 259 3832 ios
276 3793 327 3830 aaa
346 3793 409 3832 curn
429 3783 561 3845 Torquato
579 3784 684 3832 ceteros
701 3795 744 3832 so·
780 3777 878 3828 bantur
895 3791 971 3839 cera,
995 3777 1074 3842 latigo
1092 3777 1143 3828 loci
1160 3778 1306 3830 amoveba-

217 3852 305 3916 dales‚
323 3859 405 3919 atque
416 3856 524 3906 omnino
539 3853 705 3914 fastidiosum
717 3858 744 3906 et
780 3856 833 3905 tur.
852 3881 879 3890 -
898 3853 950 3917 tibi]
969 3854 1011 3903 «iu
1029 3853 1159 3904 bonorem
1177 3856 1279 3905 taum.»

217 3929 350 3992 amesbm
375 3929 492 3980 futurum
517 3929 598 3981 tuisse
623 3931 744 3994 torqua—
812 3928 885 3978 8-ttt.
903 3929 974 3978 444444
991 3927 1054 3992 cet]
1073 3929 1198 3980 «omissis
1217 3931 1305 3981 omui-

217 4004 287 4064 tum,
313 4004 335 4054 si
362 4002 548 4056 tantummodo
570 4006 681 4069 propter
702 4005 743 4054 vi-
780 4001 832 4054 bus
849 4004 935 4064 curis,
957 4016 1027 4067 quae
1043 4001 1130 4054 solent
1146 4004 1246 4066 agitare
1265 4005 1306 4056 vi-

216 4089 281 4126 num
298 4076 409 4129 Falerno
425 4079 514 4130 minus
526 4090 687 4142 generosum
698 4091 743 4130 ve-
780 4081 835 4128 tarn
852 4078 996 4129 humanam
1014 4079 1083 4128 inter
1097 4077 1230 4130 honorum
1241 4092 1305 4144 spes

217 4150 272 4201 nire
285 4151 426 4215 noluisset,
445 4155 576 4217 cumipse
589 4152 669 4204 bomo
679 4167 743 4220 opu·
780 4152 939 4217 plerumque
957 4151 1065 4203 fallaces
1077 4155 1105 4203 et
1121 4153 1239 4205 studium
1251 4156 1306 4218 opi·

216 4223 303 4278 lentus
323 4225 424 4290 aliquot
447 4226 547 4279 Falerni
571 4228 654 4278 cados
671 4227 743 4280 vetut
779 4227 831 4278 bus
848 4225 913 4276 alios
930 4225 1088 4291 superandi,
1113 4229 1196 4279 Genio
1218 4228 1306 4280 indul-

215 4299 251 4350 ad
267 4299 422 4364 symbolam
439 4303 546 4354 mittere
557 4303 697 4368 potuisset.
713 4331 739 4340 -
779 4313 917 4365 scamus.»
955 4302 1015 4366 ipse
1038 4315 1054 4352 a
1077 4300 1173 4354 tatibus
1196 4315 1307 4368 semper
