3022 4984
579 460 801 512 rnsrouncn.
1175 455 1230 522 764

193 613 292 682 Filius
313 614 433 684 Albini:
463 615 496 684 Si
519 613 561 682 da
582 615 765 704 quincunce
787 623 910 684 remota
932 625 982 684 sat

192 735 306 808 Uncia‚
331 735 409 822 quid
431 736 588 822 superat?
631 737 764 804 Poteras
786 735 917 802 dixisse.
961 737 1081 805 Trione.
1125 739 1186 806 Eu!

191 857 270 923 liam
292 857 414 944 poteris
436 874 569 924 servare
591 867 687 924 tuam.
732 856 826 924 Redit
846 858 957 936 nucia,
981 859 1060 947 quid
1081 859 1140 928 fit?

194 977 308 1089 Samis.
351 980 390 1044 At
411 976 492 1045 hauc
513 977 638 1046 animos
660 999 782 1066 aerugo
804 988 837 1046 et
857 999 936 1046 cura
957 980 1064 1068 peculi
1172 983 1235 1050 330

182 1136 249 1188 icius
266 1139 293 1187 at
308 1139 342 1188 ii.
364 1165 391 1173 —
409 1138 511 1187 moros
526 1135 602 1188 B'iod
619 1139 647 1188 et
663 1149 757 1189 omnes
773 1139 902 1200 Pottierii,
921 1140 1007 1192 ncta:
1033 1141 1134 1192 Poterat
1150 1141 1201 1203 bS,

183 1225 245 1263 cum
262 1213 381 1276 quinqua
392 1213 448 1262 auis
460 1210 594 1264 Bentleius
606 1215 633 1263 ct
647 1213 696 1272 4444,
710 1205 834 1276 pr'oporoi
850 1214 1032 1266 Schneidewin
1048 1213 1140 1268 Phiiol.
1158 1217 1201 1266 444.

182 1299 209 1350 p.
223 1286 271 1336 5³9
283 1299 324 1350 sq.
341 1313 368 1324 -
382 1286 482 1348 dimna,
498 1285 599 1336 Tricas?
610 1285 727 1336 distinxit
737 1287 881 1350 Bentleius,
893 1289 999 1339 mose:
1011 1289 1096 1340 tricos.
1109 1289 1157 1341 MJ.
1173 1318 1201 1326 -

181 1360 222 1410 Eu
232 1357 321 1410 harad.
334 1386 362 1396 -
373 1358 430 1410 329.
441 1360 615 1410 inundando
625 1361 685 1423 quid
696 1367 730 1412 art
740 1362 769 1412 Β.
782 1391 811 1400 -
821 1363 878 1413 330.
890 1363 922 1412 Aa
933 1363 1032 1424 osmi:
1050 1363 1126 1425 AoB,
1140 1376 1203 1414 cum

183 1434 266 1486 trihus
284 1435 469 1485 vetustissimis
486 1435 628 1488 Blandiniie
646 1439 674 1487 et
690 1437 770 1487 Statio
788 1436 921 1489 Bentleiuu
933 1439 1008 1500 etii,
1026 1439 1065 1488 Ad
1082 1438 1146 1500 Tcd,
1159 1440 1199 1489 Ct.

150 1579 185 1616 uo
203 1566 339 1618 Horatium
355 1563 428 1628 ioqui
439 1568 517 1629 putas
528 1565 562 1616 do
578 1577 675 1617 usura-
711 1578 762 1618 nus
786 1567 890 1618 urbano
914 1579 999 1632 puero
1016 1568 1084 1619 haec
1101 1567 1233 1618 tribuunt:

150 1653 211 1690 rum
228 1641 442 1704 computatione,
469 1640 518 1691 sed
534 1653 622 1704 usquo
639 1641 675 1691 ad
712 1641 801 1700 «Quin
818 1643 847 1692 tu
864 1642 935 1706 ipse,
962 1643 1103 1706 magister,
1130 1642 1236 1694 dixisti?

150 1727 176 1764 v.
190 1713 246 1764 ³30.
271 1712 399 1778 simplicia
425 1714 580 1776 additionis,
607 1715 675 1766 sub-
711 1715 794 1765 Nimis
811 1715 882 1766 enim
900 1715 983 1766 facilis
1000 1717 1049 1768 ista
1066 1717 1235 1780 iuterrogatio

152 1789 299 1851 tractionis,
318 1788 454 1840 divisionis
471 1788 593 1854 axempin
611 1803 675 1854 pro-
711 1790 782 1838 ost.»
807 1787 855 1840 Alii
875 1793 976 1852 poenas
996 1789 1114 1854 legantes
1133 1790 1236 1853 (iugra-

151 1864 233 1927 ponit.
254 1891 281 1899 -
300 1865 377 1913 Dicat
393 1864 455 1928 cot]
476 1865 505 1914 ln
521 1862 614 1914 ludum
631 1862 674 1914 iit-
711 1862 812 1912 tissimo
829 1863 940 1926 quidem
956 1877 1023 1916 sono
1039 1867 1102 1929 post
1116 1878 1142 1914 v.
1161 1877 1236 1927 ωρο-

151 1939 278 1988 teretium
301 1948 351 1988 uos
373 1935 482 1988 deducit
506 1939 601 2002 poeta,
628 1936 675 1988 ubi
710 1937 765 2000 rat)
791 1936 898 1987 Horatio
915 1925 1049 2002 tibuunt,
1072 1938 1120 1989 sed
1138 1937 1236 2002 partim

150 2011 323 2062 ratiocinandi
341 2013 428 2062 artam
444 2025 493 2076 pro
509 2014 584 2076 possi
596 2012 676 2064 docet
711 2023 774 2062 cum
801 2010 920 2062 Bentleio
952 2025 1002 2077 pro
1030 2015 1235 2077 interrogatione

151 2087 286 2150 magister.
301 2087 427 2136 Ceterum
440 2086 610 2150 quomodoin
623 2089 673 2138 ter
712 2085 824 2146 habent,
843 2089 874 2135 ut
889 2087 936 2136 sit:
957 2089 1065 2138 «Nonne
1081 2087 1150 2138 iiiico
1167 2100 1236 2152 puar

151 2161 185 2210 tia
197 2171 312 2224 persona
323 2159 460 2211 offendere
471 2163 588 2225 pomarii
598 2163 676 2212 Baut-
712 2159 899 2223 respondabit:
918 2161 1023 2214 Trione:
1045 2190 1072 2200 -
1085 2165 1120 2212 ‘i-
1137 2163 1235 2226 partim

151 2233 229 2294 isius,
247 2245 300 2284 uon
317 2233 405 2284 video.
424 2236 516 2286 Nonne
529 2237 600 2288 anim
611 2249 676 2300 pro-
712 2245 774 2284 cum
791 2235 884 2284 Bothio
902 2237 930 2285 et
946 2237 1076 2288 Moiuekio
1095 2250 1144 2300 pro
1161 2236 1236 2288 aidr-

150 2306 239 2360 babiie
264 2310 306 2358 ost
326 2311 518 2373 praeceptores
540 2311 674 2362 interdum
712 2308 841 2358 mationa:
869 2309 961 2360 uflaud
982 2310 1063 2362 dubie
1083 2311 1172 2361 statim
1189 2321 1236 2360 re-

151 2385 202 2434 hac
213 2384 248 2434 ita
261 2395 324 2434 uaos
335 2395 407 2445 essa,
425 2385 455 2434 ut
471 2383 557 2436 soient
574 2385 674 2436 nostrii
711 2382 866 2446 spondebit:
885 2384 1003 2436 Trieus.»
1029 2387 1128 2436 Neutra
1144 2388 1235 2436 tamen

151 2460 237 2521 arque
263 2457 302 2507 sic
328 2459 370 2508 esi
394 2459 441 2508 Od.
457 2461 486 2519 t,
507 2459 553 2522 27,
574 2461 614 2510 44).
639 2461 674 2510 da
712 2457 779 2506 ratio
796 2457 830 2508 ad
847 2469 940 2508 voram
952 2457 1021 2509 iiiam
1032 2472 1065 2510 ac
1076 2458 1234 2520 naturalem,

150 2531 258 2582 nomina
273 2534 433 2594 praesento:
459 2535 536 2584 dicat
552 2533 676 2596 onuodm
712 2543 794 2594 quam
819 2545 868 2582 noa
892 2533 1043 2596 sequimur,
1070 2533 1183 2584 accedit.
1204 2533 1234 2572 ’-

153 2607 241 2656 motor
256 2605 382 2669 Manilius.
404 2634 431 2642 —
449 2605 539 2672 Albani]
560 2619 674 2658 «nomen
714 2606 810 2669 Tuan]
837 2609 913 2656 tertia
940 2619 1003 2670 para
1024 2609 1103 2668 assis,
1130 2607 1157 2657 id
1179 2609 1234 2667 est,

151 2680 308 2732 tanaratoris
336 2679 409 2730 avari
442 2681 539 2742 (Coun.
564 2681 674 2742 cauni,
713 2681 839 2742 quaturor
854 2681 958 2730 unciae.
976 2705 1003 2716 -
1021 2682 1109 2742 Radit]
1127 2683 1236 2732 «coutm

151 2755 227 2806 cuiue
243 2766 308 2804 sano
325 2753 393 2804 iiiiua
407 2756 524 2806 maximo
535 2758 612 2820 aptus
623 2756 675 2814 eet,
713 2753 735 2803 si
753 2752 787 2802 ud
810 2753 988 2816 quincuncem
1012 2753 1119 2804 additur
1143 2755 1234 2813 uncia,

152 2830 197 2894 qui
214 2843 229 2880 a
246 2829 374 2891 magistro
391 2829 678 2880 derenummariain-
714 2826 744 2876 iit
758 2827 855 2886 semis,
882 2827 990 2876 dimidia
1013 2840 1077 2891 pars
1094 2829 1162 2879 assia
1179 2829 1236 2880 siva

152 2904 509 2968 termgetur.»D1uuraa.-
525 2903 676 2966 nummos]
714 2913 761 2952 sax
782 2901 903 2952 unciae.»
936 2902 1008 2952 noea
1032 2903 1122 2952 autem
1145 2902 1235 2952 dicere

152 2977 205 3030 Cir.
222 2979 250 3028 L.
264 2977 386 3029 Volusius
403 2979 555 3030 Maecianus
574 2980 602 3030 ct
620 2977 678 3030 Bal·
713 2976 831 3039 potarat,
850 2976 912 3038 quia
923 2975 1041 3040 singulae
1053 2977 1149 3028 unciae
1161 2977 1236 3041 prius

153 3053 205 3103 bus
221 3053 256 3104 da
273 3065 335 3104 asso
356 3053 400 3103 ed.
418 3053 542 3116 Bouking.
569 3055 676 3104 Bonuaa
714 3052 808 3110 totum,
821 3050 908 3112 idest,
921 3063 1019 3113 asum,
1034 3053 1234 3112 constituentes,

154 3127 227 3178 4834.
239 3128 316 3190 inp.
332 3127 374 3177 ⁴3:
393 3127 577 3190 dicicioaoiidi,
595 3129 676 3189 idest,
714 3126 748 3176 ab
766 3138 799 3176 eo
821 3127 974 3190 sapmatae,
1000 3127 1047 3178 ubi
1072 3127 1129 3179 aliis
1151 3129 1236 3180 unciis

152 3199 245 3262 tiores,
273 3202 340 3262 quod
364 3213 396 3250 os
417 3207 539 3252 vocator:
552 3202 678 3251 --aocio
714 3199 861 3261 adduntur,
887 3200 922 3250 ad
944 3199 1017 3252 iilum
1038 3203 1139 3253 eandm
1163 3201 1237 3254 velut

154 3274 330 3338 (duodecima
347 3277 440 3340 pars),
466 3281 581 3338 mimia,
609 3289 675 3337 uco-
713 3273 873 3338 postliminio
896 3276 979 3327 radin
1002 3275 1134 3326 videntur.
1154 3303 1181 3314 -
1205 3277 1237 3328 Aa

152 3349 243 3411 ὀνωιι,
277 3349 368 3411 otas,
402 3352 542 3412 mcum,
571 3351 678 3402 amicata
714 3350 780 3414 cot]
805 3351 847 3400 Sic
868 3353 941 3402 recte
964 3354 1081 3416 erumpit
1101 3351 1236 3404 liberrima

154 3425 232 3486 (siva,
250 3426 280 3474 ut
292 3425 346 3486 iric,
365 3425 458 3490 annu),
475 3430 592 3488 reomao,
604 3427 678 3476 omia
713 3425 864 3488 indignatio.
882 3425 921 3476 Aa
937 3425 1082 3478 dubitantis
1093 3431 1174 3488 esset,
1187 3427 1236 3478 sod

153 3498 182 3562 (ι.
196 3497 505 3563 nortmannicarum
517 3499 547 3565 (a.
557 3499 676 3564 manu),
714 3500 772 3551 sino
800 3511 895 3553 cauam
925 3501 970 3563 qui
998 3503 1088 3552 autem
1116 3504 1151 3551 od
1177 3502 1237 3550 tuac

152 3573 245 3622 muno.
261 3599 288 3608 -
308 3574 369 3634 qaid
385 3574 516 3636 mparutil
535 3575 677 3624 Saueora-
715 3575 889 3637 scripserunt,
918 3575 968 3625 rati
992 3578 1055 3628 sunt
1080 3576 1177 3626 eadem
1204 3573 1236 3624 li-

154 3647 190 3696 tio
206 3648 280 3696 rocta
297 3647 430 3698 efficacior
447 3651 488 3700 est
510 3659 591 3712 quam
612 3661 678 3699 con·
714 3649 801 3699 centia
831 3649 875 3700 hic
902 3661 982 3700 usum
1010 3663 1071 3702 osee
1099 3651 1237 3701 Horatium

155 3722 286 3772 inactivus
302 3728 412 3784 morat,
433 3724 509 3774 cuius
525 3725 618 3787 axiguu
636 3725 678 3774 est
714 3725 795 3787 atquo
813 3724 868 3774 Cic.
881 3736 931 3787 pro
942 3723 1031 3785 iiiii,
1045 3725 1090 3775 td:
1110 3727 1144 3774 od
1160 3737 1237 3787 φιαιιι

155 3808 170 3844 a
192 3795 335 3846 codicibus
352 3799 503 3848 auctoritas.
529 3823 558 3834 --
576 3800 678 3848 Poma
714 3797 812 3862 (boon)
828 3811 879 3846 ooo
895 3799 971 3859 docti,
989 3801 1032 3850 aad
1046 3799 1121 3862 sacti,
1138 3801 1238 3848 oonia-

153 3868 261 3933 diniaao]
280 3868 367 3919 Verba
385 3871 453 3920 haec
469 3874 532 3922 suut
548 3873 675 3934 magistri,
714 3873 805 3933 ditati,
824 3871 1082 3932 redicimationem
1106 3885 1175 3936 quas
1196 3875 1237 3922 ta-

154 3943 313 4008 disoipulum
339 3957 392 3996 nou
418 3948 473 3996 tam
497 3946 675 4010 corripientia,
715 3959 778 3996 mon
795 3947 862 3996 ratio
879 3947 921 3997 hic
932 3945 1078 3997 admodum
1089 3946 1235 4010 languerat,

153 4019 227 4083 quod
238 4018 583 4084 tardiusculeraspoudeat,
596 4031 677 4084 quam
716 4023 904 4084 praeterquam
922 4021 994 4085 quod
1016 4035 1041 4070 v.
1062 4023 1123 4072 aaa
1140 4033 1236 4072 uoces·

154 4107 216 4144 cum
225 4093 278 4145 loni
288 4095 370 4146 ironia
382 4095 532 4155 excitantis,
547 4107 609 4145 cunr
621 4107 679 4144 oar-
715 4095 785 4145 sario
797 4095 959 4158 iungendum
971 4097 1013 4146 est
1021 4107 1082 4146 cum
1094 4109 1118 4145 v.
1130 4109 1234 4159 mou.

154 4172 198 4220 tus
215 4170 250 4220 sit
261 4170 388 4234 magister
398 4181 511 4233 puerum
524 4167 592 4219 iiiico
603 4171 677 4220 recte
718 4193 744 4206 -
770 4170 882 4233 dommo]
910 4170 1045 4231 «avaritie,
1073 4182 1142 4233 quae
1167 4170 1237 4220 rodit

155 4256 427 4308 asseresponsurum.
441 4245 512 4294 Bone
524 4244 678 4294 Vosschr
715 4244 818 4295 animos
835 4247 916 4306 atque
933 4246 1070 4304 extenuat,
1089 4247 1119 4294 ut
1137 4257 1235 4308 aerugo

154 4320 281 4370 toruus!
308 4320 355 4368 Dc
369 4319 474 4370 weitai
490 4321 532 4368 oa!
558 4317 605 4369 iiii
627 4320 677 4369 nri·
715 4331 787 4370 aas.»
805 4316 861 4369 alia
870 4318 1025 4384 metaphora
1037 4321 1090 4369 sat.
1105 4320 1128 4378 i,
1142 4318 1233 4377 4,404.
