3130 4966
289 423 332 487 io
669 420 999 500 uomrnsnnnanuu

289 583 393 669 Atque
417 589 526 647 aestus
548 597 709 667 curasque
732 598 847 666 graves
871 599 889 644 e
912 585 1044 665 pectore
1067 577 1170 664 pelli?
1316 576 1377 641 440

288 705 417 781 Nonne,
442 701 648 789 cupidinibus
671 709 788 767 statuat
810 709 924 767 natura
946 699 1079 765 modum
1101 719 1213 786 quem,

288 803 374 906 Quid
397 824 500 890 latura
521 823 582 889 sibi
606 822 685 910 quid
708 823 748 890 sit
769 821 908 888 dolitura
930 831 1096 908 negatum,

288 947 455 1027 Quaerere
477 945 550 1035 plus
572 945 705 1034 prodest
727 953 759 1010 et
781 944 875 1010 inane
898 942 1090 1011 abscindere
1113 940 1228 1010 solda?

288 1070 386 1146 Num,
411 1068 466 1136 tibi
489 1089 563 1136 cum
585 1069 695 1135 fauces
718 1067 781 1131 urit
803 1067 885 1144 sitis,
911 1085 1011 1132 aurea
1032 1066 1165 1153 quaeris

357 1296 414 1345 440.
441 1296 528 1358 pravis
549 1307 572 1344 c.
594 1321 620 1330 -
640 1294 661 1357 a]
685 1293 757 1343 ded.
779 1315 806 1328 —
822 1293 883 1355 petii
906 1306 968 1344 cum
991 1294 1089 1350 nestris
1112 1292 1191 1343 codd.
1210 1291 1249 1354 βιι
1267 1305 1345 1344 «cum

321 1369 408 1420 aliisn:
428 1369 480 1418 tolli
492 1369 627 1419 «omnium
638 1369 798 1418 veterrimus
809 1365 992 1428 blandinium,
1011 1363 1073 1430 λξι,
1093 1381 1133 1432 pr.
1148 1383 1176 1429 v,
1191 1368 1210 1419 C
1223 1369 1250 1418 et
1261 1369 1343 1417 Bent-

321 1444 402 1504 leius,
421 1444 476 1493 vetti
493 1459 525 1504 φ.
541 1472 568 1479 -
588 1444 645 1494 444.
664 1443 752 1492 statuit
768 1441 874 1506 dp,LtF.
905 1442 944 1504 (Ut
961 1455 1023 1502 nos,
1042 1441 1246 1504 emnesnostri,
1266 1454 1343 1504 prae·

320 1521 362 1567 ter
379 1517 424 1582 dp,
444 1520 471 1568 et
488 1519 618 1580 Pettierii,
636 1511 738 1582 βμξω.)
759 1544 786 1553 -
807 1516 863 1566 tlt.
883 1516 948 1578 Quid
964 1517 1051 1567 latare
1067 1516 1127 1578 sibi,
1151 1517 1213 1578 qaid
1234 1517 1292 1567 LtF.
1314 1543 1341 1552 -

320 1593 377 1644 443.
396 1593 522 1644 abscidere
539 1594 565 1642 F.

283 1764 360 1828 positi
376 1787 391 1798 -
407 1789 422 1800 -
437 1761 536 1814 Bacchi.
572 1764 659 1814 Tertia
671 1765 713 1814 est
729 1763 812 1814 inter·
850 1762 1028 1825 distinguere,
1052 1762 1121 1812 banc
1138 1760 1289 1825 praeferre,
1313 1758 1377 1811 illud

286 1839 400 1902 prelatio
417 1839 460 1887 vix
477 1839 583 1888 Latina:
611 1839 653 1888 «in
671 1837 750 1888 cubili
772 1839 812 1888 ia·
849 1850 978 1901 spernere
996 1839 1076 1901 atque
1094 1835 1239 1886 abiicere.»
1255 1863 1282 1873 -
1299 1835 1376 1901 solda]

287 1913 423 1973 centem»,
447 1913 521 1962 sitzt
541 1925 573 1962 er
594 1925 624 1963 so
646 1914 693 1962 da.
728 1914 811 1976 iunge
849 1913 878 1960 ut
894 1913 947 1960 Sat.
960 1911 990 1972 Ξ,
1010 1913 1040 1971 5,
1059 1911 1104 1971 653
1128 1911 1194 1960 item
1211 1909 1308 1960 caldior
1324 1922 1374 1975 pro

287 1989 391 2038 autem:
420 1987 531 2036 «cantat
554 1987 746 2048 (matronarum
767 2000 812 2038 se·
849 1985 955 2034 calidior
979 1986 1032 2034 Sat.
1053 1986 1081 2046 4,
1108 1984 1139 2046 3,
1166 1984 1206 2034 53.
1230 2007 1258 2019 -
1282 1984 1373 2033 Totius

289 2061 403 2121 ctator),
430 2061 493 2110 citat
518 2060 677 2110 cantilenam
700 2060 812 2126 popula·
849 2057 900 2109 loci
926 2060 1054 2110 sententia
1081 2060 1149 2109 baec
1176 2058 1229 2108 est:
1262 2055 1375 2108 «solitae

289 2148 363 2196 rem,
389 2137 415 2184 iu
441 2148 494 2198 qun
520 2137 575 2195 est,
602 2136 737 2200 quomodo
763 2151 813 2187 ve-
848 2131 907 2182 illae
925 2145 1023 2195 nugae,
1047 2131 1144 2195 quibus
1161 2130 1235 2181 velut
1255 2133 1377 2182 cantiun-

288 2211 366 2259 nator
374 2211 493 2260 sectetur
504 2208 637 2273 leporem;
651 2211 694 2259 eui
706 2211 812 2274 imagini
850 2205 916 2257 culis
933 2219 963 2256 se
981 2205 1117 2257 oblectare
1135 2219 1168 2257 ac
1185 2205 1310 2270 decipere
1329 2220 1377 2257 eo-

288 2284 392 2345 uppontt
410 2283 466 2346 (od.
485 2285 517 2345 t,
541 2285 569 2342 5,
596 2285 656 2346 ta),
680 2284 811 2348 adiungit:
850 2287 946 2334 nentur
962 2285 1110 2342 amatores,
1137 2295 1167 2332 re
1190 2295 1255 2332 vera
1279 2283 1314 2334 ad
1331 2295 1376 2334 re-

287 2361 359 2408 Meus
374 2363 410 2408 est
426 2371 500 2407 amor
516 2361 584 2408 eet.»
614 2358 686 2420 Virg.
707 2358 760 2409 Ecl.
780 2361 810 2418 6,
849 2362 921 2409 ctam
932 2357 1094 2421 beatamque
1106 2359 1187 2408 vitam
1199 2357 1260 2408 nihil
1273 2359 1373 2416 iuvant

288 2433 333 2482 3⁴:
353 2434 468 2494 Namque
478 2433 594 2493 canebat,
612 2433 675 2482 ati·
686 2460 700 2470 -
711 2435 813 2497 ficissent
850 2435 932 2486 satius
950 2436 991 2484 est
1010 2432 1131 2497 prolecto
1149 2434 1231 2483 animi
1249 2433 1378 2496 cupidita-

288 2509 339 2557 cet.
360 2533 389 2545 -
405 2508 474 2570 petii]
496 2508 569 2557 Hanc
589 2506 732 2558 lectionem
750 2521 813 2560 cum
851 2511 891 2560 tes
903 2510 974 2572 ipsas
987 2506 1079 2558 tollere
1091 2509 1227 2558 Somatiets
1243 2505 1292 2557 illis
1303 2507 1378 2556 eber·

290 2584 357 2634 meis
369 2583 453 2634 Codd.
467 2585 570 2634 servavi
589 2582 646 2634 coll.
674 2584 721 2634 Od.
737 2586 764 2647 4,
783 2587 812 2647 7,
850 2584 893 2645 tls,
913 2597 981 2646 quae
1000 2583 1121 2644 modum,
1139 2595 1223 2645 quem
1240 2583 1297 2645 ipsa
1320 2583 1377 2632 sta-

288 2657 315 2707 34
329 2670 335 2706 :
353 2671 420 2707 nunc
429 2659 488 2707 sino
501 2659 586 2720 pellite
595 2671 684 2717 caram
704 2672 735 2707 uc
747 2672 811 2709 sane
850 2658 900 2707 tuit
910 2659 1019 2719 natura,
1038 2655 1115 2707 nobis
1128 2656 1277 2706 monstrant
1288 2655 1315 2705 at
1327 2669 1376 2706 ve-

284 2737 386 2793 pectore
406 2733 466 2794 pelli
483 2730 631 2783 allitteratio
653 2735 694 2783 est
715 2733 812 2785 Latinis
850 2745 910 2781 rum
928 2731 1089 2794 distinguere
1102 2744 1117 2779 a
1130 2729 1195 2781 falso
1213 2729 1319 2780 docent.
1345 2731 1377 2782 Ut

288 2805 397 2858 auribus
415 2808 571 2870 gratissima.
850 2808 940 2856 euwm
958 2807 1052 2855 natura
1069 2806 1125 2870 ipsa
1138 2818 1171 2856 ee
1186 2805 1318 2865 ducimur,
1336 2806 1375 2866 ut,

850 2893 913 2930 cum
938 2880 994 2930 sitis
1020 2879 1159 2942 famesque
1185 2892 1234 2930 uos
1259 2879 1374 2939 cruciet,

321 2957 442 3007 444-449.
460 2959 811 3021 modaatqaen]qaemesse
849 2955 944 3020 paratu
972 2952 1100 3004 facillimis
1129 2953 1280 3016 quibusque
1309 2967 1377 3004 cou-

287 3043 364 3094 pron.
391 3032 544 3096 interrogat.
570 3033 672 3097 primus
698 3033 813 3084 demon·
850 3029 915 3080 tenti
932 3029 1028 3088 simus,
1047 3029 1084 3077 ita
1101 3028 1181 3078 etium
1198 3027 1225 3077 in
1237 3026 1320 3078 rebus
1331 3039 1376 3078 ve·

287 3105 380 3155 stravit
394 3107 519 3170 Bentley,
538 3121 600 3158 cum
611 3105 688 3172 volgo
701 3108 813 3160 ederent
849 3105 939 3155 nereis
956 3103 1120 3154 versandum
1138 3105 1192 3161 cstt
1219 3115 1268 3152 cur
1289 3102 1373 3162 enlm,

286 3180 373 3230 statutt
389 3187 485 3231 natura
500 3183 623 3233 neodem?
640 3196 714 3244 quem
726 3183 809 3248 (pron.
850 3193 912 3229 cum
934 3177 1028 3228 ancilla
1049 3176 1092 3227 vel
1118 3175 1246 3240 puerulus
1267 3178 1375 3242 praesto

286 3253 372 3319 relat.)
391 3258 499 3307 uNonne
517 3259 600 3308 setius
612 3260 654 3308 est
668 3271 810 3320 quaerere,
850 3257 903 3315 est,
917 3253 998 3304 salaci
1009 3253 1143 3315 prurigine
1156 3252 1201 3301 diu
1213 3265 1262 3303 nos
1275 3253 1376 3302 crucia-

286 3342 368 3392 quem
385 3330 574 3394 cupiditatibus
592 3331 703 3381 modum
718 3333 811 3380 natura
849 3330 973 3378 remus‘n
995 3339 1065 3388 quae
1083 3326 1131 3375 tuit
1143 3328 1274 3376 sententia
1294 3327 1374 3377 etiam

287 3404 420 3461 statuerit,
448 3403 513 3466 quid
535 3403 649 3454 tolerare
666 3405 762 3466 possit,
789 3405 811 3454 si
849 3402 964 3451 Socratis
982 3400 1054 3464 apud
1072 3400 1193 3464 Xenopb.
1213 3403 1292 3452 illem.
1308 3401 1373 3462 4,3,

286 3477 448 3539 denegetur,
467 3477 532 3540 quid
549 3478 713 3541 denegatum
730 3479 812 3529 susti·
850 3473 895 3524 ii:
923 3469 1004 3525 Οὕτω
1026 3472 1063 3540 δὴ
1085 3475 1135 3525 καὶ
1158 3468 1375 3546 ἀφροδισιάζειν

286 3565 351 3601 nere
372 3564 426 3602 nou
447 3553 543 3617 possit,
571 3565 653 3616 quam
675 3553 763 3602 nimiis
785 3556 813 3604 et
848 3544 918 3612 τοὺς
938 3545 982 3615 μὴ
1002 3543 1144 3612 ἀσφαλῶς
1164 3543 1287 3612 ἔχοντας
1303 3545 1375 3621 πρὸς

285 3625 421 3676 inutilibus
438 3625 625 3690 cupiditatibus
643 3624 810 3678 sollicitarit»
848 3618 1008 3694 ἀφροδίσια
1019 3617 1092 3692 ᾤετο
1109 3621 1214 3695 χρῆναι
1232 3623 1304 3696 πρὸς
1315 3639 1375 3675 τοι·

286 3703 371 3750 Coinr.
390 3702 469 3759 Gneo.
497 3701 811 3752 Siciudirectainterro-
848 3696 935 3762 arira,
954 3693 1004 3749 ola
1018 3695 1062 3765 μὴ
1075 3696 1151 3750 πάνυ
1167 3699 1222 3764 μὲν
1233 3699 1373 3764 δεομένου

285 3776 389 3838 gatioue
409 3789 456 3824 cur
478 3776 504 3825 iu
522 3788 617 3826 versus
635 3777 687 3827 tine
704 3776 812 3840 ponitur
848 3771 901 3825 τοῦ
918 3770 1054 3840 σώματος
1071 3770 1126 3825 οὐκ
1137 3769 1206 3824 eva
1224 3771 1375 3838 οσδέξαιτο

284 3850 337 3899 Sal.
351 3849 380 3908 2,
400 3849 428 3910 3,
449 3850 504 3899 tei.
523 3851 552 3910 2,
571 3851 600 3912 7,
620 3849 676 3901 tot.
695 3878 723 3887 -
736 3851 811 3902 iaaac
849 3844 973 3916 ἡψυχή,
986 3848 1125 3916 δεομένου
1138 3848 1169 3900 δὲ
1183 3865 1238 3900 oux
1252 3843 1290 3899 ἂν
1306 3845 1376 3921 πρά·

283 3923 427 3974 ubscindere
448 3924 525 3988 selda]
549 3924 665 3974 «inutilia
688 3937 720 3975 ac
743 3938 809 3975 vana
847 3940 944 3990 γματα
956 3927 1087 3996 παρέχοι.
1113 3925 1187 3977 Ceut.
1204 3925 1375 3976 omuinose-

284 3998 319 4048 ab
331 3995 439 4048 utilibus
448 3999 475 4047 et
486 3999 644 4050 necessariis
653 3999 809 4063 praecidere
848 4015 931 4053 nacae
949 4003 1030 4068 Epist.
1045 4004 1100 4053 449.
1117 4030 1145 4040 -
1158 4003 1375 4053 Ριυοιιοιιινὴοιιι-

284 4074 310 4123 et
332 4085 489 4136 separare.»
524 4075 608 4126 Cerri.
631 4075 721 4135 Cnu0.;
745 4087 810 4139 pro-
847 4076 961 4142 tuasque]
984 4075 1059 4128 cibos
1083 4078 1168 4142 pretio
1192 4077 1276 4141 magis
1293 4077 1374 4127 etiam

283 4149 340 4214 prie
366 4149 420 4210 uid,
447 4149 519 4212 quod
545 4151 618 4201 omni
644 4152 718 4200 caret
742 4163 808 4201 vero
847 4163 928 4215 quam
941 4152 1178 4215 saporeinsignes,
1197 4163 1374 4215 quorumcu-

282 4223 377 4286 pretio,
397 4237 412 4272 a
430 4222 513 4274 solida
530 4225 602 4276 sorte
621 4224 753 4290 (Kapitut),
773 4225 807 4276 ab
846 4225 924 4291 pidos
950 4225 1056 4276 deridet
1080 4227 1132 4276 Sat.
1152 4225 1183 4286 Ξ,
1206 4226 1236 4286 2,
1260 4225 1292 4275 23
1310 4237 1370 4288 sqq.

283 4296 355 4348 baud
368 4299 460 4362 exigua
473 4301 601 4363 pecuniae
614 4313 729 4363 summe,
742 4301 808 4353 scite
846 4299 878 4352 48
903 4313 962 4364 sqq.
991 4329 1017 4338 —
1040 4299 1133 4364 rumpi]
1160 4299 1194 4350 de
1220 4297 1317 4350 eadem
1343 4311 1372 4348 re
