3090 4974
566 479 627 530 ARS
643 477 789 532 hostica.
1162 479 1224 544 739

175 632 344 722 Sortilegis
367 655 430 701 nou
453 634 631 723 discrepuit
652 637 810 703 sententia
833 636 974 726 Delphis.

177 755 326 822 Carmine
348 755 404 844 qui
428 756 550 845 tragico
573 755 670 824 vilem
692 758 827 826 certavit
848 758 891 826 ob
913 757 1050 838 hircum,
1160 760 1223 826 220

175 877 249 943 lilox
271 879 368 944 etiam
389 887 534 966 agrestes
557 879 692 968 Satyros
713 879 848 947 nudavit
868 890 902 946 et
922 900 1020 968 asper

133 1205 220 1258 inians
244 1205 351 1258 lascivia
376 1206 534 1260 hilaritatem
562 1209 660 1259 exeita-
697 1206 780 1274 song).
807 1209 846 1258 De
859 1208 1011 1272 tragoediae
1029 1210 1129 1274 origine
1142 1211 1175 1262 et.
1189 1211 1223 1262 ad

133 1285 187 1342 ret,
206 1285 415 1333 consentaneum
434 1283 504 1341 erat,
522 1283 552 1333 ut
568 1293 659 1333 sermo
696 1295 723 1331 v.
736 1281 794 1333 276.
815 1309 843 1319 —
862 1283 926 1332 Hoc
941 1283 1017 1333 etiam
1034 1285 1098 1346 cet]
1124 1285 1223 1336 uineae

134 1359 161 1408 in
186 1357 340 1408 universum
363 1357 436 1408 idem
458 1361 544 1419 esset,
570 1359 659 1422 quiin
698 1360 756 1408 erat
775 1357 924 1420 negotium,
952 1371 1005 1421 quo
1027 1359 1116 1409 critici
1138 1359 1224 1411 Hora-

134 1431 281 1495 tragoedla,
298 1431 347 1482 sed
359 1432 565 1483 admitterentur
576 1431 659 1482 verba
697 1433 764 1482 tium
789 1433 815 1480 in
840 1432 948 1494 satyrici
974 1431 1100 1484 dramatis
1123 1435 1223 1498 origine

134 1506 314 1572 loquendique
336 1507 438 1556 tormae
456 1519 489 1556 er
506 1507 660 1569 quotidiano
696 1507 759 1569 post
775 1505 939 1570 tragoediam
962 1507 1085 1571 ponenda
1103 1522 1223 1573 pugnare

135 1594 186 1632 usu
210 1583 322 1644 petitae,
349 1581 508 1643 numerique
534 1594 659 1632 versuum
698 1592 759 1630 cum
769 1579 909 1638 Aristotele
922 1583 1003 1644 (Post.
1014 1580 1048 1644 l.)
1058 1581 1224 1635 demonstra-

135 1654 233 1719 aliquid
251 1655 285 1706 de
302 1655 444 1704 severitate
462 1653 565 1718 legum,
590 1669 660 1719 quae
698 1657 760 1705 runt
776 1656 823 1716 eut
834 1667 896 1706 eum
910 1667 1039 1706 excusare
1053 1659 1140 1707 conati
1151 1665 1222 1710 sunt.

135 1729 276 1793 tragoediis
297 1730 421 1793 propriae
439 1735 515 1791 sunt,
539 1731 661 1780 remitte·
697 1731 843 1793 Utrumque
860 1741 944 1793 genus
956 1731 1170 1794 antiquissimum
1182 1733 1225 1785 iu-

135 1807 221 1854 rent.»
240 1805 394 1854 Hanuaaaoa
412 1805 438 1854 in
451 1805 536 1855 Praei.
555 1805 589 1855 ad
608 1805 661 1855 Eu·
697 1805 750 1856 isse
768 1805 804 1854 ait
820 1805 952 1854 Horatius.
971 1803 1062 1854 Hedde
1075 1807 1226 1869 igiturmoc

134 1878 185 1942 rip.
202 1875 276 1940 Cycl.
297 1891 325 1942 p.
344 1878 408 1928 xiv.
428 1879 553 1943 Sequitur
569 1882 660 1932 autem
697 1881 774 1930 etiem
795 1878 886 1929 verbis
908 1877 1006 1928 oisboid
1027 1881 1122 1932 acob.»
1151 1884 1225 1934 Haso

13 1953 14 1982 ³
62 2003 67 2010 ,
135 1953 288 2016 opinionem
313 1965 499 2014 communem,
529 1967 563 2004 ex
591 1967 659 2018 qua,
698 1953 869 2016 Tarantp.
883 1953 940 2003 ets.
962 1952 1226 2015 (Falsissimaoontra

135 2039 196 2078 cum
205 2027 316 2091 Thespis
327 2027 474 2078 invenisset
487 2029 659 2093 tragoediam,
698 2027 805 2079 sabellii
820 2027 987 2093 aliorumque
1005 2033 1046 2081 est
1064 2030 1225 2096 interpreta-

134 2115 188 2152 non
206 2103 240 2152 ita
257 2100 341 2152 multo
357 2105 421 2167 post
435 2101 543 2166 trilogiis
554 2103 661 2167 tragicis
698 2103 750 2152 tio:
768 2115 830 2152 moa
841 2102 990 2166 significare
1002 2105 1091 2156 atatim
1103 2111 1159 2168 poet
1170 2109 1225 2156 tra-

134 2175 224 2226 addita
239 2177 293 2228 sint
309 2176 430 2228 hamata
445 2179 569 2240 satyrica.
589 2180 662 2228 «iam
699 2177 808 2240 goedias
825 2177 925 2228 Horatii
941 2181 1064 2242 tempore
1082 2181 1163 2231 etiam
1177 2182 1227 2232 lto·

135 2263 197 2306 com
214 2252 241 2302 in
258 2251 300 2302 bis
317 2265 425 2316 quoque
445 2252 489 2304 dei
511 2257 592 2318 atque
610 2254 661 2304 be·
699 2264 760 2302 mae
785 2253 919 2316 satyricae
945 2252 1049 2306 saumas
1070 2255 1113 2306 edi
1129 2253 1225 2308 solitas

134 2339 196 2378 roes
207 2326 376 2388 inducantur,
389 2329 535 2393 praecipuo
548 2329 662 2380 demon·
700 2339 775 2386 ease,
801 2327 829 2378 id
855 2327 925 2391 quod
945 2329 1017 2379 omni
1039 2329 1164 2380 historiae
1181 2343 1226 2380 re-

135 2401 275 2452 sirandum
293 2403 348 2463 est,
368 2401 504 2465 quibuain
515 2403 598 2454 rebus
610 2403 662 2454 dii·
698 2403 807 2466 pugnat.
843 2402 949 2452 Frustra
971 2405 1062 2454 autem
1079 2409 1228 2468 provocant

135 2475 221 2526 ierant
237 2489 252 2525 a
269 2477 431 2539 tragoedia.»
450 2480 488 2528 iia
506 2480 578 2530 enim
595 2493 662 2530 oon·
700 2475 734 2526 ad
745 2475 813 2540 Epp.
826 2476 851 2538 i,
865 2477 889 2538 t,
903 2477 947 2526 tat
960 2491 965 2526 :
978 2479 1227 2530 Moetrohiturmo-

134 2551 282 2602 nectendus
308 2552 351 2602 bic
373 2551 447 2604 locus
469 2554 576 2604 videtur
599 2569 662 2606 cum
698 2549 771 2600 aihta
785 2563 875 2615 repom
890 2551 995 2614 tortosa
1005 2553 1166 2619 retorem·
1179 2568 1226 2604 aa·

134 2625 366 2689 tragoediaerecte
373 2629 576 2693 componendae
581 2643 663 2694 prae·
699 2623 777 2688 davit]
789 2627 907 2688 «primus
919 2625 1005 2676 nudos
1016 2626 1119 2676 induxit
1130 2629 1157 2678 in
1169 2641 1227 2678 ace·

136 2701 230 2764 ceptis,
247 2713 316 2764 quae
327 2702 502 2766 praecedunt.
522 2705 602 2754 Totus
613 2718 663 2756 an·
700 2711 793 2760 nam.»
812 2699 839 2750 id
856 2701 910 2761 esi,
930 2701 998 2749 «boc
1014 2699 1165 2752 tabularum
1183 2714 1227 2764 ge·

135 2777 190 2826 tem
207 2774 257 2826 loci
269 2774 343 2826 oolor
354 2777 486 2827 eiusmodi
499 2779 554 2840 est,
570 2778 663 2828 ntdn-
700 2785 751 2823 nus
769 2773 894 2822 invenit.»
917 2799 944 2809 -
965 2773 1051 2838 caper]
1069 2776 1182 2826 Maxime
1199 2778 1227 2826 in

135 2849 220 2900 bitare
241 2851 284 2900 vix
309 2863 441 2914 queamus
459 2853 595 2903 Horatium
613 2853 664 2903 do·
700 2847 745 2907 iis,
759 2859 828 2912 qnae
841 2848 941 2910 Satyris
954 2847 1150 2911 tribuebantur,
1163 2862 1228 2900 con-

135 2938 198 2975 cere
215 2923 347 2986 voluisse,
375 2925 511 2989 quomodo
529 2927 564 2976 ad
581 2929 663 2978 Grae·
700 2918 769 2971 sulio
791 2921 916 2972 rusticius
933 2935 965 2972 ac
982 2923 1071 2974 minus
1088 2921 1169 2987 polite
1186 2925 1227 2974 lo-

136 3011 230 3050 corum
247 2998 400 3065 exemplam
415 3001 523 3052 Latinae
540 3000 664 3052 scriben-
700 2994 843 3054 cabantur,
868 3009 949 3060 quam
966 2995 1071 3048 sciebat
1087 2999 1227 3049 comoedia

135 3073 187 3126 dae
215 3076 306 3125 essent
329 3072 435 3125 tabulae
461 3075 610 3138 satyricae,
640 3078 663 3127 si
700 3083 778 3120 nova.
813 3072 899 3122 Hinus
927 3075 1000 3122 recte
1026 3075 1135 3123 vertunt
1159 3073 1227 3124 Voss

135 3151 196 3214 quis
214 3148 266 3198 boc
282 3149 309 3199 in
332 3162 431 3212 genere
448 3149 589 3201 elaborare
606 3151 664 3202 vel·
699 3145 883 3206 tisschlt'sslti.
897 3144 996 3196 Amold
1008 3145 1166 3208 beltwt‘li
1186 3151 1228 3198 ⁶⁸2

134 3223 185 3281 iet;
198 3224 335 3288 inceptum
347 3225 436 3275 tamen
447 3226 501 3275 boc
513 3237 573 3276 esse
585 3225 662 3290 longa
699 3220 788 3284 polim
804 3221 884 3270 ΝΜ
900 3222 964 3270 “tid
982 3221 1067 3282 derb,
1089 3223 1118 3272 ui
1135 3219 1227 3272 eluce-

135 3297 319 3350 arianismum
349 3300 377 3348 et
404 3299 477 3362 quoa
505 3313 663 3354 successum
700 3293 934 3358 biterrensem
957 3296 1227 3359 versentanum

135 3371 309 3438 probabiliter
344 3387 398 3424 non
428 3375 463 3424 sit
490 3373 661 3438 babituram,
700 3369 803 3432 Frasm·
816 3369 894 3422 Dind·
909 3369 967 3420 ⁴66·
979 3371 1037 3422 255·
1051 3373 1078 3420 ei
1089 3369 1228 3435 Sophoclis

136 3449 235 3512 quippe
244 3447 317 3512 quod
325 3448 505 3499 Romanorum
515 3449 595 3501 indoli
606 3463 664 3502 mo-
700 3444 741 3494 Fr.
762 3442 820 3495 itt.
837 3442 894 3495 tsi.
927 3445 1035 3496 l'zeizes
1058 3447 1084 3495 in
1107 3446 1228 3497 Cramerl

136 3521 265 3586 ribasque
278 3523 365 3574 minos
375 3523 466 3587 aptum
476 3525 518 3575 sit.
537 3524 596 3575 vid.
609 3527 662 3577 Ex·
700 3517 800 3570 anecd.
809 3518 833 3568 3.
843 3519 935 3583 pean.
946 3521 983 3570 ait
993 3533 1023 3572 se
1035 3521 1152 3585 primum
1164 3533 1227 3572 com

136 3609 246 3647 cursum
256 3597 299 3647 Vi.
700 3593 757 3646 aliis
782 3595 934 3658 ignorasse,
962 3594 1112 3645 cuiusmodi
1137 3597 1229 3646 essent

168 3670 307 3723 aso-aab
335 3673 593 3740 comete-tropico]
620 3676 663 3726 sto
700 3667 805 3721 tabulae
823 3669 970 3732 satyricae,
989 3669 1133 3734 deinceps:
1150 3668 1228 3722 ἐντυ-

135 3744 258 3809 Virgilius
275 3745 329 3798 Ecl.
347 3747 375 3810 9,
393 3747 433 3798 33.
461 3747 585 3800 PoHionis
606 3753 664 3801 tra·
699 3741 760 3806 κων
771 3747 939 3816 σατυρικοῖς
950 3741 1096 3815 δράμασιν
1106 3743 1226 3808 (Plurane

136 3820 245 3884 goedias
261 3822 378 3872 carmina
391 3825 477 3873 vocat.
493 3849 521 3860 -
540 3824 584 3885 qttt'
600 3825 663 3889 cet]
700 3821 846 3871 etiamtunc
873 3823 1034 3884 supererant
1063 3829 1145 3882 quam
1172 3820 1228 3883 Cy-

135 3897 193 3946 Hon
205 3895 282 3958 dicit,
299 3896 414 3961 Thespio
425 3898 558 3948 invenisse
570 3897 664 3948 drama
700 3893 793 3958 clopst
810 3895 858 3944 Vix
870 3893 972 3956 eredo.)
989 3889 1156 3964 Εὐριπίδου,
1174 3887 1228 3943 αὐ-

135 3970 299 4032 satyricum,
318 3971 367 4022 sed
379 3971 446 4022 boc:
466 3984 535 4022 «non
547 3972 582 4022 ita
594 3971 664 4022 mul·
700 3965 751 4030 τὸς
766 3965 859 4033 μόνος
870 3967 996 4036 ἐπέγνων
1008 3967 1041 4020 ἐκ
1053 3963 1162 4020 τούτων
1173 3983 1228 4019 σα-

135 4047 164 4094 to
187 4047 250 4108 post
266 4047 400 4097 inventam
418 4045 583 4110 tragoediam
600 4045 663 4097 illud
699 4039 818 4114 τυρικῆς
844 4043 991 4109 ποιήσεως
1008 4045 1058 4094 aot
1075 4041 1228 4110 κωμῳδίας

135 4131 245 4183 quoque
262 4134 347 4184 genos
364 4122 502 4172 inventum
520 4133 612 4184 ease,»
637 4123 665 4172 et
699 4115 861 4189 διαφοράν·
888 4113 908 4184 ἡ
932 4118 988 4185 μὲν
1014 4108 1068 4168 οὖν
1090 4115 1227 4186 κωμῳδία

134 4193 246 4256 qaudam
258 4197 400 4256 aPratina,
413 4195 538 4260 Aeschyli
548 4195 661 4260 aequali.
699 4191 821 4265 δριμέως
837 4190 924 4244 τινῶν
943 4193 1152 4259 καθαπιομένη
1168 4191 1229 4244 daor-

137 4293 167 4304 -
184 4269 326 4320 uilem-ob
346 4269 457 4333 hiram
491 4271 558 4321 Hine
574 4271 662 4334 ipsum
698 4267 817 4332 βολαῖς,
836 4267 1040 4340 ἐπιλοιδορὶαις
1054 4274 1130 4320 κινεῖ
1141 4267 1228 4360 pelo»

136 4355 237 4394 nomen
269 4342 429 4416 τραγῳδίας
460 4345 663 4412 (Hocineopserpe-
700 4359 751 4396 τα·
771 4339 790 4410 ἦ
807 4342 840 4396 δὲ
852 4339 993 4417 σατυρικὴ
1006 4346 1124 4411 ποίησις
1134 4359 1227 4418 capa-
