3174 4974
608 387 667 436 titt.
686 387 705 434 l.
741 385 839 436 Erlsr.
857 385 910 434 XX.

255 540 383 607 Scilicet
404 549 439 605 ut
460 549 587 626 prostes
609 540 777 606 Sosiorum
798 540 927 626 pumice
945 539 1094 606 mundus,

257 661 360 729 Odisti
383 660 491 728 clavas
514 670 546 728 et
569 671 658 748 grata
681 659 784 747 sigilla
806 657 941 746 pudico;

254 783 368 850 Paucis
390 781 517 848 ostendi
540 781 642 868 gemis
665 792 698 848 et
718 780 902 848 communia
923 778 1054 857 laudas,

211 1041 424 1096 vicissitudinum
436 1054 468 1092 ac
480 1042 656 1092 mutationum
675 1042 737 1106 (Sat.
775 1047 805 1092 Α.
820 1045 847 1102 4,
865 1043 926 1093 4406ι
944 1043 996 1094 Νοο
1013 1048 1058 1092 ινα
1073 1042 1188 1092 otardoai
1201 1044 1300 1104 maneo

210 1119 239 1178 Ξ,
258 1118 286 1178 7,
305 1116 372 1180 ti),
401 1115 463 1164 hinc
481 1115 561 1164 etiam
579 1115 739 1166 avertenda·
775 1129 853 1166 aroro
878 1121 954 1165 tear.
991 1117 1029 1165 De
1046 1115 1099 1166 hoc
1116 1117 1206 1165 tamen
1223 1129 1299 1167 more

211 1203 394 1241 rumrerum»
414 1188 518 1253 (Porpii.
533 1188 739 1240 etPseudasco·
775 1191 911 1240 Horatium
936 1190 980 1240 hic
1003 1190 1134 1254 cogitasse
1157 1203 1211 1240 non
1227 1203 1298 1241 reor.

211 1265 270 1314 ntus
288 1265 314 1313 in
333 1263 410 1313 Verr.
430 1265 492 1312 Ace.
513 1263 536 1323 4,
555 1262 602 1322 so,
622 1261 677 1312 tot.
698 1262 736 1327 (p.
807 1263 832 1313 3.
845 1263 869 1314 l.
897 1263 981 1313 clocas
997 1263 1147 1328 et-siqilto]
1166 1261 1218 1313 Cir.
1237 1275 1300 1314 ver-

210 1337 267 1388 200.
281 1336 324 1386 ad.
338 1337 431 1398 Bait),
450 1335 544 1396 idest,
562 1335 737 1386 emendarum
774 1349 820 1387 sus
840 1336 964 1388 Martialis
982 1339 1010 1399 t,
1034 1337 1080 1399 66,
1099 1338 1114 1388 5
1132 1349 1193 1400 sqq.
1220 1349 1300 1401 supra

211 1413 239 1461 et
254 1409 397 1462 venalium.
424 1411 449 1460 is
466 1409 502 1460 ad
519 1409 615 1459 Forum
632 1411 659 1460 in
677 1409 738 1459 vico
774 1407 875 1460 allatos.
906 1410 1047 1460 Librorum
1064 1409 1196 1460 volumina
1214 1410 1241 1460 in
1258 1423 1301 1460 ca-

210 1485 310 1535 turario
326 1497 348 1534 s.
366 1486 452 1535 Tusco
469 1483 596 1535 sacellum
616 1497 679 1534 cum
700 1485 739 1535 si-
773 1486 828 1549 psis
854 1485 1076 1547 asservabantur,
1105 1497 1172 1549 quas
1189 1485 1215 1534 in
1232 1486 1300 1536 scri-

210 1558 329 1609 mulacro
345 1558 478 1620 habebat,
505 1559 531 1608 ln
549 1559 625 1609 cuius
642 1559 736 1608 vicinia
773 1561 823 1609 niis
840 1559 940 1609 domini
958 1557 1036 1608 anulo
1048 1559 1156 1622 signatis
1168 1557 1300 1610 custodie·

211 1634 360 1684 eratlasaus
377 1634 419 1697 (ct.
438 1634 504 1697 Epp.
524 1634 549 1694 4,
567 1635 592 1694 4,
611 1633 678 1696 444),
701 1631 737 1682 ibi
772 1632 846 1683 bant.
882 1634 924 1682 Sic
943 1634 1023 1683 etiam
1040 1633 1173 1683 interdum
1190 1645 1298 1694 uxores,

210 1709 290 1758 etiam
307 1707 407 1758 librarii
425 1719 488 1760 suas
509 1705 635 1758 tabernas
652 1709 679 1757 et
695 1708 737 1771 pi·
773 1706 953 1768 concubinae,
973 1707 1049 1771 paeri
1066 1707 1171 1757 delicati
1188 1705 1260 1756 domi
1272 1707 1299 1756 in

209 1781 287 1832 lass.
306 1781 444 1833 columnas
467 1783 528 1846 (Sat.
549 1785 577 1844 t,
596 1781 625 1843 l,
645 1783 685 1832 74.
704 1783 734 1832 Α.
773 1781 892 1832 custodia
911 1779 1105 1840 retinebantur,
1125 1782 1197 1831 ostiis
1216 1779 1299 1844 sigillo

209 1859 237 1907 P.
256 1856 339 1918 sie),
366 1857 416 1907 sed
444 1855 555 1906 lenones
578 1867 686 1919 quoqne
710 1857 737 1906 et
772 1856 889 1906 munitis.
930 1855 1064 1919 Aristoph.
1088 1856 1196 1905 Tbesm.
1221 1853 1294 1918 itt..

209 1931 366 1982 meretrices
383 1929 498 1981 lornioas
512 1941 577 1980 suos
588 1943 620 1980 ao
636 1941 736 1992 pergu-
772 1928 817 1978 ubi
841 1928 915 1979 litem
937 1927 1078 1980 intendens
1103 1929 1219 1992 Euripidi
1237 1941 1299 1978 mu-

210 2003 249 2056 las
266 2003 411 2054 habebant.
431 2031 458 2042 -
477 2001 597 2068 spectare]
612 2015 735 2068 Vamagna
771 2000 879 2052 Hercula
896 1997 944 2052 διὰ
965 1999 1081 2062 τοῦτον,
1108 2003 1205 2066 inquit,
1233 2005 1299 2065 ταῖς

211 2091 273 2130 cum
283 2079 481 2142 exspectatione
491 2091 523 2127 ac
532 2076 665 2127 desiderio
674 2089 737 2127 ocu·
771 2074 1296 2148 γοναικωνίνιοινΣφραγῖόαςἐπιβάλ-

210 2151 249 2203 los
267 2165 300 2202 eo
316 2151 465 2214 dirigere,»
483 2149 609 2202 ltalorum
623 2152 737 2201 admoti-
772 2149 873 2202 λουσιν
892 2145 947 2216 ἤδη
964 2153 1013 2201 καὶ
1024 2147 1156 2224 μοχλοὺς
1173 2147 1298 2222 Hippoda-

210 2239 263 2276 oro.
279 2226 426 2290 -Scilioct1
438 2239 500 2276 cum
512 2226 646 2286 irrisione,
664 2225 736 2289 [rci-
772 2238 817 2287 τες
835 2219 923 2291 ἡμᾶς.
960 2226 1107 2277 Menander
1122 2240 1149 2291 p.
1169 2227 1226 2277 485.
1244 2227 1294 2276 bt:

209 2300 280 2349 ticli.
293 2328 321 2338 —-
333 2300 438 2363 prostes]
455 2299 735 2363 verbumambiguum
767 2293 861 2362 Ὅστις
877 2298 909 2351 db
925 2300 1050 2366 μοχλοῖς
1067 2302 1118 2351 καὶ
1136 2295 1182 2350 διὰ
1201 2315 1297 2370 σφρα-

209 2375 243 2426 de
261 2375 356 2437 quavis
373 2387 479 2436 meroe,
499 2375 580 2424 etiam
598 2373 631 2423 de
649 2385 736 2424 mare-
770 2370 920 2439 γιομάτων
940 2371 1026 2438 Σώζει
1052 2374 1200 2448 δάμαρτα,
1226 2373 1297 2446 δρᾷν

209 2446 319 2498 triclbus
344 2451 371 2498 et
395 2449 491 2499 scortis
513 2447 684 2512 (prostibulis).
706 2475 732 2486 -
771 2463 798 2500 u
814 2445 850 2515 δὴ
862 2447 958 2499 ὄοκῶν
969 2447 1080 2513 σοφόν,
1093 2447 1223 2514 Mareade
1234 2451 1297 2502 ἐστι

209 2523 346 2586 sotiantur]
364 2523 431 2574 Sosii
448 2522 543 2574 iratres
555 2523 630 2572 fuere
641 2521 736 2573 biblio·
771 2525 821 2576 καὶ
840 2525 957 2595 φρονῶν
975 2521 1059 2577 οὐδὲν
1076 2529 1187 2598 φρονεῖ.
1224 2527 1296 2576 Haeo

209 2596 299 2661 polae,
323 2597 465 2647 memorati
483 2597 563 2646 etiarn
580 2599 609 2646 Α.
628 2598 656 2646 P.
676 2595 732 2646 bib.
771 2601 860 2650 autem
879 2601 935 2664 ipsa
952 2601 1073 2651 custodia
1094 2613 1179 2664 puero
1191 2601 1295 2662 pudico,

208 2671 284 2736 (Sosii
308 2669 451 2721 Smsoiooas
471 2683 537 2733 gens
558 2668 664 2734 plebeia
679 2683 734 2720 non
771 2675 813 2722 cui
824 2675 991 2738 propositum
1004 2677 1046 2725 est
1056 2676 1101 2724 uni
1113 2675 1179 2724 hero
1191 2687 1296 2725 morem

209 2745 306 2809 ignota.
333 2745 360 2794 C.
374 2745 459 2794 Sosiae
470 2743 563 2794 consul
575 2744 623 2794 init
634 2757 658 2794 a.
669 2757 695 2793 a.
708 2757 731 2794 c.
770 2759 879 2810 gerere,
897 2753 976 2810 proto
986 2746 1097 2808 accidit,
1116 2760 1179 2796 cum
1189 2748 1225 2796 ita
1237 2749 1295 2797 eius

207 2819 265 2870 itt.
292 2817 454 2884 bibliopolae
472 2831 536 2868 vero
548 2818 647 2868 Horatii
659 2831 674 2868 e
686 2831 734 2881 ge·
770 2820 882 2871 fidelitas
895 2823 968 2870 exim
980 2834 1089 2872 omnem
1101 2820 1293 2871 dubitationem

208 2907 273 2944 nere
296 2892 419 2944 libertino
439 2893 564 2943 uidentur
582 2891 683 2954 luisse.)
704 2919 732 2928 -
769 2897 891 2961 ponatur.
913 2919 939 2931 -
962 2895 1059 2958 Paucis]
1083 2893 1197 2944 «Amicis
1214 2894 1295 2944 dum-

203 2969 312 3031 panea]
330 2970 437 3018 Partem
454 2967 673 3017 membranarum
685 2978 733 3015 ex·
770 2971 840 3019 taxat
851 2971 945 3020 meis·
964 2969 1003 3020 Cl.
1016 2971 1068 3019 Sat.
1083 2968 1142 3030 4,4,
1152 2967 1192 3017 73.
1212 2969 1294 3018 Hecto

207 3043 349 3104 tortorem,
376 3054 445 3104 quae
463 3042 583 3104 asperior
599 3042 653 3100 est,
681 3053 733 3102 pu·
769 3046 870 3094 Franks
893 3046 919 3094 F.
944 3045 975 3094 H.
992 3057 1019 3108 p.
1037 3044 1093 3092 72:
1122 3045 1293 3106 «Antequam

206 3118 276 3168 mico
294 3115 444 3180 levigabant
460 3119 488 3166 at
504 3113 638 3180 poliebant
655 3113 733 3177 gluti·
767 3117 836 3168 liber
853 3119 966 3168 emissus
984 3119 1070 3176 esset,
1090 3115 1217 3182 epistolae
1236 3117 1293 3166 sin-

207 3193 322 3241 uatores.
342 3189 436 3242 Catull.
450 3192 474 3250 t,
488 3192 516 3239 t:
536 3189 643 3239 libellum
652 3188 733 3239 Arido
768 3191 876 3256 galatim
902 3193 928 3242 in
949 3190 1061 3241 aliorum
1079 3203 1185 3255 quoque
1205 3190 1292 3240 homi-

207 3267 280 3316 modo
289 3267 389 3328 pamma
400 3266 545 3328 expolitum.
565 3264 640 3314 idem
651 3264 692 3325 22,
705 3264 730 3313 6.·
768 3280 848 3318 numa
863 3270 921 3330 (ego
933 3265 1023 3316 dicere
1040 3264 1130 3314 malim
1143 3263 1290 3326 amomon)

206 3339 310 3390 obortae
325 3341 423 3404 reptos,
441 3339 500 3389 novi
511 3339 580 3400 libii,
599 3339 664 3388 Noui
673 3351 732 3390 utu-
769 3354 879 3392 amanus
890 3341 1045 3406 pervenisse
1056 3338 1189 3400 videntur,
1202 3339 1225 3388 si
1238 3350 1292 3400 qua

206 3411 284 3474 bilici,
298 3414 457 3476 iororobro,
470 3413 617 3463 menbrum
629 3413 732 3463 Direoto
767 3416 835 3465 tides
860 3415 950 3465 verbis
972 3415 1062 3466 Paucis
1084 3417 1146 3474 oet,
1165 3412 1200 3462 ad
1221 3423 1291 3474 quae

203 3487 317 3550 pannon,
345 3493 369 3538 at
390 3490 489 3551 pumice
509 3489 595 3538 monto
611 3493 729 3550 οοᾳνοεο.
766 3490 837 3540 beno
860 3491 989 3554 provocat
1013 3490 1117 3540 Hasson
1138 3489 1164 3537 in
1184 3485 1293 3536 Histoire

208 3561 316 3613 Hartial.
336 3564 360 3623 4,
380 3564 436 3624 447,
456 3563 502 3614 ti:
520 3565 635 3614 doniam
651 3561 731 3612 tober-
766 3565 871 3624 curque
889 3565 918 3613 da
934 3564 961 3612 to
979 3563 1125 3625 republicae
1141 3563 1183 3612 dos
1198 3562 1289 3610 lettres.

206 3647 255 3684 ooo
278 3637 317 3686 Da
338 3637 423 3698 prino
449 3635 518 3687 dabit
541 3639 651 3688 ο44ονοοο
671 3637 731 3686 aido
766 3640 839 3688 Tam.
859 3637 889 3687 V.
909 3651 935 3701 p.
954 3637 1009 3687 470.
1029 3640 1083 3687 not.
1103 3635 1147 3684 b.·
1169 3660 1196 3670 -
1220 3646 1291 3683 coat-

206 3709 299 3758 ltoaum
320 3712 420 3772 manica
444 3725 612 3774 meoque
636 3712 731 3761 ονὶινοι
765 3713 861 3774 munio]
886 3713 989 3762 avitam
1011 3710 1164 3761 liberiorem
1182 3709 1207 3759 in
1225 3706 1289 3758 locis

207 3783 326 3834 Deooriis
358 3786 402 3836 tibi
434 3787 543 3849 ᾳνὲνονο
574 3787 727 3836 Martialem.
765 3786 905 3852 publicis.»
941 3789 1009 3837 Loco
1034 3785 1289 3836 communicantem
1336 3822 1338 3830 .

206 3857 280 3910 idem
297 3861 321 3921 8,
335 3862 376 3922 iu,
390 3862 418 3911 t:
436 3862 552 3910 Nondum
567 3863 664 3910 murico
679 3861 731 3910 cui·
765 3864 845 3912 etiam
863 3861 998 3926 lupanaria
1016 3861 1152 3911 honestius
1169 3857 1289 3907 nomina·

205 3937 245 3982 tus
267 3947 406 3997 asperoque
428 3936 517 3985 Horsu
532 3935 640 3997 camme
661 3935 729 3984 aridi
765 3936 870 3986 bantur.
901 3937 1003 3986 Seneca
1021 3936 1110 3984 Contr.
1123 3934 1148 3993 4,
1161 3933 1185 3982 2.
1204 3945 1231 3997 p.
1245 3931 1285 3981 95.

201 4007 307 4069 politio,
326 4010 454 4060 Arcenam
467 4023 594 4072 properos
604 4010 683 4070 sequi,
701 4009 730 4057 li-
765 4011 848 4059 rimst.
863 4009 941 4059 tota:
959 4009 1083 4060 Maretria
1099 4011 1190 4056 vocato
1205 4019 1243 4068 ss,
1261 4007 1288 4056 ia

205 4081 271 4132 bello.
303 4085 341 4133 Cl.
363 4083 515 4136 Pseudotib.
534 4083 564 4145 3,
589 4083 727 4146 t,9sqq.
764 4085 915 4133 communi
935 4083 1118 4142 locostctiati,
1144 4081 1287 4144 superposi-

205 4157 313 4209 Pumice
334 4159 398 4210 item
420 4159 542 4210 homines
563 4157 729 4209 delicatiores
764 4163 803 4208 tus
824 4163 859 4208 ost
875 4158 951 4209 calloo
971 4163 1029 4208 tuos
1045 4156 1142 4218 titulos,
1165 4156 1287 4208 ooaioatos

205 4246 314 4286 crurum
332 4233 399 4299 pilos
416 4235 581 4286 deterebant.
604 4234 678 4286 ovid.
698 4236 727 4285 l.
762 4233 883 4296 recepisti.
