<?xml version="1.0" encoding="UTF-8"?>
<!DOCTYPE html PUBLIC "-//W3C//DTD XHTML 1.0 Transitional//EN"
    "http://www.w3.org/TR/xhtml1/DTD/xhtml1-transitional.dtd">
<html xmlns="http://www.w3.org/1999/xhtml" xml:lang="en" lang="en">
 <head>
  <title>
</title>
<meta http-equiv="Content-Type" content="text/html;charset=utf-8" />
  <meta name='ocr-system' content='tesseract 3.04.00' />
  <meta name='ocr-capabilities' content='ocr_page ocr_carea ocr_par ocr_line ocrx_word'/>
</head>
<body>
  <div class='ocr_page' id='page_1' title='image "./qhoratiusflaccu01baitgoog_0402.png"; bbox 0 0 3192 4974; ppageno 0'>
   <div class='ocr_carea' id='block_1_1' title="bbox 630 461 1312 528">
    <p class='ocr_par' dir='ltr' id='par_1_1' title="bbox 630 461 1312 528">
     <span class='ocr_line' id='line_1_1' title="bbox 630 461 1312 528; baseline 0.023 -16"><span class='ocrx_word' id='word_1_1' title='bbox 630 462 689 512; x_wconf 84' lang='grc'>666.</span> <span class='ocrx_word' id='word_1_2' title='bbox 708 463 726 512; x_wconf 93' lang='lat'>1.</span> <span class='ocrx_word' id='word_1_3' title='bbox 762 461 860 514; x_wconf 82' lang='lat' dir='ltr'><strong>enrsr.</strong></span> <span class='ocrx_word' id='word_1_4' title='bbox 879 463 898 512; x_wconf 93' lang='lat'>1.</span> <span class='ocrx_word' id='word_1_5' title='bbox 1251 465 1312 528; x_wconf 81' lang='lat'>387</span> 
     </span>
    </p>
   </div>
   <div class='ocr_carea' id='block_1_2' title="bbox 264 617 1312 1194">
    <p class='ocr_par' dir='ltr' id='par_1_2' title="bbox 264 617 1040 694">
     <span class='ocr_line' id='line_1_2' title="bbox 264 617 1040 694; baseline 0.003 -10"><span class='ocrx_word' id='word_1_6' title='bbox 264 619 297 685; x_wconf 93' lang='lat' dir='ltr'><strong>Si</strong></span> <span class='ocrx_word' id='word_1_7' title='bbox 321 637 385 683; x_wconf 93' lang='lat' dir='ltr'>non</span> <span class='ocrx_word' id='word_1_8' title='bbox 407 627 470 694; x_wconf 92' lang='lat' dir='ltr'><strong>est,</strong></span> <span class='ocrx_word' id='word_1_9' title='bbox 495 617 683 685; x_wconf 85' lang='grc'>1666616666</span> <span class='ocrx_word' id='word_1_10' title='bbox 705 617 782 685; x_wconf 89' lang='lat' dir='ltr'><strong>solis</strong></span> <span class='ocrx_word' id='word_1_11' title='bbox 804 640 878 686; x_wconf 90' lang='lat' dir='ltr'><strong>esse</strong></span> <span class='ocrx_word' id='word_1_12' title='bbox 902 620 1040 686; x_wconf 85' lang='lat' dir='ltr'><strong>maritis.</strong></span> 
     </span>
    </p>

    <p class='ocr_par' dir='ltr' id='par_1_3' title="bbox 264 737 1312 948">
     <span class='ocr_line' id='line_1_3' title="bbox 264 737 1312 821; baseline 0.001 -15"><span class='ocrx_word' id='word_1_13' title='bbox 264 743 336 821; x_wconf 87' lang='lat' dir='ltr'>Quo</span> <span class='ocrx_word' id='word_1_14' title='bbox 359 749 487 807; x_wconf 86' lang='lat' dir='ltr'><strong>teneam</strong></span> <span class='ocrx_word' id='word_1_15' title='bbox 508 737 614 806; x_wconf 85' lang='lat' dir='ltr'><strong>voltus</strong></span> <span class='ocrx_word' id='word_1_16' title='bbox 636 749 812 807; x_wconf 80' lang='lat' dir='ltr'><strong>mutantem</strong></span> <span class='ocrx_word' id='word_1_17' title='bbox 834 741 950 808; x_wconf 84' lang='lat' dir='ltr'><strong>Protea</strong></span> <span class='ocrx_word' id='word_1_18' title='bbox 973 741 1087 809; x_wconf 81' lang='lat' dir='ltr'><strong>nodo?</strong></span> <span class='ocrx_word' id='word_1_19' title='bbox 1271 747 1312 808; x_wconf 89' lang='grc'>911</span> 
     </span>
     <span class='ocr_line' id='line_1_4' title="bbox 265 859 1114 948; baseline 0.005 -20"><span class='ocrx_word' id='word_1_20' title='bbox 265 861 350 942; x_wconf 85' lang='lat' dir='ltr'><strong>Quid</strong></span> <span class='ocrx_word' id='word_1_21' title='bbox 373 861 520 948; x_wconf 81' lang='lat' dir='ltr'>pauper?</span> <span class='ocrx_word' id='word_1_22' title='bbox 542 859 636 929; x_wconf 86' lang='lat' dir='ltr'><strong>liide:</strong></span> <span class='ocrx_word' id='word_1_23' title='bbox 659 871 760 928; x_wconf 87' lang='lat' dir='ltr'><strong>mutat</strong></span> <span class='ocrx_word' id='word_1_24' title='bbox 781 862 975 942; x_wconf 87' lang='lat' dir='ltr'><strong>coenacula,</strong></span> <span class='ocrx_word' id='word_1_25' title='bbox 999 863 1114 942; x_wconf 87' lang='lat' dir='ltr'><strong>lectos,</strong></span> 
     </span>
    </p>

    <p class='ocr_par' dir='ltr' id='par_1_4' title="bbox 264 981 1053 1073">
     <span class='ocr_line' id='line_1_5' title="bbox 264 981 1053 1073; baseline 0.005 -24"><span class='ocrx_word' id='word_1_26' title='bbox 264 982 399 1060; x_wconf 81' lang='lat' dir='ltr'>Balnea,</span> <span class='ocrx_word' id='word_1_27' title='bbox 423 992 588 1060; x_wconf 84' lang='lat' dir='ltr'><strong>tonsores,</strong></span> <span class='ocrx_word' id='word_1_28' title='bbox 612 981 773 1052; x_wconf 90' lang='lat' dir='ltr'><strong>conducto</strong></span> <span class='ocrx_word' id='word_1_29' title='bbox 795 983 923 1072; x_wconf 81' lang='lat' dir='ltr'><strong>navigio</strong></span> <span class='ocrx_word' id='word_1_30' title='bbox 946 1005 1053 1073; x_wconf 83' lang='lat' dir='ltr'><strong>aeque</strong></span> 
     </span>
    </p>

    <p class='ocr_par' dir='ltr' id='par_1_5' title="bbox 264 1103 1170 1194">
     <span class='ocr_line' id='line_1_6' title="bbox 264 1103 1170 1194; baseline 0 -22"><span class='ocrx_word' id='word_1_31' title='bbox 264 1107 405 1174; x_wconf 85' lang='lat' dir='ltr'><strong>Neuscat</strong></span> <span class='ocrx_word' id='word_1_32' title='bbox 425 1125 464 1174; x_wconf 88' lang='grc'>66</span> <span class='ocrx_word' id='word_1_33' title='bbox 486 1103 650 1193; x_wconf 84' lang='lat' dir='ltr'>locuples,</span> <span class='ocrx_word' id='word_1_34' title='bbox 674 1125 774 1192; x_wconf 89' lang='lat' dir='ltr'><strong>quem</strong></span> <span class='ocrx_word' id='word_1_35' title='bbox 796 1105 885 1174; x_wconf 91' lang='lat' dir='ltr'><strong>ducit</strong></span> <span class='ocrx_word' id='word_1_36' title='bbox 907 1107 999 1194; x_wconf 86' lang='lat' dir='ltr'><strong>priva</strong></span> <span class='ocrx_word' id='word_1_37' title='bbox 1020 1107 1170 1176; x_wconf 80' lang='lat' dir='ltr'><strong>triremis.</strong></span> 
     </span>
    </p>
   </div>
   <div class='ocr_carea' id='block_1_3' title="bbox 291 1247 481 1311">
    <p class='ocr_par' dir='ltr' id='par_1_6' title="bbox 291 1247 481 1311">
     <span class='ocr_line' id='line_1_7' title="bbox 291 1247 481 1311; baseline 0.005 -14"><span class='ocrx_word' id='word_1_38' title='bbox 291 1247 331 1298; x_wconf 84' lang='grc'>66.</span> <span class='ocrx_word' id='word_1_39' title='bbox 351 1250 393 1311; x_wconf 68' lang='lat' dir='ltr'>ae]</span> <span class='ocrx_word' id='word_1_40' title='bbox 409 1253 438 1298; x_wconf 74' lang='grc'>66</span> <span class='ocrx_word' id='word_1_41' title='bbox 455 1248 481 1298; x_wconf 82' lang='lat' dir='ltr'>u.</span> 
     </span>
    </p>
   </div>
   <div class='ocr_carea' id='block_1_4' title="bbox 171 1349 1318 4404">
    <p class='ocr_par' dir='ltr' id='par_1_7' title="bbox 222 1349 1315 1943">
     <span class='ocr_line' id='line_1_8' title="bbox 226 1349 1314 1418; baseline 0.002 -16"><span class='ocrx_word' id='word_1_42' title='bbox 226 1375 255 1386; x_wconf 92' lang='lat'><em>-</em></span> <span class='ocrx_word' id='word_1_43' title='bbox 274 1349 360 1402; x_wconf 81' lang='lat' dir='ltr'><strong>iene-</strong></span> <span class='ocrx_word' id='word_1_44' title='bbox 344 1353 431 1414; x_wconf 58' lang='lat' dir='ltr'><strong>were]</strong></span> <span class='ocrx_word' id='word_1_45' title='bbox 450 1351 509 1401; x_wconf 87' lang='lat' dir='ltr'><strong>vid.</strong></span> <span class='ocrx_word' id='word_1_46' title='bbox 529 1351 563 1402; x_wconf 90' lang='lat' dir='ltr'>ad</span> <span class='ocrx_word' id='word_1_47' title='bbox 585 1350 635 1403; x_wconf 87' lang='lat' dir='ltr'>od.</span> <span class='ocrx_word' id='word_1_48' title='bbox 653 1351 680 1412; x_wconf 86' lang='grc'>3,</span> <span class='ocrx_word' id='word_1_49' title='bbox 704 1352 748 1411; x_wconf 90' lang='grc'>66,</span> <span class='ocrx_word' id='word_1_50' title='bbox 788 1352 967 1404; x_wconf 87' lang='lat' dir='ltr'><strong>constentiam</strong></span> <span class='ocrx_word' id='word_1_51' title='bbox 983 1365 1061 1404; x_wconf 85' lang='lat' dir='ltr'><strong>suam</strong></span> <span class='ocrx_word' id='word_1_52' title='bbox 1078 1353 1216 1418; x_wconf 80' lang='lat' dir='ltr'><strong>patefacit,</strong></span> <span class='ocrx_word' id='word_1_53' title='bbox 1241 1355 1314 1418; x_wconf 91' lang='lat' dir='ltr'><strong>quod</strong></span> 
     </span>
     <span class='ocr_line' id='line_1_9' title="bbox 223 1388 1315 1490; baseline 0.005 -16"><span class='ocrx_word' id='word_1_54' title='bbox 223 1423 317 1475; x_wconf 75' lang='grc'>63-</span> <span class='ocrx_word' id='word_1_55' title='bbox 345 1425 443 1490; x_wconf 60' lang='lat' dir='ltr'><strong>stoue]</strong></span> <span class='ocrx_word' id='word_1_56' title='bbox 470 1427 593 1476; x_wconf 77' lang='lat' dir='ltr'><strong>Socrates</strong></span> <span class='ocrx_word' id='word_1_57' title='bbox 619 1427 645 1476; x_wconf 91' lang='lat' dir='ltr'><strong>in</strong></span> <span class='ocrx_word' id='word_1_58' title='bbox 663 1388 750 1475; x_wconf 81' lang='lat' dir='ltr'><strong>(lrellil</strong></span> <span class='ocrx_word' id='word_1_59' title='bbox 788 1427 845 1476; x_wconf 89' lang='lat' dir='ltr'><strong>sine</strong></span> <span class='ocrx_word' id='word_1_60' title='bbox 863 1426 960 1476; x_wconf 82' lang='lat' dir='ltr'><strong>idonea</strong></span> <span class='ocrx_word' id='word_1_61' title='bbox 972 1440 1053 1478; x_wconf 84' lang='grc'>66666</span> <span class='ocrx_word' id='word_1_62' title='bbox 1065 1428 1146 1478; x_wconf 89' lang='lat' dir='ltr'><strong>modo</strong></span> <span class='ocrx_word' id='word_1_63' title='bbox 1163 1429 1214 1490; x_wconf 93' lang='lat' dir='ltr'><strong>his,</strong></span> <span class='ocrx_word' id='word_1_64' title='bbox 1233 1429 1315 1479; x_wconf 93' lang='lat' dir='ltr'><strong>modo</strong></span> 
     </span>
     <span class='ocr_line' id='line_1_10' title="bbox 225 1493 1315 1583; baseline 0.006 -35"><span class='ocrx_word' id='word_1_65' title='bbox 225 1499 322 1562; x_wconf 83' lang='lat' dir='ltr'><strong>opusc.</strong></span> <span class='ocrx_word' id='word_1_66' title='bbox 336 1503 406 1551; x_wconf 86' lang='lat' dir='ltr'><strong>seut</strong></span> <span class='ocrx_word' id='word_1_67' title='bbox 419 1501 439 1550; x_wconf 93' lang='grc'>1.</span> <span class='ocrx_word' id='word_1_68' title='bbox 447 1513 479 1583; x_wconf 82' lang='lat' dir='ltr'>p.</span> <span class='ocrx_word' id='word_1_69' title='bbox 492 1499 538 1550; x_wconf 89' lang='grc'>66;</span> <span class='ocrx_word' id='word_1_70' title='bbox 556 1493 656 1564; x_wconf 70' lang='grc' dir='ltr'><em>Ὁμὲν</em></span> <span class='ocrx_word' id='word_1_71' title='bbox 666 1497 751 1570; x_wconf 76' lang='grc' dir='ltr'><strong><em>Πρω-</em></strong></span> <span class='ocrx_word' id='word_1_72' title='bbox 788 1498 837 1551; x_wconf 87' lang='grc'>61166</span> <span class='ocrx_word' id='word_1_73' title='bbox 855 1501 937 1552; x_wconf 90' lang='grc'>666666</span> <span class='ocrx_word' id='word_1_74' title='bbox 953 1499 1057 1552; x_wconf 81' lang='lat' dir='ltr'>balneis</span> <span class='ocrx_word' id='word_1_75' title='bbox 1073 1501 1187 1567; x_wconf 85' lang='lat' dir='ltr'><strong>publicis</strong></span> <span class='ocrx_word' id='word_1_76' title='bbox 1204 1517 1236 1554; x_wconf 89' lang='grc'>66</span> <span class='ocrx_word' id='word_1_77' title='bbox 1254 1506 1315 1554; x_wconf 91' lang='lat' dir='ltr'><strong>ton-</strong></span> 
     </span>
     <span class='ocr_line' id='line_1_11' title="bbox 222 1568 1315 1659; baseline 0.005 -36"><span class='ocrx_word' id='word_1_78' title='bbox 222 1569 288 1636; x_wconf 71' lang='lat' dir='ltr'><strong>varic</strong></span> <span class='ocrx_word' id='word_1_79' title='bbox 306 1569 340 1644; x_wconf 74' lang='grc' dir='ltr'>τῇ</span> <span class='ocrx_word' id='word_1_80' title='bbox 350 1571 476 1659; x_wconf 78' lang='grc' dir='ltr'>μορφῇ,</span> <span class='ocrx_word' id='word_1_81' title='bbox 495 1568 512 1623; x_wconf 92' lang='grc' dir='ltr'>ὁ</span> <span class='ocrx_word' id='word_1_82' title='bbox 529 1571 560 1624; x_wconf 76' lang='lat' dir='ltr'><strong>dt</strong></span> <span class='ocrx_word' id='word_1_83' title='bbox 577 1569 751 1636; x_wconf 73' lang='lat' dir='ltr'><strong>daeutdeoroq</strong></span> <span class='ocrx_word' id='word_1_84' title='bbox 788 1575 904 1626; x_wconf 82' lang='lat' dir='ltr'><strong>strinis.»</strong></span> <span class='ocrx_word' id='word_1_85' title='bbox 925 1577 1091 1627; x_wconf 82' lang='lat' dir='ltr'><strong>-cooducto</strong></span> <span class='ocrx_word' id='word_1_86' title='bbox 1107 1577 1254 1642; x_wconf 77' lang='lat' dir='ltr'><strong>mviqio]«</strong></span> <span class='ocrx_word' id='word_1_87' title='bbox 1242 1580 1315 1628; x_wconf 81' lang='lat' dir='ltr'><strong>«Na-</strong></span> 
     </span>
     <span class='ocr_line' id='line_1_12' title="bbox 222 1642 1313 1720; baseline 0.006 -24"><span class='ocrx_word' id='word_1_88' title='bbox 222 1643 258 1718; x_wconf 77' lang='grc' dir='ltr'>τῇ</span> <span class='ocrx_word' id='word_1_89' title='bbox 277 1645 363 1718; x_wconf 74' lang='grc' dir='ltr'><strong><em>ψυχῇ</em></strong></span> <span class='ocrx_word' id='word_1_90' title='bbox 384 1650 450 1720; x_wconf 78' lang='grc' dir='ltr'>παρ’</span> <span class='ocrx_word' id='word_1_91' title='bbox 472 1642 595 1700; x_wconf 73' lang='grc' dir='ltr'><em>ἕκαστον</em></span> <span class='ocrx_word' id='word_1_92' title='bbox 615 1643 751 1700; x_wconf 78' lang='grc' dir='ltr'><em>ἀλλοιοῦ-</em></span> <span class='ocrx_word' id='word_1_93' title='bbox 788 1661 851 1699; x_wconf 88' lang='lat' dir='ltr'>vem</span> <span class='ocrx_word' id='word_1_94' title='bbox 863 1650 997 1701; x_wconf 88' lang='lat' dir='ltr'><strong>interdum</strong></span> <span class='ocrx_word' id='word_1_95' title='bbox 1009 1650 1143 1713; x_wconf 79' lang='lat' dir='ltr'><strong>conducit,</strong></span> <span class='ocrx_word' id='word_1_96' title='bbox 1157 1651 1313 1716; x_wconf 81' lang='lat' dir='ltr'><strong>locupletes,</strong></span> 
     </span>
     <span class='ocr_line' id='line_1_13' title="bbox 223 1717 1314 1789; baseline 0.005 -18"><span class='ocrx_word' id='word_1_97' title='bbox 223 1735 279 1773; x_wconf 79' lang='lat' dir='ltr'>m.</span> <span class='ocrx_word' id='word_1_98' title='bbox 298 1721 363 1774; x_wconf 69' lang='grc'>16166.</span> <span class='ocrx_word' id='word_1_99' title='bbox 376 1723 525 1788; x_wconf 77' lang='lat' dir='ltr'><strong>Euthyphr.</strong></span> <span class='ocrx_word' id='word_1_100' title='bbox 538 1737 565 1788; x_wconf 91' lang='lat' dir='ltr'>p.</span> <span class='ocrx_word' id='word_1_101' title='bbox 580 1725 683 1775; x_wconf 78' lang='lat' dir='ltr'>⁴5.D:.</span> <span class='ocrx_word' id='word_1_102' title='bbox 697 1717 751 1774; x_wconf 79' lang='grc' dir='ltr'>οὐκ</span> <span class='ocrx_word' id='word_1_103' title='bbox 788 1723 833 1785; x_wconf 93' lang='lat' dir='ltr'><strong>qui</strong></span> <span class='ocrx_word' id='word_1_104' title='bbox 850 1726 973 1789; x_wconf 83' lang='lat' dir='ltr'><strong>proprios</strong></span> <span class='ocrx_word' id='word_1_105' title='bbox 989 1724 1104 1786; x_wconf 88' lang='grc'>16616666,</span> <span class='ocrx_word' id='word_1_106' title='bbox 1124 1726 1150 1776; x_wconf 92' lang='grc'>66</span> <span class='ocrx_word' id='word_1_107' title='bbox 1168 1740 1201 1776; x_wconf 90' lang='lat' dir='ltr'>eo</span> <span class='ocrx_word' id='word_1_108' title='bbox 1219 1725 1314 1777; x_wconf 86' lang='lat' dir='ltr'><strong>saltem</strong></span> 
     </span>
     <span class='ocr_line' id='line_1_14' title="bbox 222 1791 1313 1870; baseline 0.001 -21"><span class='ocrx_word' id='word_1_109' title='bbox 222 1791 347 1861; x_wconf 71' lang='grc' dir='ltr'><strong><em>ἀφετέος</em></strong></span> <span class='ocrx_word' id='word_1_110' title='bbox 372 1790 574 1870; x_wconf 72' lang='grc' dir='ltr'>61,ωσπερὸ</span> <span class='ocrx_word' id='word_1_111' title='bbox 599 1795 748 1870; x_wconf 75' lang='grc' dir='ltr'>Πρωτεύς,</span> <span class='ocrx_word' id='word_1_112' title='bbox 788 1797 1047 1861; x_wconf 57' lang='lat' dir='ltr'><strong>remurmuremus</strong></span> <span class='ocrx_word' id='word_1_113' title='bbox 1071 1801 1127 1864; x_wconf 85' lang='lat' dir='ltr'><strong>ipse</strong></span> <span class='ocrx_word' id='word_1_114' title='bbox 1154 1813 1261 1864; x_wconf 88' lang='lat' dir='ltr'><strong>quoque</strong></span> <span class='ocrx_word' id='word_1_115' title='bbox 1287 1802 1313 1850; x_wconf 93' lang='lat' dir='ltr'><strong>in</strong></span> 
     </span>
     <span class='ocr_line' id='line_1_15' title="bbox 224 1867 1315 1944; baseline 0.002 -22"><span class='ocrx_word' id='word_1_116' title='bbox 224 1873 290 1943; x_wconf 73' lang='lat' dir='ltr'>uplv</span> <span class='ocrx_word' id='word_1_117' title='bbox 306 1867 445 1944; x_wconf 61' lang='lat' dir='ltr'><strong>esaim.</strong></span> <span class='ocrx_word' id='word_1_118' title='bbox 468 1873 542 1924; x_wconf 85' lang='lat' dir='ltr'><strong>Cooi.</strong></span> <span class='ocrx_word' id='word_1_119' title='bbox 556 1875 653 1934; x_wconf 80' lang='grc'>666.,6</span> <span class='ocrx_word' id='word_1_120' title='bbox 667 1874 694 1934; x_wconf 88' lang='grc'>3,</span> <span class='ocrx_word' id='word_1_121' title='bbox 708 1874 749 1923; x_wconf 80' lang='lat' dir='ltr'><strong>it.</strong></span> <span class='ocrx_word' id='word_1_122' title='bbox 788 1869 877 1922; x_wconf 91' lang='lat' dir='ltr'><strong>locum</strong></span> <span class='ocrx_word' id='word_1_123' title='bbox 903 1871 1020 1936; x_wconf 77' lang='lat' dir='ltr'><strong>aliquem</strong></span> <span class='ocrx_word' id='word_1_124' title='bbox 1046 1887 1208 1935; x_wconf 83' lang='lat' dir='ltr'><strong>amoenum,</strong></span> <span class='ocrx_word' id='word_1_125' title='bbox 1234 1872 1315 1924; x_wconf 80' lang='lat' dir='ltr'><strong>ueluti</strong></span> 
     </span>
    </p>

    <p class='ocr_par' dir='ltr' id='par_1_8' title="bbox 171 1946 1318 4404">
     <span class='ocr_line' id='line_1_16' title="bbox 257 1946 1317 2012; baseline 0.003 -15"><span class='ocrx_word' id='word_1_126' title='bbox 257 1947 285 1998; x_wconf 94' lang='grc'>96</span> <span class='ocrx_word' id='word_1_127' title='bbox 289 1947 342 1998; x_wconf 91' lang='grc'>9-3.</span> <span class='ocrx_word' id='word_1_128' title='bbox 363 1948 428 2010; x_wconf 73' lang='lat' dir='ltr'><strong>Quid</strong></span> <span class='ocrx_word' id='word_1_129' title='bbox 436 1947 561 2012; x_wconf 78' lang='lat' dir='ltr'><strong>pauperi]</strong></span> <span class='ocrx_word' id='word_1_130' title='bbox 574 1947 668 2010; x_wconf 81' lang='lat' dir='ltr'><strong>«Quid,</strong></span> <span class='ocrx_word' id='word_1_131' title='bbox 678 1947 751 2011; x_wconf 91' lang='lat' dir='ltr'><strong>quod</strong></span> <span class='ocrx_word' id='word_1_132' title='bbox 788 1946 877 2006; x_wconf 83' lang='lat' dir='ltr'><strong>Baius,</strong></span> <span class='ocrx_word' id='word_1_133' title='bbox 896 1947 1021 2009; x_wconf 87' lang='lat' dir='ltr'><strong>vehatur,</strong></span> <span class='ocrx_word' id='word_1_134' title='bbox 1041 1961 1102 1998; x_wconf 92' lang='lat' dir='ltr'>cum</span> <span class='ocrx_word' id='word_1_135' title='bbox 1121 1961 1154 1998; x_wconf 90' lang='lat' dir='ltr'>eo</span> <span class='ocrx_word' id='word_1_136' title='bbox 1170 1951 1284 2000; x_wconf 86' lang='lat' dir='ltr'><strong>tamen&#39;</strong></span> <span class='ocrx_word' id='word_1_137' title='bbox 1278 1963 1317 1999; x_wconf 91' lang='grc'>66-</span> 
     </span>
     <span class='ocr_line' id='line_1_17' title="bbox 223 2020 1316 2087; baseline -0.001 -14"><span class='ocrx_word' id='word_1_138' title='bbox 223 2021 266 2073; x_wconf 83' lang='lat' dir='ltr'>vel</span> <span class='ocrx_word' id='word_1_139' title='bbox 279 2035 413 2087; x_wconf 89' lang='lat' dir='ltr'><strong>pauperes</strong></span> <span class='ocrx_word' id='word_1_140' title='bbox 423 2023 495 2074; x_wconf 81' lang='lat' dir='ltr'><strong>haud</strong></span> <span class='ocrx_word' id='word_1_141' title='bbox 504 2024 592 2074; x_wconf 87' lang='lat' dir='ltr'><strong>minus</strong></span> <span class='ocrx_word' id='word_1_142' title='bbox 601 2023 751 2074; x_wconf 82' lang='grc'>666666666-</span> <span class='ocrx_word' id='word_1_143' title='bbox 788 2020 947 2082; x_wconf 83' lang='lat' dir='ltr'><strong>commodo,</strong></span> <span class='ocrx_word' id='word_1_144' title='bbox 966 2023 997 2070; x_wconf 92' lang='lat' dir='ltr'><strong>ut</strong></span> <span class='ocrx_word' id='word_1_145' title='bbox 1013 2035 1099 2086; x_wconf 82' lang='lat' dir='ltr'><strong>aeque</strong></span> <span class='ocrx_word' id='word_1_146' title='bbox 1113 2026 1193 2086; x_wconf 84' lang='lat' dir='ltr'><strong>atque</strong></span> <span class='ocrx_word' id='word_1_147' title='bbox 1205 2021 1316 2074; x_wconf 83' lang='grc'>61166666-</span> 
     </span>
     <span class='ocr_line' id='line_1_18' title="bbox 225 2095 1314 2161; baseline -0.002 -11"><span class='ocrx_word' id='word_1_148' title='bbox 225 2101 265 2150; x_wconf 87' lang='lat' dir='ltr'>tes</span> <span class='ocrx_word' id='word_1_149' title='bbox 282 2099 345 2148; x_wconf 90' lang='lat' dir='ltr'><strong>sunt</strong></span> <span class='ocrx_word' id='word_1_150' title='bbox 360 2097 386 2148; x_wconf 89' lang='lat' dir='ltr'><strong>in</strong></span> <span class='ocrx_word' id='word_1_151' title='bbox 399 2099 454 2148; x_wconf 90' lang='lat' dir='ltr'><strong>toto</strong></span> <span class='ocrx_word' id='word_1_152' title='bbox 466 2100 536 2150; x_wconf 79' lang='lat' dir='ltr'><strong>vitae</strong></span> <span class='ocrx_word' id='word_1_153' title='bbox 549 2102 656 2160; x_wconf 81' lang='lat' dir='ltr'><strong>tenore,</strong></span> <span class='ocrx_word' id='word_1_154' title='bbox 669 2111 751 2161; x_wconf 91' lang='lat' dir='ltr'><strong>quam</strong></span> <span class='ocrx_word' id='word_1_155' title='bbox 787 2098 850 2156; x_wconf 81' lang='grc'>6666,</span> <span class='ocrx_word' id='word_1_156' title='bbox 879 2096 986 2159; x_wconf 84' lang='lat' dir='ltr'><strong>propria</strong></span> <span class='ocrx_word' id='word_1_157' title='bbox 1012 2095 1218 2160; x_wconf 81' lang='lat' dir='ltr'><strong>significatione,</strong></span> <span class='ocrx_word' id='word_1_158' title='bbox 1244 2113 1314 2148; x_wconf 80' lang='lat' dir='ltr'>vao-</span> 
     </span>
     <span class='ocr_line' id='line_1_19' title="bbox 223 2164 1315 2235; baseline 0.001 -13"><span class='ocrx_word' id='word_1_159' title='bbox 223 2169 411 2235; x_wconf 78' lang='lat' dir='ltr'><strong>looupletesi»</strong></span> <span class='ocrx_word' id='word_1_160' title='bbox 437 2197 464 2208; x_wconf 92' lang='lat'>-</span> <span class='ocrx_word' id='word_1_161' title='bbox 488 2173 561 2234; x_wconf 82' lang='lat' dir='ltr'><strong>ltidc]</strong></span> <span class='ocrx_word' id='word_1_162' title='bbox 589 2175 672 2224; x_wconf 84' lang='lat' dir='ltr'><strong>Pravo</strong></span> <span class='ocrx_word' id='word_1_163' title='bbox 701 2173 751 2222; x_wconf 86' lang='lat' dir='ltr'><strong>ista</strong></span> <span class='ocrx_word' id='word_1_164' title='bbox 788 2164 866 2235; x_wconf 75' lang='grc' dir='ltr'>τιᾷν,</span> <span class='ocrx_word' id='word_1_165' title='bbox 893 2169 1049 2220; x_wconf 73' lang='lat' dir='ltr'><strong>scelerarit</strong></span> <span class='ocrx_word' id='word_1_166' title='bbox 1074 2172 1150 2221; x_wconf 80' lang='grc'>6666.</span> <span class='ocrx_word' id='word_1_167' title='bbox 1189 2173 1218 2222; x_wconf 92' lang='grc'>16</span> <span class='ocrx_word' id='word_1_168' title='bbox 1243 2174 1315 2224; x_wconf 89' lang='lat' dir='ltr'><strong>hunc</strong></span> 
     </span>
     <span class='ocr_line' id='line_1_20' title="bbox 222 2244 1316 2310; baseline 0.003 -16"><span class='ocrx_word' id='word_1_169' title='bbox 222 2245 413 2310; x_wconf 80' lang='lat' dir='ltr'>pauperiorum</span> <span class='ocrx_word' id='word_1_170' title='bbox 431 2244 560 2298; x_wconf 82' lang='lat' dir='ltr'><strong>sedulitas</strong></span> <span class='ocrx_word' id='word_1_171' title='bbox 576 2248 603 2296; x_wconf 94' lang='lat' dir='ltr'><strong>iu</strong></span> <span class='ocrx_word' id='word_1_172' title='bbox 622 2246 750 2298; x_wconf 81' lang='lat' dir='ltr'><strong>mutando</strong></span> <span class='ocrx_word' id='word_1_173' title='bbox 789 2244 909 2308; x_wconf 88' lang='lat' dir='ltr'><strong>corporis</strong></span> <span class='ocrx_word' id='word_1_174' title='bbox 918 2245 1050 2308; x_wconf 80' lang='lat' dir='ltr'><strong>ingratum</strong></span> <span class='ocrx_word' id='word_1_175' title='bbox 1059 2246 1184 2296; x_wconf 78' lang='lat' dir='ltr'><strong>ellectum</strong></span> <span class='ocrx_word' id='word_1_176' title='bbox 1195 2248 1248 2298; x_wconf 84' lang='lat' dir='ltr'><strong>exit</strong></span> <span class='ocrx_word' id='word_1_177' title='bbox 1260 2251 1316 2297; x_wconf 86' lang='lat' dir='ltr'><strong>tun·</strong></span> 
     </span>
     <span class='ocr_line' id='line_1_21' title="bbox 224 2318 1318 2386; baseline 0.002 -16"><span class='ocrx_word' id='word_1_178' title='bbox 224 2331 333 2384; x_wconf 87' lang='lat' dir='ltr'><strong>semper</strong></span> <span class='ocrx_word' id='word_1_179' title='bbox 359 2321 431 2371; x_wconf 81' lang='lat' dir='ltr'><strong>victu</strong></span> <span class='ocrx_word' id='word_1_180' title='bbox 460 2319 585 2386; x_wconf 89' lang='lat' dir='ltr'><strong>cultuque</strong></span> <span class='ocrx_word' id='word_1_181' title='bbox 614 2333 667 2372; x_wconf 90' lang='lat' dir='ltr'>non</span> <span class='ocrx_word' id='word_1_182' title='bbox 692 2322 750 2372; x_wconf 89' lang='lat' dir='ltr'><strong>sine</strong></span> <span class='ocrx_word' id='word_1_183' title='bbox 789 2318 852 2369; x_wconf 90' lang='lat' dir='ltr'>dem</span> <span class='ocrx_word' id='word_1_184' title='bbox 869 2321 975 2382; x_wconf 88' lang='lat' dir='ltr'><strong>utrique</strong></span> <span class='ocrx_word' id='word_1_185' title='bbox 993 2323 1100 2385; x_wconf 81' lang='lat' dir='ltr'><strong>sperata</strong></span> <span class='ocrx_word' id='word_1_186' title='bbox 1121 2322 1221 2373; x_wconf 90' lang='lat' dir='ltr'><strong>itineris</strong></span> <span class='ocrx_word' id='word_1_187' title='bbox 1238 2321 1318 2372; x_wconf 86' lang='lat' dir='ltr'><strong>volu·</strong></span> 
     </span>
     <span class='ocr_line' id='line_1_22' title="bbox 223 2393 1317 2460; baseline 0.002 -16"><span class='ocrx_word' id='word_1_188' title='bbox 223 2393 331 2460; x_wconf 91' lang='lat' dir='ltr'><strong>propria</strong></span> <span class='ocrx_word' id='word_1_189' title='bbox 342 2393 463 2446; x_wconf 85' lang='lat' dir='ltr'><strong>molestie</strong></span> <span class='ocrx_word' id='word_1_190' title='bbox 473 2393 677 2456; x_wconf 78' lang='lat' dir='ltr'><strong>elaborentium,</strong></span> <span class='ocrx_word' id='word_1_191' title='bbox 688 2409 750 2446; x_wconf 85' lang='lat' dir='ltr'><strong>cunr</strong></span> <span class='ocrx_word' id='word_1_192' title='bbox 788 2395 860 2457; x_wconf 84' lang='lat' dir='ltr'><strong>pins,</strong></span> <span class='ocrx_word' id='word_1_193' title='bbox 880 2395 956 2444; x_wconf 88' lang='lat' dir='ltr'><strong>cuius</strong></span> <span class='ocrx_word' id='word_1_194' title='bbox 973 2397 1088 2459; x_wconf 91' lang='lat' dir='ltr'><strong>uterque</strong></span> <span class='ocrx_word' id='word_1_195' title='bbox 1101 2409 1188 2460; x_wconf 83' lang='lat' dir='ltr'><strong>nequo</strong></span> <span class='ocrx_word' id='word_1_196' title='bbox 1205 2409 1266 2448; x_wconf 84' lang='lat' dir='ltr'><strong>mor</strong></span> <span class='ocrx_word' id='word_1_197' title='bbox 1279 2397 1317 2446; x_wconf 85' lang='lat' dir='ltr'><strong>ai-</strong></span> 
     </span>
     <span class='ocr_line' id='line_1_23' title="bbox 224 2467 1316 2536; baseline 0.002 -16"><span class='ocrx_word' id='word_1_198' title='bbox 224 2467 259 2520; x_wconf 87' lang='lat' dir='ltr'>ed</span> <span class='ocrx_word' id='word_1_199' title='bbox 276 2469 358 2518; x_wconf 85' lang='lat' dir='ltr'><strong>vitem</strong></span> <span class='ocrx_word' id='word_1_200' title='bbox 375 2467 541 2520; x_wconf 77' lang='lat' dir='ltr'><strong>tolerandum</strong></span> <span class='ocrx_word' id='word_1_201' title='bbox 559 2469 634 2533; x_wconf 83' lang='lat' dir='ltr'><strong>longe</strong></span> <span class='ocrx_word' id='word_1_202' title='bbox 652 2469 702 2520; x_wconf 89' lang='grc'>6166</span> <span class='ocrx_word' id='word_1_203' title='bbox 719 2471 751 2522; x_wconf 91' lang='lat' dir='ltr'>iis</span> <span class='ocrx_word' id='word_1_204' title='bbox 788 2468 875 2518; x_wconf 86' lang='lat' dir='ltr'><strong>ficitur</strong></span> <span class='ocrx_word' id='word_1_205' title='bbox 887 2468 1017 2520; x_wconf 73' lang='lat' dir='ltr'><strong>fastidio.»</strong></span> <span class='ocrx_word' id='word_1_206' title='bbox 1035 2469 1092 2521; x_wconf 83' lang='lat' dir='ltr'><strong>Noli</strong></span> <span class='ocrx_word' id='word_1_207' title='bbox 1104 2476 1194 2522; x_wconf 87' lang='lat' dir='ltr'><strong>autem</strong></span> <span class='ocrx_word' id='word_1_208' title='bbox 1205 2475 1316 2536; x_wconf 90' lang='lat' dir='ltr'><strong>propter</strong></span> 
     </span>
     <span class='ocr_line' id='line_1_24' title="bbox 225 2541 1316 2608; baseline 0.002 -14"><span class='ocrx_word' id='word_1_209' title='bbox 225 2541 327 2608; x_wconf 80' lang='lat' dir='ltr'><strong>agenda</strong></span> <span class='ocrx_word' id='word_1_210' title='bbox 346 2547 451 2605; x_wconf 88' lang='lat' dir='ltr'><strong>essent,</strong></span> <span class='ocrx_word' id='word_1_211' title='bbox 478 2543 603 2606; x_wconf 85' lang='lat' dir='ltr'><strong>ridicula,</strong></span> <span class='ocrx_word' id='word_1_212' title='bbox 631 2546 661 2595; x_wconf 93' lang='lat' dir='ltr'><strong>ut</strong></span> <span class='ocrx_word' id='word_1_213' title='bbox 686 2558 751 2596; x_wconf 87' lang='lat' dir='ltr'><strong>con·</strong></span> <span class='ocrx_word' id='word_1_214' title='bbox 788 2543 880 2594; x_wconf 90' lang='lat' dir='ltr'><strong>nescio</strong></span> <span class='ocrx_word' id='word_1_215' title='bbox 898 2558 966 2608; x_wconf 87' lang='lat' dir='ltr'><strong>ques</strong></span> <span class='ocrx_word' id='word_1_216' title='bbox 983 2545 1092 2596; x_wconf 89' lang='lat' dir='ltr'><strong>delicias</strong></span> <span class='ocrx_word' id='word_1_217' title='bbox 1109 2560 1134 2597; x_wconf 84' lang='lat' dir='ltr'>v.</span> <span class='ocrx_word' id='word_1_218' title='bbox 1152 2546 1316 2599; x_wconf 75' lang='grc'>6666666616-</span> 
     </span>
     <span class='ocr_line' id='line_1_25' title="bbox 224 2619 1316 2685; baseline 0.001 -14"><span class='ocrx_word' id='word_1_219' title='bbox 224 2621 384 2671; x_wconf 87' lang='lat' dir='ltr'><strong>sentaneum</strong></span> <span class='ocrx_word' id='word_1_220' title='bbox 402 2622 456 2681; x_wconf 89' lang='lat' dir='ltr'><strong>est,</strong></span> <span class='ocrx_word' id='word_1_221' title='bbox 482 2619 566 2670; x_wconf 86' lang='lat' dir='ltr'><strong>videri</strong></span> <span class='ocrx_word' id='word_1_222' title='bbox 584 2619 666 2670; x_wconf 86' lang='lat' dir='ltr'><strong>dehet</strong></span> <span class='ocrx_word' id='word_1_223' title='bbox 683 2619 751 2670; x_wconf 85' lang='lat' dir='ltr'><strong>divi·</strong></span> <span class='ocrx_word' id='word_1_224' title='bbox 789 2619 829 2667; x_wconf 88' lang='lat' dir='ltr'>ter</span> <span class='ocrx_word' id='word_1_225' title='bbox 846 2630 928 2681; x_wconf 89' lang='lat' dir='ltr'><strong>quam</strong></span> <span class='ocrx_word' id='word_1_226' title='bbox 948 2621 1057 2683; x_wconf 91' lang='lat' dir='ltr'><strong>proprie</strong></span> <span class='ocrx_word' id='word_1_227' title='bbox 1078 2621 1258 2685; x_wconf 77' lang='lat' dir='ltr'><strong>interpretari,</strong></span> <span class='ocrx_word' id='word_1_228' title='bbox 1287 2623 1316 2672; x_wconf 95' lang='lat' dir='ltr'><strong>ut</strong></span> 
     </span>
     <span class='ocr_line' id='line_1_26' title="bbox 224 2691 1314 2758; baseline -0.001 -13"><span class='ocrx_word' id='word_1_229' title='bbox 224 2693 296 2746; x_wconf 87' lang='lat' dir='ltr'><strong>tibus</strong></span> <span class='ocrx_word' id='word_1_230' title='bbox 308 2695 388 2746; x_wconf 79' lang='lat' dir='ltr'><strong>etiem</strong></span> <span class='ocrx_word' id='word_1_231' title='bbox 400 2693 462 2755; x_wconf 90' lang='lat' dir='ltr'><strong>illis,</strong></span> <span class='ocrx_word' id='word_1_232' title='bbox 482 2695 526 2758; x_wconf 93' lang='lat' dir='ltr'><strong>qui</strong></span> <span class='ocrx_word' id='word_1_233' title='bbox 542 2695 673 2758; x_wconf 86' lang='lat' dir='ltr'><strong>pecuniae</strong></span> <span class='ocrx_word' id='word_1_234' title='bbox 686 2707 750 2745; x_wconf 88' lang='lat' dir='ltr'><strong>suae</strong></span> <span class='ocrx_word' id='word_1_235' title='bbox 788 2691 974 2742; x_wconf 85' lang='lat' dir='ltr'><strong>tautummodo</strong></span> <span class='ocrx_word' id='word_1_236' title='bbox 1002 2694 1146 2756; x_wconf 81' lang='lat' dir='ltr'><strong>significet:</strong></span> <span class='ocrx_word' id='word_1_237' title='bbox 1178 2693 1314 2757; x_wconf 77' lang='grc'>6166666166,</span> 
     </span>
     <span class='ocr_line' id='line_1_27' title="bbox 224 2765 1318 2833; baseline -0.002 -13"><span class='ocrx_word' id='word_1_238' title='bbox 224 2767 366 2821; x_wconf 76' lang='lat' dir='ltr'><strong>illudentes</strong></span> <span class='ocrx_word' id='word_1_239' title='bbox 392 2783 478 2833; x_wconf 87' lang='lat' dir='ltr'><strong>eoque</strong></span> <span class='ocrx_word' id='word_1_240' title='bbox 504 2770 686 2820; x_wconf 80' lang='lat' dir='ltr'><strong>inconstanter</strong></span> <span class='ocrx_word' id='word_1_241' title='bbox 711 2770 751 2818; x_wconf 91' lang='lat' dir='ltr'><strong>vi·</strong></span> <span class='ocrx_word' id='word_1_242' title='bbox 789 2766 847 2828; x_wconf 89' lang='lat' dir='ltr'><strong>ipse</strong></span> <span class='ocrx_word' id='word_1_243' title='bbox 864 2765 913 2815; x_wconf 89' lang='lat' dir='ltr'><strong>sibi</strong></span> <span class='ocrx_word' id='word_1_244' title='bbox 932 2765 1078 2830; x_wconf 82' lang='lat' dir='ltr'><strong>displicet.»</strong></span> <span class='ocrx_word' id='word_1_245' title='bbox 1100 2767 1153 2818; x_wconf 87' lang='lat' dir='ltr'><strong>Cir.</strong></span> <span class='ocrx_word' id='word_1_246' title='bbox 1167 2769 1248 2819; x_wconf 87' lang='lat' dir='ltr'><strong>etiem</strong></span> <span class='ocrx_word' id='word_1_247' title='bbox 1260 2767 1318 2819; x_wconf 88' lang='lat' dir='ltr'>Plu</span> 
     </span>
     <span class='ocr_line' id='line_1_28' title="bbox 223 2838 1316 2906; baseline -0.004 -10"><span class='ocrx_word' id='word_1_248' title='bbox 223 2847 298 2896; x_wconf 87' lang='lat' dir='ltr'><strong>vunt.</strong></span> <span class='ocrx_word' id='word_1_249' title='bbox 334 2845 380 2896; x_wconf 85' lang='lat' dir='ltr'><strong>Est</strong></span> <span class='ocrx_word' id='word_1_250' title='bbox 396 2845 531 2906; x_wconf 65' lang='lat' dir='ltr'><strong>tartum«</strong></span> <span class='ocrx_word' id='word_1_251' title='bbox 519 2845 566 2896; x_wconf 79' lang='lat' dir='ltr'><strong>«Et</strong></span> <span class='ocrx_word' id='word_1_252' title='bbox 583 2845 626 2905; x_wconf 87' lang='grc'>66,</span> <span class='ocrx_word' id='word_1_253' title='bbox 644 2845 751 2895; x_wconf 84' lang='grc'>116666-</span> <span class='ocrx_word' id='word_1_254' title='bbox 790 2839 874 2888; x_wconf 82' lang='lat' dir='ltr'><strong>turchi</strong></span> <span class='ocrx_word' id='word_1_255' title='bbox 892 2838 980 2890; x_wconf 88' lang='lat' dir='ltr'><strong>locum</strong></span> <span class='ocrx_word' id='word_1_256' title='bbox 993 2841 1075 2891; x_wconf 83' lang='lat' dir='ltr'><strong>nostri</strong></span> <span class='ocrx_word' id='word_1_257' title='bbox 1087 2840 1214 2902; x_wconf 82' lang='lat' dir='ltr'><strong>similem</strong></span> <span class='ocrx_word' id='word_1_258' title='bbox 1233 2843 1316 2892; x_wconf 86' lang='lat' dir='ltr'><strong>ioma</strong></span> 
     </span>
     <span class='ocr_line' id='line_1_29' title="bbox 225 2912 1314 2983; baseline -0.004 -13"><span class='ocrx_word' id='word_1_259' title='bbox 225 2933 287 2982; x_wconf 85' lang='lat' dir='ltr'><strong>nes,</strong></span> <span class='ocrx_word' id='word_1_260' title='bbox 305 2921 334 2970; x_wconf 89' lang='lat' dir='ltr'>et</span> <span class='ocrx_word' id='word_1_261' title='bbox 351 2919 505 2983; x_wconf 86' lang='lat' dir='ltr'><strong>quicunque</strong></span> <span class='ocrx_word' id='word_1_262' title='bbox 523 2917 591 2968; x_wconf 90' lang='lat' dir='ltr'><strong>haec</strong></span> <span class='ocrx_word' id='word_1_263' title='bbox 602 2918 687 2979; x_wconf 82' lang='lat' dir='ltr'><strong>leget</strong></span> <span class='ocrx_word' id='word_1_264' title='bbox 706 2915 753 2966; x_wconf 88' lang='grc'>166-</span> <span class='ocrx_word' id='word_1_265' title='bbox 790 2912 908 2975; x_wconf 89' lang='lat' dir='ltr'><strong>Cruquio</strong></span> <span class='ocrx_word' id='word_1_266' title='bbox 924 2912 1047 2976; x_wconf 87' lang='grc'>61166666,</span> <span class='ocrx_word' id='word_1_267' title='bbox 1067 2915 1101 2964; x_wconf 85' lang='grc'>(16</span> <span class='ocrx_word' id='word_1_268' title='bbox 1119 2917 1214 2978; x_wconf 87' lang='lat' dir='ltr'><strong>Truuq.</strong></span> <span class='ocrx_word' id='word_1_269' title='bbox 1234 2917 1314 2966; x_wconf 87' lang='grc'>6666666</span> 
     </span>
     <span class='ocr_line' id='line_1_30' title="bbox 224 2985 1315 3059; baseline -0.001 -17"><span class='ocrx_word' id='word_1_270' title='bbox 224 2993 284 3054; x_wconf 88' lang='grc'>1666,</span> <span class='ocrx_word' id='word_1_271' title='bbox 303 3007 353 3045; x_wconf 87' lang='lat' dir='ltr'><strong>cur</strong></span> <span class='ocrx_word' id='word_1_272' title='bbox 369 2991 469 3042; x_wconf 79' lang='lat' dir='ltr'><strong>rideat»</strong></span> <span class='ocrx_word' id='word_1_273' title='bbox 483 2995 535 3042; x_wconf 88' lang='lat' dir='ltr'><strong>cet.</strong></span> <span class='ocrx_word' id='word_1_274' title='bbox 549 2989 704 3042; x_wconf 83' lang='lat' dir='ltr'><strong>Bentlernno</strong></span> <span class='ocrx_word' id='word_1_275' title='bbox 716 2988 751 3038; x_wconf 88' lang='grc'>6116</span> <span class='ocrx_word' id='word_1_276' title='bbox 789 2987 855 3036; x_wconf 79' lang='lat' dir='ltr'><strong>c.:3</strong></span> <span class='ocrx_word' id='word_1_277' title='bbox 883 3002 980 3059; x_wconf 70' lang='lat' dir='ltr'><strong>merop</strong></span> <span class='ocrx_word' id='word_1_278' title='bbox 1003 2987 1035 3037; x_wconf 84' lang='lat' dir='ltr'><strong>oi</strong></span> <span class='ocrx_word' id='word_1_279' title='bbox 1053 2985 1142 3039; x_wconf 77' lang='grc'>666166</span> <span class='ocrx_word' id='word_1_280' title='bbox 1158 2991 1208 3040; x_wconf 76' lang='grc' dir='ltr'>καὶ</span> <span class='ocrx_word' id='word_1_281' title='bbox 1229 3005 1315 3041; x_wconf 81' lang='grc' dir='ltr'>ναυ-</span> 
     </span>
     <span class='ocr_line' id='line_1_31' title="bbox 222 3057 1315 3134; baseline -0.004 -16"><span class='ocrx_word' id='word_1_282' title='bbox 222 3069 297 3118; x_wconf 79' lang='lat' dir='ltr'><strong>otiien</strong></span> <span class='ocrx_word' id='word_1_283' title='bbox 312 3073 341 3117; x_wconf 79' lang='grc'>66</span> <span class='ocrx_word' id='word_1_284' title='bbox 361 3065 436 3118; x_wconf 90' lang='lat' dir='ltr'><strong>locus</strong></span> <span class='ocrx_word' id='word_1_285' title='bbox 458 3067 499 3117; x_wconf 89' lang='lat' dir='ltr'>est</span> <span class='ocrx_word' id='word_1_286' title='bbox 519 3066 630 3130; x_wconf 88' lang='lat' dir='ltr'><strong>potius&#39;</strong></span> <span class='ocrx_word' id='word_1_287' title='bbox 624 3079 650 3116; x_wconf 90' lang='grc'>66</span> <span class='ocrx_word' id='word_1_288' title='bbox 668 3065 749 3115; x_wconf 84' lang='lat' dir='ltr'><strong>actio·</strong></span> <span class='ocrx_word' id='word_1_289' title='bbox 789 3057 931 3124; x_wconf 80' lang='grc' dir='ltr'><em>τιῶντες</em></span> <span class='ocrx_word' id='word_1_290' title='bbox 947 3062 979 3114; x_wconf 82' lang='grc' dir='ltr'>ἐν</span> <span class='ocrx_word' id='word_1_291' title='bbox 995 3057 1035 3130; x_wconf 78' lang='grc' dir='ltr'>τῷ</span> <span class='ocrx_word' id='word_1_292' title='bbox 1052 3062 1146 3126; x_wconf 78' lang='grc' dir='ltr'>πλεῖν,</span> <span class='ocrx_word' id='word_1_293' title='bbox 1165 3059 1227 3115; x_wconf 71' lang='grc' dir='ltr'>εἶτα</span> <span class='ocrx_word' id='word_1_294' title='bbox 1242 3059 1315 3134; x_wconf 81' lang='grc' dir='ltr'><em>ῥᾷον</em></span> 
     </span>
     <span class='ocr_line' id='line_1_32' title="bbox 224 3133 1315 3206; baseline -0.004 -12"><span class='ocrx_word' id='word_1_295' title='bbox 224 3141 304 3194; x_wconf 83' lang='lat' dir='ltr'><strong>nibus</strong></span> <span class='ocrx_word' id='word_1_296' title='bbox 321 3142 349 3192; x_wconf 92' lang='lat' dir='ltr'>et</span> <span class='ocrx_word' id='word_1_297' title='bbox 371 3141 473 3191; x_wconf 87' lang='lat' dir='ltr'><strong>eventis</strong></span> <span class='ocrx_word' id='word_1_298' title='bbox 495 3140 648 3204; x_wconf 88' lang='lat' dir='ltr'><strong>improvisis</strong></span> <span class='ocrx_word' id='word_1_299' title='bbox 671 3141 751 3202; x_wconf 89' lang='lat' dir='ltr'><strong>atquc</strong></span> <span class='ocrx_word' id='word_1_300' title='bbox 790 3133 921 3202; x_wconf 73' lang='grc' dir='ltr'><strong><em>οἰόμενοι</em></strong></span> <span class='ocrx_word' id='word_1_301' title='bbox 936 3133 1058 3203; x_wconf 78' lang='grc' dir='ltr'>διάξειν,</span> <span class='ocrx_word' id='word_1_302' title='bbox 1081 3135 1133 3190; x_wconf 79' lang='grc' dir='ltr'>ἐὰν</span> <span class='ocrx_word' id='word_1_303' title='bbox 1151 3141 1191 3202; x_wconf 84' lang='grc' dir='ltr'>εἰς</span> <span class='ocrx_word' id='word_1_304' title='bbox 1208 3137 1315 3206; x_wconf 80' lang='grc' dir='ltr'><em>γαῦλον</em></span> 
     </span>
     <span class='ocr_line' id='line_1_33' title="bbox 224 3205 1317 3286; baseline -0.004 -20"><span class='ocrx_word' id='word_1_305' title='bbox 224 3215 427 3266; x_wconf 78' lang='lat' dir='ltr'><strong>admirationem</strong></span> <span class='ocrx_word' id='word_1_306' title='bbox 445 3213 675 3265; x_wconf 73' lang='grc'>6666666666.-</span> <span class='ocrx_word' id='word_1_307' title='bbox 693 3225 752 3262; x_wconf 81' lang='lat' dir='ltr'><strong>coe-</strong></span> <span class='ocrx_word' id='word_1_308' title='bbox 789 3205 849 3276; x_wconf 81' lang='grc' dir='ltr'>ἐξ’</span> <span class='ocrx_word' id='word_1_309' title='bbox 831 3211 957 3275; x_wconf 68' lang='lat' dir='ltr'><strong>andree,</strong></span> <span class='ocrx_word' id='word_1_310' title='bbox 970 3215 1020 3264; x_wconf 80' lang='grc' dir='ltr'>καὶ</span> <span class='ocrx_word' id='word_1_311' title='bbox 1032 3210 1179 3266; x_wconf 70' lang='grc' dir='ltr'>66116νέ66</span> <span class='ocrx_word' id='word_1_312' title='bbox 1189 3217 1229 3277; x_wconf 82' lang='grc' dir='ltr'>εις</span> <span class='ocrx_word' id='word_1_313' title='bbox 1241 3211 1317 3286; x_wconf 76' lang='grc' dir='ltr'><em>τριή-</em></span> 
     </span>
     <span class='ocr_line' id='line_1_34' title="bbox 225 3283 1314 3374; baseline -0.002 -32"><span class='ocrx_word' id='word_1_314' title='bbox 225 3290 457 3352; x_wconf 70' lang='lat' dir='ltr'><strong>wedewei-rou.</strong></span> <span class='ocrx_word' id='word_1_315' title='bbox 468 3289 495 3338; x_wconf 85' lang='lat' dir='ltr'>L.</span> <span class='ocrx_word' id='word_1_316' title='bbox 505 3289 529 3338; x_wconf 87' lang='lat' dir='ltr'>tt.</span> <span class='ocrx_word' id='word_1_317' title='bbox 536 3301 564 3352; x_wconf 90' lang='lat' dir='ltr'>p.</span> <span class='ocrx_word' id='word_1_318' title='bbox 574 3289 631 3338; x_wconf 79' lang='grc'>666.</span> <span class='ocrx_word' id='word_1_319' title='bbox 642 3289 750 3372; x_wconf 44' lang='grc'>6666666</span> <span class='ocrx_word' id='word_1_320' title='bbox 789 3303 825 3374; x_wconf 77' lang='lat' dir='ltr'>pq</span> <span class='ocrx_word' id='word_1_321' title='bbox 842 3286 1018 3353; x_wconf 77' lang='grc' dir='ltr'>μεταβῶσιν,</span> <span class='ocrx_word' id='word_1_322' title='bbox 1037 3283 1121 3340; x_wconf 79' lang='grc' dir='ltr'><em>οὐδὲν</em></span> <span class='ocrx_word' id='word_1_323' title='bbox 1136 3293 1314 3361; x_wconf 72' lang='lat' dir='ltr'><strong>nepatvoucc,</strong></span> 
     </span>
     <span class='ocr_line' id='line_1_35' title="bbox 227 3357 1316 3430; baseline 0.001 -15"><span class='ocrx_word' id='word_1_324' title='bbox 227 3366 272 3416; x_wconf 86' lang='grc'>1166</span> <span class='ocrx_word' id='word_1_325' title='bbox 287 3364 440 3425; x_wconf 74' lang='lat' dir='ltr'><strong>coenabant</strong></span> <span class='ocrx_word' id='word_1_326' title='bbox 461 3363 662 3414; x_wconf 81' lang='lat' dir='ltr'><strong>coenaculum</strong></span> <span class='ocrx_word' id='word_1_327' title='bbox 681 3363 752 3413; x_wconf 84' lang='lat' dir='ltr'><strong>voci·</strong></span> <span class='ocrx_word' id='word_1_328' title='bbox 788 3357 842 3428; x_wconf 77' lang='grc' dir='ltr'>τὴν</span> <span class='ocrx_word' id='word_1_329' title='bbox 862 3359 955 3429; x_wconf 68' lang='grc' dir='ltr'><strong><em>χολὴν</em></strong></span> <span class='ocrx_word' id='word_1_330' title='bbox 976 3359 1316 3430; x_wconf 57' lang='lat' dir='ltr'><strong>corporeitatem</strong></span> 
     </span>
     <span class='ocr_line' id='line_1_36' title="bbox 225 3438 1316 3510; baseline 0 -19"><span class='ocrx_word' id='word_1_331' title='bbox 225 3439 348 3492; x_wconf 75' lang='lat' dir='ltr'><strong>rocem·</strong></span> <span class='ocrx_word' id='word_1_332' title='bbox 359 3440 552 3500; x_wconf 74' lang='lat' dir='ltr'><strong>-Portecqccm</strong></span> <span class='ocrx_word' id='word_1_333' title='bbox 574 3438 602 3488; x_wconf 85' lang='grc'>66</span> <span class='ocrx_word' id='word_1_334' title='bbox 625 3438 753 3500; x_wconf 77' lang='lat' dir='ltr'><strong>superiore</strong></span> <span class='ocrx_word' id='word_1_335' title='bbox 788 3439 1000 3510; x_wconf 78' lang='grc' dir='ltr'><em>μεταφέροντες</em></span> <span class='ocrx_word' id='word_1_336' title='bbox 1025 3439 1149 3504; x_wconf 79' lang='grc' dir='ltr'>ἑαυτοῖς.</span> <span class='ocrx_word' id='word_1_337' title='bbox 1184 3440 1316 3492; x_wconf 85' lang='lat' dir='ltr'><strong>Huiusce-</strong></span> 
     </span>
     <span class='ocr_line' id='line_1_37' title="bbox 222 3511 1315 3581; baseline -0.003 -14"><span class='ocrx_word' id='word_1_338' title='bbox 222 3523 298 3581; x_wconf 84' lang='lat' dir='ltr'><strong>porte</strong></span> <span class='ocrx_word' id='word_1_339' title='bbox 307 3517 434 3568; x_wconf 74' lang='lat' dir='ltr'><strong>coenitare</strong></span> <span class='ocrx_word' id='word_1_340' title='bbox 450 3519 599 3578; x_wconf 71' lang='lat' dir='ltr'><strong>coeperint,</strong></span> <span class='ocrx_word' id='word_1_341' title='bbox 617 3516 753 3577; x_wconf 75' lang='lat' dir='ltr'><strong>superioris</strong></span> <span class='ocrx_word' id='word_1_342' title='bbox 790 3511 862 3563; x_wconf 90' lang='lat' dir='ltr'><strong>modi</strong></span> <span class='ocrx_word' id='word_1_343' title='bbox 885 3516 1000 3564; x_wconf 86' lang='lat' dir='ltr'><strong>autem</strong></span> <span class='ocrx_word' id='word_1_344' title='bbox 993 3516 1122 3578; x_wconf 78' lang='lat' dir='ltr'><strong>imagines</strong></span> <span class='ocrx_word' id='word_1_345' title='bbox 1143 3515 1253 3566; x_wconf 88' lang='lat' dir='ltr'><strong>minime</strong></span> <span class='ocrx_word' id='word_1_346' title='bbox 1275 3515 1315 3566; x_wconf 85' lang='grc'>16-</span> 
     </span>
     <span class='ocr_line' id='line_1_38' title="bbox 225 3587 1314 3653; baseline -0.004 -11"><span class='ocrx_word' id='word_1_347' title='bbox 225 3593 312 3642; x_wconf 77' lang='grc'>666666</span> <span class='ocrx_word' id='word_1_348' title='bbox 333 3589 650 3650; x_wconf 70' lang='grc'>666666666666666666</span> <span class='ocrx_word' id='word_1_349' title='bbox 675 3590 751 3640; x_wconf 79' lang='lat' dir='ltr'><strong>dicta.</strong></span> <span class='ocrx_word' id='word_1_350' title='bbox 789 3587 1060 3653; x_wconf 87' lang='lat' dir='ltr'><strong>stidiobantuntiqui,</strong></span> <span class='ocrx_word' id='word_1_351' title='bbox 1079 3590 1117 3640; x_wconf 90' lang='lat' dir='ltr'>uti</span> <span class='ocrx_word' id='word_1_352' title='bbox 1134 3588 1217 3652; x_wconf 89' lang='lat' dir='ltr'><strong>liquet</strong></span> <span class='ocrx_word' id='word_1_353' title='bbox 1227 3587 1270 3638; x_wconf 87' lang='lat' dir='ltr'>vel</span> <span class='ocrx_word' id='word_1_354' title='bbox 1282 3603 1314 3638; x_wconf 84' lang='lat' dir='ltr'>ex</span> 
     </span>
     <span class='ocr_line' id='line_1_39' title="bbox 225 3662 1315 3731; baseline -0.005 -15"><span class='ocrx_word' id='word_1_355' title='bbox 225 3664 397 3731; x_wconf 76' lang='grc'>(6666666666</span> <span class='ocrx_word' id='word_1_356' title='bbox 413 3665 528 3726; x_wconf 69' lang='lat' dir='ltr'><strong>ruperim</strong></span> <span class='ocrx_word' id='word_1_357' title='bbox 544 3663 621 3728; x_wconf 80' lang='lat' dir='ltr'><strong>Apul.</strong></span> <span class='ocrx_word' id='word_1_358' title='bbox 640 3665 702 3715; x_wconf 85' lang='grc'>1666.</span> <span class='ocrx_word' id='word_1_359' title='bbox 720 3665 750 3725; x_wconf 89' lang='grc'>9,</span> <span class='ocrx_word' id='word_1_360' title='bbox 789 3663 848 3726; x_wconf 89' lang='lat' dir='ltr'><strong>ipso</strong></span> <span class='ocrx_word' id='word_1_361' title='bbox 865 3662 972 3712; x_wconf 83' lang='lat' dir='ltr'><strong>Horatio</strong></span> <span class='ocrx_word' id='word_1_362' title='bbox 984 3663 1068 3727; x_wconf 88' lang='lat' dir='ltr'><strong>Epod.</strong></span> <span class='ocrx_word' id='word_1_363' title='bbox 1083 3664 1112 3724; x_wconf 90' lang='grc'>9,</span> <span class='ocrx_word' id='word_1_364' title='bbox 1126 3663 1171 3714; x_wconf 78' lang='lat'>35:</span> <span class='ocrx_word' id='word_1_365' title='bbox 1194 3662 1236 3711; x_wconf 85' lang='lat' dir='ltr'><strong>Vct</strong></span> <span class='ocrx_word' id='word_1_366' title='bbox 1249 3663 1315 3724; x_wconf 81' lang='lat' dir='ltr'><strong>qood</strong></span> 
     </span>
     <span class='ocr_line' id='line_1_40' title="bbox 225 3737 1315 3807; baseline -0.006 -15"><span class='ocrx_word' id='word_1_367' title='bbox 225 3739 277 3807; x_wconf 85' lang='grc'>63.)</span> <span class='ocrx_word' id='word_1_368' title='bbox 305 3739 376 3792; x_wconf 82' lang='lat' dir='ltr'><strong>&#39;ralia</strong></span> <span class='ocrx_word' id='word_1_369' title='bbox 391 3743 482 3790; x_wconf 89' lang='lat' dir='ltr'><strong>eutem</strong></span> <span class='ocrx_word' id='word_1_370' title='bbox 499 3738 637 3790; x_wconf 81' lang='lat' dir='ltr'><strong>coenaculo</strong></span> <span class='ocrx_word' id='word_1_371' title='bbox 651 3740 753 3789; x_wconf 80' lang='lat' dir='ltr'><strong>merito·</strong></span> <span class='ocrx_word' id='word_1_372' title='bbox 787 3739 904 3802; x_wconf 69' lang='lat' dir='ltr'><strong>timum</strong></span> <span class='ocrx_word' id='word_1_373' title='bbox 924 3751 1047 3788; x_wconf 78' lang='grc'>66666666</span> <span class='ocrx_word' id='word_1_374' title='bbox 1070 3737 1215 3801; x_wconf 80' lang='lat' dir='ltr'><strong>(vomitum)</strong></span> <span class='ocrx_word' id='word_1_375' title='bbox 1240 3739 1315 3786; x_wconf 77' lang='grc'>6666-</span> 
     </span>
     <span class='ocr_line' id='line_1_41' title="bbox 224 3809 1314 3879; baseline -0.006 -12"><span class='ocrx_word' id='word_1_376' title='bbox 224 3817 268 3866; x_wconf 83' lang='lat' dir='ltr'><strong>rta</strong></span> <span class='ocrx_word' id='word_1_377' title='bbox 284 3817 401 3879; x_wconf 84' lang='lat' dir='ltr'><strong>(sueton.</strong></span> <span class='ocrx_word' id='word_1_378' title='bbox 414 3811 501 3864; x_wconf 84' lang='grc'>1666611.</span> <span class='ocrx_word' id='word_1_379' title='bbox 514 3815 549 3877; x_wconf 79' lang='lat' dir='ltr'><strong>i.)</strong></span> <span class='ocrx_word' id='word_1_380' title='bbox 566 3812 754 3864; x_wconf 79' lang='lat' dir='ltr'><strong>conducebant</strong></span> <span class='ocrx_word' id='word_1_381' title='bbox 789 3816 853 3873; x_wconf 80' lang='lat' dir='ltr'><strong>ccci,</strong></span> <span class='ocrx_word' id='word_1_382' title='bbox 862 3813 951 3862; x_wconf 78' lang='lat' dir='ltr'><strong>Metire</strong></span> <span class='ocrx_word' id='word_1_383' title='bbox 958 3812 1028 3863; x_wconf 79' lang='lat' dir='ltr'><strong>cobis</strong></span> <span class='ocrx_word' id='word_1_384' title='bbox 1037 3811 1186 3863; x_wconf 79' lang='grc'>0666666661</span> <span class='ocrx_word' id='word_1_385' title='bbox 1196 3837 1222 3846; x_wconf 88' lang='lat'>—</span> <span class='ocrx_word' id='word_1_386' title='bbox 1227 3809 1314 3875; x_wconf 78' lang='lat' dir='ltr'><strong>privo]</strong></span> 
     </span>
     <span class='ocr_line' id='line_1_42' title="bbox 226 3886 1315 3950; baseline -0.007 -8"><span class='ocrx_word' id='word_1_387' title='bbox 226 3891 349 3942; x_wconf 86' lang='lat' dir='ltr'><strong>homines</strong></span> <span class='ocrx_word' id='word_1_388' title='bbox 366 3889 511 3940; x_wconf 89' lang='lat' dir='ltr'><strong>tenuiores.</strong></span> <span class='ocrx_word' id='word_1_389' title='bbox 540 3891 632 3940; x_wconf 86' lang='lat' dir='ltr'><strong>iuven.</strong></span> <span class='ocrx_word' id='word_1_390' title='bbox 646 3888 674 3950; x_wconf 90' lang='grc'>3,</span> <span class='ocrx_word' id='word_1_391' title='bbox 687 3889 732 3938; x_wconf 73' lang='lat' dir='ltr'><strong>toi</strong></span> <span class='ocrx_word' id='word_1_392' title='bbox 746 3901 751 3938; x_wconf 94' lang='lat'>:</span> <span class='ocrx_word' id='word_1_393' title='bbox 790 3887 992 3950; x_wconf 63' lang='lat' dir='ltr'><strong>«unipropriom</strong></span> <span class='ocrx_word' id='word_1_394' title='bbox 1006 3887 1112 3936; x_wconf 73' lang='lat' dir='ltr'><strong>«Privos</strong></span> <span class='ocrx_word' id='word_1_395' title='bbox 1121 3886 1315 3950; x_wconf 83' lang='lat' dir='ltr'><strong>privasquean·</strong></span> 
     </span>
     <span class='ocr_line' id='line_1_43' title="bbox 228 3960 1315 4028; baseline -0.006 -12"><span class='ocrx_word' id='word_1_396' title='bbox 228 3965 333 4016; x_wconf 78' lang='grc'>1166666666</span> <span class='ocrx_word' id='word_1_397' title='bbox 357 3964 468 4026; x_wconf 80' lang='grc'>66661666,</span> <span class='ocrx_word' id='word_1_398' title='bbox 495 3977 568 4027; x_wconf 77' lang='lat' dir='ltr'><strong>quern</strong></span> <span class='ocrx_word' id='word_1_399' title='bbox 592 3964 677 4028; x_wconf 82' lang='lat' dir='ltr'><strong>teputu</strong></span> <span class='ocrx_word' id='word_1_400' title='bbox 700 3963 754 4012; x_wconf 85' lang='lat' dir='ltr'><strong>soto</strong></span> <span class='ocrx_word' id='word_1_401' title='bbox 789 3961 855 4026; x_wconf 89' lang='lat' dir='ltr'><strong>tiqui</strong></span> <span class='ocrx_word' id='word_1_402' title='bbox 864 3961 990 4013; x_wconf 79' lang='lat' dir='ltr'><strong>dicebaut</strong></span> <span class='ocrx_word' id='word_1_403' title='bbox 1000 3975 1049 4026; x_wconf 88' lang='lat' dir='ltr'>pro</span> <span class='ocrx_word' id='word_1_404' title='bbox 1057 3960 1173 4025; x_wconf 81' lang='lat' dir='ltr'><strong>singulis.</strong></span> <span class='ocrx_word' id='word_1_405' title='bbox 1185 3960 1224 4011; x_wconf 91' lang='lat' dir='ltr'>0b</span> <span class='ocrx_word' id='word_1_406' title='bbox 1234 3973 1315 4024; x_wconf 86' lang='lat' dir='ltr'><strong>quem</strong></span> 
     </span>
     <span class='ocr_line' id='line_1_44' title="bbox 226 4035 1315 4102; baseline -0.004 -12"><span class='ocrx_word' id='word_1_407' title='bbox 226 4043 311 4090; x_wconf 81' lang='lat' dir='ltr'><strong>tuetur</strong></span> <span class='ocrx_word' id='word_1_408' title='bbox 327 4038 347 4090; x_wconf 77' lang='lat' dir='ltr'>l</span> <span class='ocrx_word' id='word_1_409' title='bbox 361 4039 464 4102; x_wconf 74' lang='lat' dir='ltr'><strong>poeto,</strong></span> <span class='ocrx_word' id='word_1_410' title='bbox 486 4039 572 4090; x_wconf 80' lang='lat' dir='ltr'><strong>molles</strong></span> <span class='ocrx_word' id='word_1_411' title='bbox 587 4039 631 4090; x_wconf 79' lang='lat' dir='ltr'>cii</span> <span class='ocrx_word' id='word_1_412' title='bbox 646 4039 754 4090; x_wconf 77' lang='lat' dir='ltr'><strong>reddunt</strong></span> <span class='ocrx_word' id='word_1_413' title='bbox 790 4049 900 4087; x_wconf 81' lang='lat' dir='ltr'><strong>causum</strong></span> <span class='ocrx_word' id='word_1_414' title='bbox 918 4039 945 4086; x_wconf 89' lang='lat' dir='ltr'>et</span> <span class='ocrx_word' id='word_1_415' title='bbox 956 4038 1064 4099; x_wconf 74' lang='lat' dir='ltr'><strong>privata</strong></span> <span class='ocrx_word' id='word_1_416' title='bbox 1083 4035 1221 4097; x_wconf 87' lang='lat' dir='ltr'><strong>dicuutur,</strong></span> <span class='ocrx_word' id='word_1_417' title='bbox 1246 4049 1315 4100; x_wconf 91' lang='lat' dir='ltr'><strong>quae</strong></span> 
     </span>
     <span class='ocr_line' id='line_1_45' title="bbox 226 4111 1316 4175; baseline -0.002 -11"><span class='ocrx_word' id='word_1_418' title='bbox 226 4127 277 4164; x_wconf 84' lang='lat' dir='ltr'>ooo</span> <span class='ocrx_word' id='word_1_419' title='bbox 300 4113 436 4165; x_wconf 74' lang='lat' dir='ltr'><strong>colmiae.</strong></span> <span class='ocrx_word' id='word_1_420' title='bbox 475 4113 515 4165; x_wconf 85' lang='lat' dir='ltr'><strong>Gi.</strong></span> <span class='ocrx_word' id='word_1_421' title='bbox 537 4115 640 4165; x_wconf 81' lang='lat' dir='ltr'><strong>Becker</strong></span> <span class='ocrx_word' id='word_1_422' title='bbox 666 4113 754 4164; x_wconf 74' lang='lat' dir='ltr'><strong>Gallus</strong></span> <span class='ocrx_word' id='word_1_423' title='bbox 789 4112 999 4175; x_wconf 87' lang='lat' dir='ltr'><strong>uniuscuiusque</strong></span> <span class='ocrx_word' id='word_1_424' title='bbox 1012 4113 1086 4170; x_wconf 86' lang='lat' dir='ltr'><strong>sunt;</strong></span> <span class='ocrx_word' id='word_1_425' title='bbox 1103 4111 1166 4162; x_wconf 87' lang='lat' dir='ltr'><strong>hinc</strong></span> <span class='ocrx_word' id='word_1_426' title='bbox 1179 4111 1316 4174; x_wconf 69' lang='grc'>666666616-</span> 
     </span>
     <span class='ocr_line' id='line_1_46' title="bbox 171 4186 1312 4254; baseline -0.004 -14"><span class='ocrx_word' id='word_1_427' title='bbox 171 4227 176 4240; x_wconf 91' lang='grc'>.</span> <span class='ocrx_word' id='word_1_428' title='bbox 228 4187 481 4254; x_wconf 55' lang='grc'>[6661611666.</span> <span class='ocrx_word' id='word_1_429' title='bbox 504 4190 631 4254; x_wconf 79' lang='grc'>-6666661</span> <span class='ocrx_word' id='word_1_430' title='bbox 654 4191 682 4240; x_wconf 86' lang='lat' dir='ltr'>et</span> <span class='ocrx_word' id='word_1_431' title='bbox 704 4201 753 4239; x_wconf 92' lang='lat' dir='ltr'><strong>cu·</strong></span> <span class='ocrx_word' id='word_1_432' title='bbox 789 4187 1005 4252; x_wconf 58' lang='lat' dir='ltr'><strong>qicmmliesrus.</strong></span> <span class='ocrx_word' id='word_1_433' title='bbox 1027 4186 1312 4248; x_wconf 79' lang='lat' dir='ltr'><strong>ei‚sat.2,t,tt.-</strong></span> 
     </span>
     <span class='ocr_line' id='line_1_47' title="bbox 227 4260 1313 4328; baseline -0.005 -14"><span class='ocrx_word' id='word_1_434' title='bbox 227 4262 309 4314; x_wconf 88' lang='lat' dir='ltr'><strong>bicull</strong></span> <span class='ocrx_word' id='word_1_435' title='bbox 334 4266 362 4314; x_wconf 89' lang='lat' dir='ltr'>et</span> <span class='ocrx_word' id='word_1_436' title='bbox 387 4262 497 4314; x_wconf 88' lang='lat' dir='ltr'><strong>triclinii.</strong></span> <span class='ocrx_word' id='word_1_437' title='bbox 523 4292 550 4299; x_wconf 99' lang='lat'><em>-</em></span> <span class='ocrx_word' id='word_1_438' title='bbox 577 4263 682 4328; x_wconf 79' lang='grc'>1661666]</span> <span class='ocrx_word' id='word_1_439' title='bbox 709 4265 753 4314; x_wconf 73' lang='grc'>616</span> <span class='ocrx_word' id='word_1_440' title='bbox 790 4262 907 4327; x_wconf 83' lang='lat' dir='ltr'><strong>triremis]</strong></span> <span class='ocrx_word' id='word_1_441' title='bbox 924 4275 973 4326; x_wconf 92' lang='lat' dir='ltr'>pro</span> <span class='ocrx_word' id='word_1_442' title='bbox 986 4260 1103 4325; x_wconf 85' lang='lat' dir='ltr'><strong>qualibet</strong></span> <span class='ocrx_word' id='word_1_443' title='bbox 1120 4273 1188 4312; x_wconf 87' lang='lat' dir='ltr'><strong>nave</strong></span> <span class='ocrx_word' id='word_1_444' title='bbox 1202 4261 1313 4312; x_wconf 79' lang='lat' dir='ltr'><strong>maiore.</strong></span> 
     </span>
     <span class='ocr_line' id='line_1_48' title="bbox 227 4334 1316 4404; baseline -0.006 -14"><span class='ocrx_word' id='word_1_445' title='bbox 227 4341 280 4392; x_wconf 86' lang='lat' dir='ltr'><strong>troo</strong></span> <span class='ocrx_word' id='word_1_446' title='bbox 297 4353 405 4404; x_wconf 87' lang='lat' dir='ltr'><strong>quoque</strong></span> <span class='ocrx_word' id='word_1_447' title='bbox 421 4341 592 4392; x_wconf 83' lang='lat' dir='ltr'><strong>vitiositatem</strong></span> <span class='ocrx_word' id='word_1_448' title='bbox 610 4341 690 4402; x_wconf 89' lang='lat' dir='ltr'><strong>atque</strong></span> <span class='ocrx_word' id='word_1_449' title='bbox 713 4339 754 4390; x_wconf 91' lang='grc'>66-</span> <span class='ocrx_word' id='word_1_450' title='bbox 791 4337 845 4390; x_wconf 86' lang='lat' dir='ltr'><strong>Cic.</strong></span> <span class='ocrx_word' id='word_1_451' title='bbox 858 4337 933 4388; x_wconf 76' lang='lat' dir='ltr'><strong>verr.</strong></span> <span class='ocrx_word' id='word_1_452' title='bbox 947 4339 1043 4389; x_wconf 79' lang='lat' dir='ltr'><strong>Aecus.</strong></span> <span class='ocrx_word' id='word_1_453' title='bbox 1055 4338 1084 4398; x_wconf 84' lang='grc'>6,</span> <span class='ocrx_word' id='word_1_454' title='bbox 1099 4337 1142 4398; x_wconf 86' lang='grc'>67,</span> <span class='ocrx_word' id='word_1_455' title='bbox 1161 4334 1205 4388; x_wconf 82' lang='lat' dir='ltr'>ti:</span> <span class='ocrx_word' id='word_1_456' title='bbox 1225 4347 1316 4386; x_wconf 80' lang='grc'>6666666</span> 
     </span>
    </p>
   </div>
   <div class='ocr_carea' id='block_1_5' title="bbox 0 0 1606 4974">
    <p class='ocr_par' dir='ltr' id='par_1_9' title="bbox 0 0 1606 4974">
     <span class='ocr_line' id='line_1_49' title="bbox 0 0 1606 4974; baseline 0 0"><span class='ocrx_word' id='word_1_457' title='bbox 0 0 1606 4974; x_wconf 95' lang='lat' dir='ltr'> </span> 
     </span>
    </p>
   </div>
  </div>
 </body>
</html>
