3174 4974
599 452 657 502 ure.
677 452 695 501 r.
732 453 830 502 aersr.
848 453 934 502 xvru.
1252 455 1314 518 563

266 610 526 674 percontatorem
550 607 661 695 iugito,
685 627 759 672 nam
783 608 931 694 garrulus
953 609 1039 676 idem
1062 622 1125 686 est,

265 731 332 795 Nec
354 729 492 794 retinent
514 705 643 815 patulae
666 729 840 794 commissa
861 728 1000 796 fideliter
1022 753 1132 808 aures,
1273 735 1313 798 70

266 849 304 914 lit
325 849 427 916 semel
450 849 605 932 emissum
627 848 712 916 volat
735 849 947 918 irrevocabile
968 852 1114 919 verbum.
1282 831 1285 840 ’

266 971 335 1036 Non
358 969 473 1036 ancilla
494 980 584 1037 tuum
608 973 698 1037 iecur
720 970 844 1038 ulceret
867 971 930 1037 ulla
952 993 1074 1060 puerve

266 1093 351 1157 lutra
373 1111 592 1158 marmoreum
613 1090 789 1158 venerandi
812 1091 909 1158 limen
932 1095 1040 1170 amici,

265 1213 312 1278 Ne
335 1212 485 1279 dominus
507 1212 600 1300 pueri
622 1210 748 1298 pulchri
770 1233 908 1281 caraeve
932 1215 1060 1303 puellae

267 1333 408 1426 Munere
423 1343 454 1400 te
477 1353 577 1420 parvo
599 1333 675 1400 beet
697 1345 751 1400 aut
773 1335 997 1402 incommodus
1020 1347 1123 1424 angat.
1274 1343 1314 1406 75

268 1454 405 1535 Qualem
416 1455 634 1532 commendee
651 1456 748 1522 etiam
764 1469 861 1544 atque
876 1458 972 1523 etiam
991 1459 1132 1546 adspice,
1150 1481 1190 1526 ne
1203 1482 1277 1528 mox

290 1635 418 1685 varnier
434 1649 503 1685 unus
523 1636 605 1696 l'cae,
624 1635 690 1685 Edd.
710 1635 770 1699 aliq.
790 1640 854 1687 vett.
874 1641 901 1686 et
918 1637 946 1688 C.

225 1791 249 1836 et
259 1787 289 1835 de
300 1795 358 1848 quo.
378 1785 432 1834 Cle
447 1785 499 1834 l‘is.
513 1784 554 1844 3⁴,
568 1785 614 1834 tc:
636 1785 672 1834 lu
682 1786 751 1847 quid,
791 1785 844 1836 Cir.
858 1787 996 1836 Weichert
1008 1787 1042 1837 de
1055 1789 1133 1838 Vario
1145 1801 1171 1853 p.
1185 1791 1226 1840 88.
1237 1791 1312 1841 eiiii).

226 1865 254 1910 tu
270 1861 339 1922 apud
356 1873 429 1922 meos,
451 1864 480 1908 tu
497 1861 527 1909 de
544 1873 593 1920 quo
610 1861 693 1921 dicas,
711 1861 753 1909 in·
792 1888 819 1896 -
834 1861 905 1909 lntrc
915 1873 1087 1911 mamercum
1096 1863 1159 1927 cet]
1178 1866 1221 1913 ulu
1234 1863 1315 1915 domo

226 1933 337 1999 telligit?
369 1933 421 1983 Sed
443 1936 516 1984 recle
534 1935 670 1984 Schmidio
688 1936 754 1985 sim·
790 1935 862 1983 enim
880 1934 1005 1999 amplaei
1017 1937 1155 1999 magnilica
1171 1939 1316 1991 venerandi

226 2009 318 2074 plicior
334 2007 441 2057 videtur
461 2009 534 2072 prior
551 2009 627 2058 ratio.
655 2011 707 2058 Sat.
726 2009 751 2066 i,
790 2008 899 2058 fautoris
916 2009 985 2059 male
1004 2013 1029 2060 te
1043 2012 1244 2065 commendabit
1260 2015 1317 2066 libi-

226 2085 251 2145 6,
264 2083 305 2134 46.
321 2111 348 2120 —
359 2083 472 2147 potuine]
492 2097 621 2148 «semper
631 2085 754 2148 patentes
790 2083 858 2132 dinis
870 2080 911 2133 vel
929 2083 1095 2135 levissimum
1107 2089 1274 2150 vestigium.»
1287 2119 1313 2128 .-

227 2159 261 2208 ad
288 2157 465 2220 audiendum,
488 2159 639 2208 curiosae.»
667 2159 751 2208 Coun.
789 2158 1009 2221 munere-pomo]
1029 2160 1195 2222 «quodcum
1208 2163 1317 2216 domino

228 2233 306 2289 Caco.
326 2233 484 2296 Ci.Epp.l,
503 2233 599 2294 iiiiii.
618 2233 752 2294 2‚2,i05.
790 2232 838 2296 ipsi
866 2234 989 2296 exiguum
1013 2232 1147 2296 videatur,
1176 2235 1251 2287 lacilc
1269 2239 1316 2289 tibi

229 2335 256 2343 -
275 2307 399 2371 emissum]
417 2305 542 2356 tralatum
561 2309 602 2357 eat
619 2321 633 2356 a
649 2309 751 2370 sagitta.
790 2306 934 2366 concedet,
954 2308 1052 2371 quippe
1068 2321 1150 2370 quem
1161 2312 1317 2374 praevideat

227 2383 296 2432 Nos:
316 2382 355 2431 ein
373 2381 528 2443 entsobrenes
542 2383 621 2432 Wcrt.
637 2409 663 2418 -
676 2381 753 2447 colui]
791 2379 972 2431 felicissimum
997 2385 1142 2446 propterea
1167 2384 1241 2446 lore,
1269 2399 1318 2450 per

226 2454 302 2520 Apul.
322 2455 356 2505 de
372 2457 459 2518 magia
472 2469 495 2504 c.
509 2455 549 2506 83.
563 2469 589 2519 p.
603 2457 660 2507 tes.
674 2455 752 2507 oud:
790 2453 899 2520 aliquod
916 2459 989 2506 certe
1008 2461 1128 2521 tempus,
1156 2459 1191 2509 ite
1212 2461 1318 2510 utma-

227 2530 352 2591 aivcrbc,
371 2531 409 2579 ito
425 2535 452 2579 ut
467 2533 559 2592 poetae
570 2531 654 2592 ciunt,
669 2531 755 2592 pinnis
791 2531 846 2578 iore
865 2543 991 2592 munera,
1010 2545 1060 2594 per
1076 2535 1159 2587 totam
1171 2534 1252 2584 vitam
1270 2534 1316 2586 ilbi

228 2610 290 2667 optu
305 2607 378 2668 volgo
394 2605 517 2654 colorent.
536 2631 564 2642 -
582 2605 752 2669 irrevocabile]
791 2603 863 2653 utilia
888 2604 989 2663 lutura,
1017 2605 1081 2654 dare
1109 2607 1162 2656 iam
1191 2619 1319 2671 superse-

228 2682 258 2728 A.
279 2682 306 2729 P.
321 2679 384 2728 390:
403 2681 479 2728 nescit
493 2693 546 2728 voc·
560 2681 638 2728 missa
653 2682 753 2728 reverti.
792 2678 880 2728 deaim
899 2677 998 2741 (narem
1011 2680 1095 2729 «Cum
1104 2680 1221 2730 deberes
1233 2680 1318 2732 multo

227 2752 375 2805 Menander
392 2755 555 2817 pimini:
573 2748 638 2804 Οὔτ·
657 2751 688 2803 ἐκ
706 2767 754 2812 χε-
792 2753 892 2800 maiora
930 2753 1087 2815 accipere.»
1117 2754 1201 2803 Corra.
1227 2756 1317 2816 Crine.)

228 2823 279 2898 ρὸς
295 2827 422 2891 μεθέντα
438 2823 577 2898 καρτερὸν
594 2825 677 2877 λίθον
696 2821 756 2894 Ῥᾷ-
791 2824 901 2876 Martial.
915 2827 940 2885 li,
951 2826 1030 2886 toa:
1050 2826 1112 2875 Cum
1123 2827 1255 2876 minimum
1265 2829 1319 2878 voti

229 2915 263 2950 ον
279 2905 450 2962 κατασχεῖν,
469 2895 527 2952 οὔτ’
544 2895 603 2951 ἀπὸ
621 2897 755 2968 γλώσσης
791 2913 883 2950 munuc
900 2899 985 2948 diceb
1002 2904 1066 2948 erut.
1085 2925 1112 2935 -
1137 2900 1196 2962 beet]
1214 2901 1243 2950 ln
1264 2902 1316 2951 boc

229 2971 325 3041 λόγον,
648 2985 654 2998 ’
791 2973 876 3022 verbo
893 2975 963 3024 inest
983 2973 1050 3023 lenis
1069 2973 1201 3036 quaedem
1219 2975 1320 3038 signill-

260 3051 348 3100 'ta-75.
367 3051 424 3099 Non
435 3051 498 3111 cet]
517 3050 556 3100 Cf.
571 3051 623 3100 Sat.
635 3051 659 3108 2,
674 3053 698 3110 5,
712 3050 753 3100 9⁴.
793 3050 874 3110 cutio,
903 3060 985 3110 quem
1008 3047 1139 3098 obnoxius
1163 3047 1257 3112 aliquis
1274 3049 1321 3099 liat

228 3127 256 3174 n.
273 3127 300 3174 P.
315 3123 372 3176 lto.
392 3125 466 3174 Ovld.
481 3139 512 3174 ex
525 3127 608 3174 Ponto
620 3126 679 3186 ist,
692 3126 753 3175 ⁴05:
793 3123 828 3172 ob
852 3121 903 3172 talc
924 3135 989 3172 sene
1013 3123 1139 3184 exiguum
1156 3135 1254 3174 munus
1271 3137 1321 3188 po-

228 3199 284 3248 Non
298 3200 390 3260 petito,
408 3205 437 3248 ct
454 3199 514 3248 bene
524 3200 567 3259 sit,
586 3200 628 3248 secl
642 3201 679 3248 cti
690 3201 756 3249 mole
793 3198 899 3247 tentiorl
910 3199 1005 3246 amico.
1021 3225 1048 3234 -
1062 3198 1240 3262 incommodus]
1253 3199 1321 3248 «mi-

229 3274 313 3323 tutius.
342 3275 401 3324 Est:
423 3272 512 3324 «Nulla
531 3270 640 3332 ancilla,
660 3286 757 3336 quam·
794 3285 844 3321 nus
872 3269 1001 3331 liberalis,
1029 3273 1107 3321 tenax
1124 3271 1191 3322 sui.»
1225 3273 1268 3322 Sic
1284 3273 1323 3322 in·

228 3349 269 3398 vis
286 3347 417 3408 formoso,
445 3359 495 3397 nec
516 3359 583 3410 puer
600 3345 668 3397 ullus
686 3349 754 3398 cet.»
794 3347 951 3395 cornmodum
968 3347 1078 3408 opponit
1094 3346 1165 3409 [cciii
1182 3348 1209 3396 et
1225 3345 1322 3396 liberali

230 3423 268 3474 Cl.
282 3424 400 3485 Wagner
420 3421 455 3471 ad
472 3423 542 3484 Virg.
562 3424 628 3472 Aen.
647 3423 692 3484 ta,
714 3423 754 3473 78.
794 3423 848 3471 Cic.
863 3420 896 3470 de
909 3423 938 3470 N.
953 3421 983 3470 D.
998 3421 1027 3481 3,
1040 3421 1086 3482 29,
1100 3421 1148 3470 73:
1166 3421 1234 3471 Idem
1246 3421 1322 3485 [Cac-

228 3498 286 3547 Noo
313 3498 417 3546 Teucros
440 3501 501 3561 opat
524 3498 551 3545 in
567 3497 671 3546 linceius
687 3500 755 3546 cet:
794 3494 869 3546 cilius
893 3495 997 3557 statius)
1022 3496 1123 3557 facilem
1146 3501 1169 3546 ci
1194 3497 1321 3546 liberalem

230 3573 292 3623 «list
308 3572 360 3621 boc
376 3573 433 3620 Non
452 3572 478 3620 in
495 3572 695 3621 enumeratione
707 3583 758 3635 po·
790 3575 891 3632 putrem
902 3571 1086 3619 incommodum
1097 3583 1146 3620 esee
1158 3571 1255 3620 nometi
1268 3571 1322 3634 tilio

230 3646 323 3706 situm,
343 3659 395 3695 uon
414 3644 448 3714 ab
466 3645 559 3696 ancilla
578 3649 624 3695 aut
640 3659 654 3695 a
672 3659 756 3709 puero
794 3645 912 3705 ἄκραισι.
928 3671 955 3679 -
969 3645 1057 3707 ungat]
1077 3647 1157 3704 «Aut,
1177 3646 1199 3694 si
1212 3642 1258 3693 tibi
1271 3642 1321 3694 de-

230 3719 755 3788 teessecapiendumadmonetppittan
794 3718 901 3782 negabit
927 3717 1058 3768 eiusmodi
1084 3719 1185 3768 donum
1210 3719 1321 3782 propter

232 3795 454 3860 -temrutcereq
474 3793 588 3844 Ctr.0d.
603 3793 758 3855 t,te,t.et
795 3793 1009 3856 qualemcunque
1039 3805 1164 3853 causam,
1193 3792 1319 3852 tortasse,

229 3869 272 3928 25,
284 3871 328 3918 ⁴5:
342 3871 412 3919 iecur
422 3870 569 3918 eoeneum.
588 3867 647 3918 Vid.
659 3869 692 3917 ad
702 3869 755 3918 Sat.
794 3869 856 3930 quia
874 3869 930 3930 ipse
948 3879 1062 3932 puerum
1074 3868 1158 3927 amai,
1178 3869 1204 3915 te
1216 3865 1320 3929 cupidi-

230 3943 357 4004 t,9,ce.
375 3969 401 3979 -
418 3943 520 4008 pacem]
538 3955 636 4002 verna;
664 3955 757 4005 quem·
794 3943 848 3990 tate
866 3943 1006 3991 incensum
1020 3940 1182 3989 contristet.»
1203 3939 1322 4002 (ellepul-

230 4017 377 4068 admodum
390 4021 499 4068 narrant
515 4018 693 4080 Campaspem
705 4031 757 4080 pu·
794 4014 939 4065 semlerus
958 4017 985 4064 et
1002 4015 1037 4063 ila
1056 4013 1234 4078 potentiorem
1252 4015 1321 4064 ami-

231 4089 308 4141 ellam
321 4090 404 4155 Apelli
422 4091 456 4141 ab
469 4091 631 4152 Alexandro,
653 4089 757 4154 Virgilio
794 4102 858 4139 cum
882 4087 1037 4139 illiberalem
1064 4100 1093 4137 se
1118 4100 1179 4151 erga
1197 4091 1223 4138 te
1241 4101 1321 4152 prae-

229 4165 264 4214 ab
291 4167 380 4216 Asinio
403 4164 518 4216 Pollione
536 4163 713 4214 Alexandrum
732 4177 754 4216 a.
793 4163 884 4214 bulsse
902 4163 1049 4227 querarisn
1068 4162 1156 4225 brun.)

230 4238 337 4301 Alexin,
365 4243 393 4290 et
413 4253 427 4290 a
445 4241 598 4292 Maecenate
617 4239 754 4301 Cebetem,
826 4237 929 4286 ve-et.
966 4237 1070 4300 Qualem
1086 4239 1240 4287 commendes
1257 4237 1319 4302 cet]

231 4325 300 4377 quos
311 4317 390 4378 polita
403 4313 548 4376 ademerat,
562 4313 674 4363 donatos
684 4325 754 4364 esse.
794 4312 925 4375 Theognis
937 4311 999 4361 963:
1019 4309 1067 4377 Μή
1086 4315 1148 4362 κστ·
1160 4309 1321 4383 ἐπαινήσῃς
