3090 4974
601 441 661 492 itu.
680 442 711 492 ll.
746 441 844 494 Ernst.
864 444 892 493 ll.

251 596 372 674 Pullos,
397 615 472 672 ova,
497 593 614 662 eadum
636 595 761 664 wmeti:
785 617 902 686 nempe
924 597 1020 664 modo
1043 599 1104 666 isto

249 715 404 784 Paulatim
427 717 580 784 mercaris
603 737 716 804 agrum
737 717 873 786 fortasse
896 721 1046 788 trecentis

249 838 428 904 :lutetiam
450 857 550 926 supra
571 859 775 906 nummorum
796 839 926 907 milibus
948 851 1099 928 emptum.
1231 843 1293 910 465

249 958 333 1038 Quid
356 959 468 1036 refert,
491 959 581 1026 vivas
601 968 771 1027 numerato
792 979 897 1049 nuper
917 983 959 1030 an
980 961 1080 1030 olim?

249 1079 381 1168 Emptor
401 1079 518 1147 Aricini
540 1079 705 1166 quondam
727 1081 867 1150 Veientis
888 1093 921 1150 et
942 1085 1008 1150 arvi

249 1201 397 1289 Emptum
418 1211 533 1269 coenat
553 1199 641 1278 olus,
664 1202 813 1290 quamvis
836 1201 929 1270 aliter
949 1214 1055 1291 putat3
1079 1205 1195 1292 emptis

249 1321 316 1388 Sub
339 1331 466 1389 noctem
487 1322 626 1408 gelidam
647 1322 740 1411 lignis
762 1323 927 1391 calefactat
948 1333 1082 1406 aenum3

248 1443 314 1510 Sed
336 1453 430 1510 vocat
450 1463 556 1532 usque
577 1465 688 1521 snum,
711 1465 777 1532 qua
798 1445 938 1534 populus
960 1446 1063 1513 adsita
1084 1447 1180 1515 certis
1231 1446 1293 1514 470

239 1615 273 1672 C.
293 1612 441 1676 Bentleius,
459 1613 517 1676 444.)
546 1639 574 1650 -
603 1613 659 1666 toa.
678 1614 835 1665 sentirCod.
857 1613 907 1665 nit.
937 1639 964 1652 -
993 1617 1049 1667 ter.
1069 1618 1190 1679 4444444444
1207 1617 1259 1668 duo

238 1689 379 1747 Schmidii,
398 1688 434 1739 bs
452 1689 479 1738 et
496 1701 526 1750 4,
545 1687 593 1740 aad
611 1689 654 1738 4444
667 1701 802 1754 superser.
815 1692 844 1750 d;
865 1691 900 1754 (et
911 1693 1031 1753 4444444444
1042 1706 1057 1743 4
1069 1695 1125 1744 suis
1137 1693 1261 1746 omnibus

238 1767 345 1828 praeter
357 1764 431 1815 llari.
445 1765 548 1828 recepit
559 1763 704 1827 cruquius;
718 1765 851 1816 accedunt
862 1765 962 1830 aliquot
975 1769 1056 1826 leae;
1076 1768 1109 1818 de
1121 1769 1177 1820 suis
1189 1771 1260 1820 tacet

238 1838 408 1900 pantenus),
426 1851 484 1888 44444
500 1839 552 1888 iem
569 1837 599 1897 d,
623 1840 722 1900 quondo
739 1853 808 1892 unus
826 1842 893 1892 Fene
911 1845 938 1892 et
954 1844 1056 1906 primus
1073 1845 1209 1896 Schmidii.
1230 1871 1257 1880 —

237 1915 312 1980 44444]
336 1914 395 1977 apri
418 1912 448 1962 b.
477 1941 504 1950 -
532 1913 1006 1978 (ν4444444444444441444.4“44444.-)
1032 1917 1089 1968 468.
1104 1923 1175 1979 putat
1192 1930 1261 1968 unus

237 1989 340 2040 nerem.
353 1991 381 2039 et
397 1988 463 2040 Ccd.
477 1987 527 2038 nit.
547 1988 608 2051 (non
625 1988 727 2050 nostri.)

203 2138 281 2202 rdet,
298 2139 371 2190 444444
386 2137 447 2188 444444
463 2138 559 2201 lipsium
569 2137 731 2201 Nccipiispi-
767 2137 832 2186 varii
849 2136 883 2188 illi
901 2151 1008 2190 errores
1025 2139 1158 2202 quoniam,
1181 2141 1291 2202 quando,

205 2227 258 2264 444.
284 2215 316 2274 4,
334 2213 398 2263 tio:
425 2213 502 2262 444444
526 2211 619 2262 4444444
642 2212 728 2262 siluae
766 2224 824 2262 44444
840 2213 900 2262 iant.
936 2214 974 2263 lie
1000 2213 1120 2264 adverbii
1143 2225 1206 2264 cum
1226 2213 1292 2264 sub-

205 2288 249 2338 Sic
273 2289 364 2338 autem
382 2287 467 2338 codd.
485 2285 605 2336 Blandin.
624 2289 652 2337 et
668 2288 730 2337 Pot-
767 2287 882 2338 stantivo
899 2288 1085 2338 coniunctione
1103 2288 1136 2339 44.
1149 2287 1197 2338 Od.
1210 2288 1235 2348 3,
1250 2288 1290 2348 44,

206 2363 272 2412 tierii
289 2363 314 2412 4.
328 2361 352 2412 9.
365 2362 390 2412 6.
404 2363 443 2412 tn.
462 2361 546 2424 magis
563 2362 668 2426 poetica
684 2373 730 2411 ra-
767 2361 791 2410 9.
822 2361 933 2412 «Lectio
957 2363 1078 2422 4444444444
1101 2375 1154 2412 444
1183 2363 1291 2412 omnino

205 2437 276 2488 tione
294 2449 376 2500 quam
386 2437 474 2486 44444444
483 2461 514 2472 --
524 2437 643 2498 4444444444,
655 2435 730 2499 quod
767 2435 928 2498 spernenda,
941 2435 1088 2487 dummodo
1101 2438 1234 2488 commate
1246 2449 1293 2500 po·

205 2524 267 2562 cum
284 2511 382 2562 nostris
399 2510 482 2562 Codd.
496 2509 727 2561 hubentllonacc.
766 2509 817 2559 4444
834 2513 896 2574 post
908 2525 934 2560 v.
954 2512 1011 2561 466.
1030 2512 1243 2574 interrogationis
1258 2511 1293 2562 44-

205 2599 300 2638 444444
316 2587 343 2636 44
355 2585 470 2636 potuerit
487 2583 590 2649 reliqui.
606 2608 633 2621 -
647 2585 728 2648 4444444]
766 2597 848 2646 gnum
860 2583 1005 2635 collocetur
1016 2587 1042 2636 in
1051 2586 1104 2636 line
1113 2599 1208 2636 versus
1217 2587 1291 2636 tue..

206 2661 331 2723 «accepto
349 2671 364 2708 a
381 2659 408 2708 44
425 2658 549 2708 [rumenti
566 2659 652 2721 pretio
663 2658 689 2707 in
702 2661 727 2707 te
765 2659 885 2708 Dinnrnr.
901 2685 928 2694 —
941 2659 1037 2709 ,44444444
1048 2687 1063 2697 -
1077 2661 1181 2710 Veientis
1191 2665 1215 2710 44
1225 2659 1291 2724 ama]

204 2746 298 2786 varum
310 2733 448 2784 dominum
460 2732 515 2793 agri
526 2731 633 2782 Orbisni
645 2743 728 2794 agno-
764 2731 852 2782 ,444444
868 2731 996 2796 oppidum
1013 2735 1093 2793 Latii,
1117 2736 1209 2784 notum
1228 2747 1292 2798 pro-

205 2809 280 2859 ecit.»
294 2835 321 2846 —
340 2806 429 2870 4444444]
448 2804 512 2856 Plin.
527 2806 558 2856 ll.
572 2807 601 2856 N.
615 2804 660 2866 tt,
681 2804 726 2856 te:
765 2807 825 2869 pter
841 2804 931 2856 lacum
941 2807 1135 2858 Nemorensem
1147 2811 1174 2858 et
1190 2806 1290 2860 cultum

205 2881 266 2934 eae
282 2883 337 2932 44444
343 2883 500 2944 propinquet
509 2879 607 2943 [4444444
617 2878 728 2930 osculum
765 2879 865 2930 Dianae
878 2878 920 2942 (ci.
933 2881 986 2930 Sat.
1000 2883 1024 2940 4,
1038 2882 1062 2940 44,
1074 2882 1122 2942 4.);
1139 2881 1197 2940 Veii,
1210 2881 1289 2932 hodie

204 2956 266 3008 dere
279 2955 413 3020 (scripsit),
430 2955 572 3015 4444444444,
591 2967 626 3004 on
643 2957 729 3004 44444-
764 2955 830 3004 isoio
846 2955 962 3004 4444444444.
981 2954 1019 3005 Ci.
1033 2955 1085 3004 Sat.
1098 2956 1123 3016 4,
1143 2955 1167 3016 3,
1182 2953 1238 3006 tte.
1259 2981 1287 2992 -

205 3037 268 3082 44444
291 3031 391 3081 otnant.
419 3029 471 3079 Hoc
491 3033 545 3078 tum
563 3028 729 3078 4444444444
765 3029 867 3093 44444444]
885 3028 966 3079 «dum
977 3029 1004 3078 in
1015 3027 1074 3078 4444
1086 3032 1180 3094 aperto
1191 3043 1290 3093 aquarn

204 3111 270 3167 4444,
282 3103 726 3165 mdaettemulentiaoppellotn.
766 3102 917 3164 lervelacit‚
935 3103 992 3165 ipae
1010 3115 1117 3166 quoquo
1130 3102 1217 3154 calefit
1233 3118 1292 3167 gra-

207 3207 235 3218 -
246 3181 321 3230 modo
331 3178 386 3243 isto]
404 3179 575 3228 «Communis
586 3179 727 3240 poetarum
765 3179 846 3240 loque
863 3177 916 3227 hoc
933 3189 1014 3228 sensu
1026 3177 1121 3227 lruitur
1131 3177 1290 3230 adveniente

205 3257 308 3306 tantum
324 3266 378 3304 non
393 3253 512 3304 omnium
523 3249 614 3314 regula
625 3253 674 3312 444,
693 3263 728 3302 44
765 3251 847 3314 polide
863 3257 962 3310 nocte»
980 3263 1049 3314 quae
1066 3253 1153 3315 imago
1171 3251 1290 3303 considio

203 3331 265 3394 post
280 3326 441 3378 vocabulum
453 3325 598 3377 iambicum
609 3326 636 3376 in
647 3339 729 3376 voca·
766 3323 856 3376 addita
874 3327 922 3376 444.

204 3401 393 3454 lamdesiuens
404 3400 592 3465 syllahaaeute
604 3403 727 3464 ponatur,
800 3398 928 3450 tto-tit.
953 3399 1039 3464 444444]
1057 3413 1158 3464 «usque
1176 3400 1210 3450 ad
1228 3411 1291 3450 eum

204 3479 256 3530 nisi
266 3491 328 3528 cum
339 3477 421 3528 hiatu.
505 3487 594 3539 neque
606 3476 729 3526 lioratius
766 3473 869 3534 locum,
883 3473 930 3524 ubi
941 3474 1056 3538 populus
1068 3475 1149 3525 arbor
1160 3476 1209 3526 sita
1220 3477 1289 3524 cet.»

204 3553 270 3604 dixit
292 3566 379 3615 44444444
400 3552 474 3601 niodo
498 3551 557 3612 4444,
584 3550 634 3600 aed
655 3551 729 3601 4444444
767 3548 1292 3614 Couu.Cnuo.Neutiquamvero:«iden-

204 3633 266 3680 444.»
284 3629 382 3678 4444444.
400 3626 435 3678 ad
453 3628 557 3677 lucret.
575 3638 602 3689 p.
622 3624 678 3676 494.
699 3651 726 3662 -
766 3622 863 3682 tidem,
882 3635 1022 3685 senopem
1043 3627 1073 3674 ut
1090 3623 1131 3674 4444
1149 3622 1288 3687 explicent.

203 3703 318 3754 4444444444
332 3701 438 3766 4444444444]
465 3701 571 3752 circiter
586 3701 668 3751 609440
687 3701 726 3751 Fr.
768 3723 795 3732 -
809 3696 901 3760 4444444]
921 3695 1063 3748 «Consulto
1081 3699 1151 3748 iuxta
1164 3701 1221 3748 sata
1233 3699 1289 3748 sive

204 3776 268 3828 Gall.
288 3801 316 3812 -
334 3774 452 3838 4444444444]
471 3775 602 3825 posthoc
619 3788 644 3824 v.
663 3775 727 3826 lehn
766 3768 913 3833 plantata‚n
926 3784 980 3821 non
991 3771 1078 3821 «iuxta
1089 3765 1169 3830 sita.»
1183 3770 1290 3835 idquod

203 3852 292 3916 posuit
316 3848 528 3912 interrogationis
553 3848 672 3910 signum,
699 3850 730 3897 44
765 3848 839 3896 esset
851 3847 960 3896 naturae
971 3859 1048 3910 opus.
1069 3847 1139 3908 virg.
1153 3845 1206 3898 Eoi.
1220 3847 1245 3908 9,
1257 3848 1286 3898 i:

203 3926 285 3976 444444
302 3923 363 3976 alibi
380 3925 441 3988 poet
458 3925 526 3986 part.
544 3935 643 3984 nenrpe;
663 3933 726 3984 quo,
765 3934 824 3982 qua
840 3935 865 3972 44
882 3921 1015 3972 adducere
1031 3921 1103 3972 444444
1119 3923 1288 3985 incipiunt·-

204 4001 242 4050 uti
258 4000 331 4050 recte
344 3997 453 4048 4444444
463 3995 627 4055 Schmidius,
646 3995 728 4044 ironi-
767 3995 846 4057 4144444
862 3996 897 4045 od
911 4009 1006 4056 4444444
1016 4000 1154 4057 4444444444,
1172 3997 1289 4060 44444444·

203 4086 235 4124 44
257 4072 375 4124 44444444
395 4069 558 4121 debilitatur.
578 4095 605 4104 -
623 4069 729 4132 Enrptor
764 4071 964 4130 ctocuctoninc,
976 4070 1079 4133 sepes,
1093 4069 1183 4122 itidem
1196 4071 1287 4122 linium

204 4147 265 4212 cet]
289 4149 370 4212 iunge
392 4150 489 4207 emptor
505 4144 645 4206 4444444444,
669 4144 726 4204 «ia,
765 4145 822 4208 agri
842 4147 926 4196 44444.
959 4145 1076 4208 scriptor
1098 4143 1131 4194 ds
1153 4145 1238 4196 444444.
1259 4159 1286 4209 p.

204 4222 250 4283 qui
258 4221 395 4286 quondam
404 4221 494 4271 emit.»
508 4217 583 4279 Quod
593 4231 655 4270 cum
664 4231 728 4270 non·
765 4217 823 4269 494.
842 4219 937 4269 does:
956 4218 1168 4282 04444444444444
1179 4225 1229 4270 trae
1239 4219 1288 4270 sit·

204 4295 266 4348 nulli
283 4296 356 4348 haud
373 4295 574 4360 perspicerent,
599 4295 650 4344 orii
666 4296 729 4346 aunt
763 4305 843 4344 444444
853 4291 938 4342 lubet:
954 4305 1021 4342 444444
1031 4293 1124 4344 dicitur
1133 4295 1286 4356 4444444444,
