3082 4968
569 435 628 486 LlB.
648 436 667 486 l.
698 433 766 486 ssi.
784 437 827 486 Vl.

202 593 280 660 Cum
304 591 433 659 Tiburte
455 592 507 658 via
529 600 713 680 praetorem
734 593 879 680 quinque
902 601 1083 679 sequuntur

201 715 243 780 l'o
265 714 360 802 pueri
383 713 530 780 lasanum
551 723 725 802 portantes
739 713 1038 802 oenophornmque.

200 837 269 902 lloc
292 856 354 923 ego
376 834 577 902 commodius
600 855 699 923 quam
722 845 772 912 tu,
796 834 963 922 praeclare
986 844 1128 911 senator,
1185 832 1246 900 440

199 955 327 1024 lillibus
350 967 448 1045 atque
470 955 542 1024 aliis
566 957 649 1022 vivo.
694 958 897 1046 Quacunque
918 956 1019 1024 libido
1042 966 1106 1034 est,

203 1077 322 1145 incedo
346 1077 449 1158 solus;
464 1077 659 1166 'pereuntem
683 1079 793 1167 quanti
816 1078 888 1147 olus
910 1099 949 1147 ac
970 1079 1033 1158 iar3

201 1198 362 1268 Fallacem
384 1200 513 1268 Circum
535 1200 821 1288 vespertinumque
843 1221 978 1289 pererro

200 1321 307 1410 Saepe
330 1323 463 1401 Forum;
486 1321 609 1388 adsisto
631 1321 766 1403 divinis;
788 1321 863 1390 inde
886 1321 1018 1392 domum
1040 1345 1092 1392 me

224 1501 282 1554 4448.
302 1506 420 1552 aarum
435 1501 497 1552 bcd.
515 1528 542 1539 -
562 1501 618 1552 444,
636 1503 723 1552 4444444
739 1501 883 1556 Lambinus
900 1505 982 1566 coni..
1000 1506 1020 1556 C
1038 1506 1066 1557 44
1076 1507 1211 1559 Heindorf.

193 1605 220 1614 -
239 1578 298 1628 444.
313 1581 465 1640 percunctor
476 1576 522 1642 dp.

156 1695 323 1760 libertatem,
347 1711 401 1762 qna
422 1699 508 1749 utor.»
529 1726 556 1736 -
574 1700 685 1766 44444444]
720 1713 774 1764 quo
805 1701 893 1751 minus
925 1699 1095 1765 deciperetur
1123 1715 1139 1752 a
1166 1715 1246 1754 servo

156 1775 250 1838 utique
268 1775 296 1824 44
318 1775 379 1824 ante
401 1775 555 1838 praeturam
572 1775 599 1824 et
623 1775 685 1838 post
720 1775 896 1835 obsonatore,
909 1774 936 1824 id
948 1774 1020 1839 quod
1032 1777 1111 1826 nimis
1123 1777 1246 1841 putidum

158 1862 227 1902 eum.
256 1875 284 1886 -
307 1849 442 1912 mertare
458 1875 473 1886 -
488 1875 504 1888 -
518 1849 584 1914 civo]
611 1851 683 1900 ilaec
720 1850 980 1914 esset-Fultocem]
992 1848 1038 1900 ubi
1049 1863 1159 1915 semper
1170 1850 1246 1904 multi

159 1925 242 1975 eiecta
266 1921 350 1974 voluit
375 1924 516 1986 Reisigius,
543 1927 572 1974 ut
597 1926 682 1974 esset:
720 1926 783 1975 sunt
791 1923 973 1985 circulatores,
987 1923 1111 1976 Chaldaei
1124 1927 1181 1976 4444
1190 1938 1247 1978 444-

158 2013 235 2062 puom
260 2003 295 2048 44.
349 1999 503 2062 oneramus
531 1999 606 2048 libido
633 2004 682 2048 ert:
720 1999 868 2059 themelici,
887 1997 1016 2062 sortilegi,
1040 2001 1121 2050 etiam
1139 2013 1247 2064 grassa-
1343 2016 1345 2024 '

158 2087 253 2139 parum
262 2085 328 2124 sane
340 2070 521 2136 probabiliter.
541 2073 683 2133 Quisenim
721 2075 793 2124 tores
802 2075 830 2124 et
840 2075 1050 2126 crumenisecae.
1064 2075 1162 2127 Ennius
1174 2075 1246 2140 apud

158 2147 218 2198 44444
244 2147 414 2198 intrusisset?
439 2175 466 2184 -
485 2147 586 2199 44444444
610 2153 684 2210 orosae
721 2149 775 2198 Cic.
801 2147 835 2199 de
861 2149 945 2199 Divin.
972 2149 1000 2210 4,
1026 2149 1072 2208 448,
1100 2149 1161 2200 4344
1190 2151 1248 2200 Noc

158 2224 224 2286 44444]
241 2225 307 2273 Gen.
322 2225 408 2273 neutr.
422 2223 569 2286 respondet
584 2236 610 2272 v.
623 2223 683 2272 Hoc.
719 2223 797 2273 buben
813 2224 919 2286 44444444
933 2224 1010 2274 muci
1025 2225 1142 2275 44444444
1162 2237 1247 2289 oopu-

161 2299 231 2349 4444
249 2296 337 2348 solum
358 2310 407 2361 per
430 2297 523 2348 itinera
542 2310 591 2361 ego
608 2310 685 2348 com·
720 2313 788 2362 rem,
814 2301 871 2350 Nou
892 2300 996 2351 4444444
1015 2301 1171 2363 444-4444444,
1196 2315 1248 2352 nou

158 2373 265 2424 modius
277 2373 352 2432 vivo,
371 2371 421 2423 sed
438 2371 464 2422 44
481 2372 615 2422 sexcentis
627 2370 684 2422 aliis
720 2377 750 2425 do
765 2377 833 2425 circo
844 2375 993 2439 ostrolopos,
1012 2377 1069 2426 Noc
1084 2377 1176 2426 4444444
1186 2389 1247 2428 coo-

159 2445 267 2506 4444444»
286 2457 354 2509 quas
364 2447 462 2510 partim
474 2447 561 2496 statim
575 2458 685 2496 444444-
720 2451 834 2516 ixtorea,
864 2465 915 2500 4444
940 2451 1086 2513 intormem
1110 2452 1245 2502 somnium.

160 2524 211 2582 444,
240 2521 340 2586 partim
365 2522 430 2572 scite
459 2521 500 2571 bis
529 2519 685 2584 complexus
721 2521 933 2596 Σαμαρόάκους
954 2525 1144 2590 (ecclesiastica
1161 2529 1245 2576 Gree-

160 2597 199 2648 est
220 2596 303 2646 etiam
320 2598 426 2647 ceteros
448 2596 557 2660 ingenii,
580 2595 683 2659 poesis,
722 2601 799 2650 444444
829 2613 862 2649 444
890 2599 1014 2650 dirorum
1042 2599 1129 2664 lingua
1158 2600 1246 2672 ducta)

161 2669 308 2720 litterarum
328 2670 445 2731 iructus,
474 2682 557 2733 iquos
574 2669 685 2733 quidem
721 2677 749 2724 et
772 2673 910 2738 sortilegos
938 2674 1020 2726 hosce
1050 2675 1173 2726 homines
1198 2687 1248 2739 up-

159 2757 220 2804 444,
243 2743 366 2794 homines
383 2743 518 2807 volgares,
537 2757 571 2793 ne
589 2741 686 2794 intelli·
720 2747 802 2813 pellat
819 2749 922 2800 comm.
937 2749 1029 2812 Cruq.,
1047 2749 1142 2810 idest,
1162 2763 1194 2800 ex
1206 2761 1249 2800 44-

160 2832 221 2882 gere
240 2818 351 2881 quidem
367 2819 506 2883 potestis.»
542 2820 610 2870 Saue
623 2831 687 2868 con·
721 2825 840 2874 centiore
872 2823 1026 2874 Latinorum
1054 2823 1247 2874 consuetudine

160 2895 198 2943 tra
225 2906 304 2943 usum
332 2891 470 2955 vulgarem
496 2891 560 2942 dixit
587 2892 687 2942 44444444
721 2900 874 2960 snspouoras,
888 2898 1169 2962 -cssperrinumJQuo
1182 2899 1249 2948 tarn-

159 2967 216 3018 4444
231 2979 281 3032 440
298 2967 365 3018 444444
382 2967 451 3027 4444434
470 2979 532 3017 nam
548 2967 621 3018 milio
631 2967 686 3019 otiu
721 2985 787 3037 pore
804 2973 928 3023 homines
944 2971 1139 3036 splendidiores
1156 2975 1184 3022 44
1201 2985 1248 3022 44·

160 3043 265 3106 proprie
291 3043 333 3092 est
357 3043 437 3092 444444
464 3041 604 3102 roomo,
631 3055 684 3092 non
721 3047 797 3110 gotiis
814 3044 857 3095 vel
880 3045 1000 3098 civilibus
1017 3045 1060 3096 vel
1083 3045 1249 3097 444444444444

160 3117 264 3166 44444444
290 3115 383 3165 Ande.
426 3113 549 3180 Plerique
575 3115 685 3179 quidem
722 3119 847 3185 implicati
864 3119 1021 3170 iamdudum
1034 3119 1145 3170 domum
1163 3133 1193 3170 44
1207 3133 1249 3170 44-

160 3188 262 3240 babent
276 3202 327 3254 pro
344 3201 405 3253 gen.
424 3203 522 3240 masc:
543 3201 640 3254 uquam
656 3191 686 3239 tu
722 3195 864 3258 ceperunt,
884 3207 971 3257 neque
989 3195 1015 3244 in
1033 3194 1090 3245 loro
1107 3197 1250 3244 remanent

161 3266 186 3314 44
201 3263 274 3316 mille
292 3262 361 3314 alii.»
396 3265 448 3316 Sed
472 3265 628 3316 inconcinna
645 3266 687 3315 vi·
722 3270 772 3320 nisi
788 3266 856 3332 volgi
874 3266 977 3330 circuli,
1004 3267 1102 3332 quibus
1127 3266 1161 3318 illi
1187 3281 1248 3320 sese

160 3339 238 3389 detur
254 3338 368 3404 duplicis
386 3341 593 3404 comparationis
610 3352 687 3390 cnm·
723 3343 875 3394 immiscere
899 3341 1069 3394 enubescunt.
1096 3369 1123 3379 —
1148 3341 1248 3407 44444444]

160 3416 254 3478 positio
280 3417 308 3465 44
335 3415 413 3466 nimis
442 3415 543 3468 44444444
568 3428 598 3466 se
624 3427 686 3464 cum
723 3415 860 3479 «hariolis,
887 3415 1031 3481 sortilegis,
1058 3416 1249 3481 interpretibus

159 3491 225 3540 444444
241 3490 299 3540 otiis
315 3489 463 3564 conterret,
481 3491 508 3540 44
527 3489 624 3553 quibus
635 3502 687 3553 po-
723 3492 915 3553 somniorum‚n
934 3493 962 3541 et
975 3491 1085 3555 quidem
1097 3491 1250 3542 delectatio-

161 3565 247 3616 terant
264 3577 324 3614 esse
343 3564 475 3616 cardones
497 3567 524 3614 44
543 3563 685 3625 libitinarii,
723 3567 764 3616 nis
778 3579 872 3627 causa,
891 3567 953 3629 quia
970 3566 1068 3616 horum
1084 3564 1250 3630 impudentia

160 3653 211 3690 non
223 3637 314 3690 addito
327 3637 449 3706 ἐπιθέτῳ
461 3638 553 3702 «longe
567 3653 610 3690 me
623 3652 688 3703 opu·
723 3654 755 3691 ac
781 3639 960 3702 mendacitas¹
988 3638 1085 3704 popelli
1111 3651 1158 3690 eos
1184 3651 1250 3689 con-

160 3714 348 3767 lentioribusm
367 3715 439 3778 quod
457 3717 552 3776 sensit,
572 3714 622 3766 sed
633 3728 686 3765 nou
723 3712 833 3766 solentis
851 3717 944 3779 stupor
961 3716 988 3764 44
1005 3712 1148 3764 credulitas
1165 3713 1249 3764 risum

160 3793 299 3842 assecutus
317 3793 359 3842 est
370 3793 454 3842 mirus
465 3789 508 3842 ille
520 3789 685 3852 Praedilrorr,
724 3790 748 3840 44
766 3788 919 3840 movebant.
956 3787 1062 3839 Talibus
1085 3787 1119 3838 de
1142 3786 1250 3839 hariolis

161 3865 243 3917 edens
259 3867 376 3916 4444444444
387 3872 464 3928 atque
474 3867 544 3926 44444
564 3878 614 3916 444
627 3878 689 3928 pro·
725 3866 816 3915 44444.
830 3865 857 3924 6,
876 3865 937 3915 oei:
957 3864 985 3914 Si
1000 3863 1132 3914 mediocris
1143 3863 1190 3912 4444
1202 3862 1251 3927 (44-

159 3941 274 3992 babilior
299 3945 340 3993 est
368 3941 488 3993 Lambini
514 3942 583 3992 coni.
601 3940 688 3991 4444444
723 3941 795 3990 mina
809 3938 1012 4004 superstitiosa),
1029 3938 1139 4000 spatium
1155 3937 1251 3986 444444-

161 4021 235 4080 utum
259 4017 333 4078 otiis,
368 4015 448 4067 ductu
475 4029 507 4066 444
536 4014 687 4079 corruptela
723 4015 758 4064 bit
773 4015 891 4075 44444444
901 4015 1031 4064 lictorum
1043 4012 1127 4076 (Circi)
1140 4016 1163 4062 44
1173 4017 1251 4062 sortes

162 4092 223 4142 Cld.
242 4091 363 4142 4444444444
380 4093 458 4154 [unus
476 4091 584 4155 Cruquii
601 4091 688 4140 4444444-
723 4091 795 4140 docet
804 4090 960 4152 frontemque
967 4085 1252 4150 munqumlbuebsbit

161 4167 212 4232 bru)
230 4169 258 4218 et
274 4169 383 4230 receptu
401 4165 436 4216 ab
454 4165 616 4216 Heindoriio.
722 4165 787 4215 cuti
803 4164 918 4214 44444444
942 4176 1085 4226 popppuno
1111 4161 1250 4226 (8444444444)

192 4241 314 4294 444-444.
341 4247 478 4306 4444444444
501 4241 564 4304 444]
591 4240 687 4291 «animi
723 4239 833 4303 roperti.
878 4237 1008 4288 Maximus
1031 4236 1126 4300 Tyrius
1153 4235 1197 4296 49,
1224 4233 1248 4284 3.

162 4329 267 4382 causa»,
285 4331 353 4380 non,
368 4319 397 4370 ut
408 4315 525 4368 nonnulli
537 4315 686 4376 voluemnt‚
724 4314 827 4365 divinos
845 4313 880 4363 ita
903 4311 1043 4364 describit:
1064 4308 1120 4362 τῶν
1141 4309 1251 4372 ἐντοῖς
