3174 4974
358 461 421 527 642
717 435 845 510 nonarn
863 457 1084 511 snsronaaou

358 621 477 686 ineptiis;
506 619 530 669 in
549 617 625 671 tertia
642 617 758 682 deniquo
776 619 840 668 artis
857 617 1000 682 praecepta
1019 615 1107 666 tradit.
1136 617 1222 680 itque
1240 616 1318 667 huius
1334 613 1434 680 quidem

357 707 460 770 primae
478 701 604 767 epistolae
621 702 727 752 occasio
748 701 873 752 Suetonio
890 702 958 752 teste
975 701 1038 764 (vit.
1053 701 1158 762 Horat.)
1175 700 1244 751 baec
1261 699 1324 750 tuit:
1343 700 1436 764 adapo-

356 795 408 839 stro
427 792 485 850 port
505 799 629 837 sermones
651 787 723 836 lectos
743 786 840 835 nullom
855 785 895 834 eui
914 785 1062 834 mentionem
1077 783 1189 834 habitam
1205 785 1243 833 tta
1260 790 1295 835 est
1311 789 1435 847 paedor:-

358 872 459 923 «lrasci
476 883 520 920 me
538 869 585 921 tibi
603 870 687 930 scito,
708 868 782 933 quod
799 880 852 918 non
870 869 896 918 in
913 865 1048 932 plerisque
1066 867 1197 918 eiusmodi
1214 869 1320 932 scriptis
1337 879 1436 930 mecum

357 955 526 1020 potissimum
550 952 675 1017 loquaris.
712 954 750 1002 An
777 953 896 1012 vereris,
923 965 956 1002 na
980 951 1051 1015 apud
1072 953 1195 1016 posteros
1217 951 1264 1002 tibi
1281 951 1378 1002 iniame
1394 951 1435 1010 sit,

356 1038 429 1103 quod
449 1037 564 1088 videaris
587 1036 722 1087 familiaris
740 1035 817 1087 nobis
835 1037 935 1086 esseio
961 1037 1131 1097 oppressitque
1146 1035 1282 1098 Eclopom,
1308 1036 1378 1085 cuius
1392 1035 1438 1084 int-

356 1125 419 1173 tium
436 1127 487 1172 est:
514 1123 582 1172 Cum
598 1121 637 1170 tot
653 1121 805 1171 sustineas»
823 1121 875 1170 cet.
903 1118 1006 1182 Optime
1019 1120 1110 1170 nutem
1120 1119 1172 1169 hoo
1183 1119 1352 1183 potissimum
1363 1131 1437 1182 arga-

356 1209 477 1256 mentum
494 1207 574 1270 poeta
592 1203 642 1254 sibi
659 1204 786 1268 sumpsit,
805 1204 896 1267 utpote
914 1201 948 1252 ad
966 1203 1116 1267 principem
1132 1201 1255 1254 scribens
1273 1205 1299 1254 et
1316 1201 1437 1266 elegantis

355 1290 445 1341 indicii
469 1292 496 1339 et
513 1291 605 1353 poetas
624 1289 744 1351 egregios
762 1287 898 1336 foventem
918 1288 944 1336 et
961 1285 1086 1336 omnibus
1104 1285 1244 1350 praesidiis
1261 1286 1296 1337 ad
1313 1289 1437 1338 Romanas

355 1377 444 1426 llusas
462 1372 615 1424 excitandas
633 1373 712 1434 atque
731 1369 840 1420 alendas
857 1371 1024 1419 instructum.
1049 1372 1112 1420 Post
1123 1368 1293 1434 splendidum
1306 1371 1438 1420 exordium

356 1459 407 1522 (vv.
421 1457 520 1518 t-t't.)
538 1456 647 1506 nimiam
664 1457 788 1506 veterum
805 1457 944 1517 poetarum
962 1452 1167 1504 admirationem
1183 1455 1297 1518 exagitat
1313 1457 1341 1504 et
1352 1457 1438 1506 osteu-

356 1541 407 1602 dit,
426 1553 508 1604 quom
523 1551 620 1604 parum
638 1537 745 1588 firmum
763 1539 790 1587 et
806 1540 910 1588 rectum
928 1538 961 1588 sit
978 1550 1072 1588 eorum
1090 1537 1230 1599 iudicium,
1258 1539 1303 1602 qui
1320 1538 1439 1604 poemata

355 1627 458 1675 tantum
476 1637 509 1674 an
526 1624 658 1672 vetustate
676 1623 827 1672 aestiment.
847 1622 881 1684 (v.
894 1619 945 1684 49.)
971 1622 1038 1671 Tum
1056 1621 1097 1672 bis
1114 1622 1178 1685 ipsis
1195 1621 1331 1673 veteribus
1349 1625 1439 1674 Roma-

356 1721 453 1759 norum
469 1707 555 1772 poetis
573 1707 608 1754 ita
625 1706 801 1766 enumeratis,
828 1708 857 1754 ut
879 1708 906 1754 et
926 1706 1078 1756 criticorum
1095 1705 1202 1780 sibimet
1219 1707 1268 1770 ipsi
1284 1706 1439 1772 plerumque

355 1793 507 1855 iniquorum
524 1791 604 1853 atque
622 1789 804 1852 antiquissima
823 1801 946 1852 quaeque
964 1790 990 1839 in
1002 1789 1128 1840 invidiam
1140 1803 1239 1850 novae,
1257 1792 1333 1840 utlta
1346 1791 1438 1850 dicam,

354 1879 496 1940 poetarum
522 1875 612 1925 sectae
638 1875 716 1923 unice
741 1871 966 1937 praedicantium,
994 1874 1023 1922 et
1043 1873 1180 1937 propriam
1202 1887 1279 1924 suem
1297 1873 1331 1926 de
1350 1863 1462 1926 iisdem'

355 1961 516 2010 sententiam
534 1958 649 2022 exponat
666 1957 700 2021 (v.
712 1957 780 2020 89.),
799 1957 925 2006 extremis
938 1957 1013 2019 quasi
1024 1954 1192 2007 lineamentis
1204 1956 1378 2024 descriptam,
1396 1957 1439 2008 sed

354 2055 487 2108 perquam
504 2027 651 2104 ingeniose,
670 2042 831 2090 Graecorum
849 2041 876 2089 et
893 2040 1072 2089 Romanorum
1090 2039 1207 2092 indolem
1220 2041 1346 2105 vitaeque
1364 2041 1439 2092 ratio·

356 2140 403 2176 nes
420 2127 490 2176 iuter
506 2137 536 2175 se
555 2125 694 2188 comparat
711 2125 742 2187 (v.
758 2123 838 2186 toti),
858 2137 890 2174 eo
908 2122 1019 2186 quidem
1036 2122 1159 2183 consilio,
1178 2127 1207 2174 ut
1224 2125 1403 2188 demonstret,
1420 2126 1439 2176 si

354 2211 518 2260 Graecorum
543 2209 724 2258 vetustissima
750 2221 873 2271 quaeque
896 2208 1014 2258 carmina
1037 2221 1148 2258 revera
1166 2209 1316 2260 sintetiam
1334 2211 1438 2276 optima,

354 2292 405 2343 hoc
424 2292 495 2342 idem
512 2291 639 2341 iudicium
656 2292 682 2342 in
701 2293 880 2342 Romanorum
892 2291 1056 2342 carminibus
1072 2290 1162 2342 locum
1174 2291 1275 2344 hebere
1287 2307 1342 2344 non
1354 2307 1438 2359 posse.

355 2374 457 2425 Deinde
478 2387 540 2424 cum
563 2375 743 2437 antiquiorum
759 2376 938 2425 Romanorum
957 2376 1061 2438 ingenio
1078 2388 1093 2424 a
1110 2373 1292 2427 subtilioribus
1310 2379 1439 2429 Musarum

354 2458 454 2509 artibus
471 2457 557 2508 alieno
573 2471 625 2508 non
637 2459 694 2509 sine
707 2456 793 2521 aliqua
805 2458 938 2509 derisione
950 2459 1081 2509 fervidum
1093 2457 1157 2510 illud
1168 2459 1286 2511 studium
1298 2461 1439 2527 componit,

354 2554 408 2605 quo
433 2555 497 2593 suae
524 2543 618 2593 aewtis
642 2542 765 2593 homines
791 2540 825 2591 ad
847 2553 941 2593 versus
965 2541 1123 2594 scribendos
1140 2545 1291 2608 rapiantur,
1317 2545 1440 2608 additque

354 2627 443 2690 poesis
460 2625 654 2687 laudationem,
681 2627 706 2676 in
726 2640 779 2689 qua
796 2639 812 2675 a
829 2627 919 2677 iocosa
937 2629 964 2676 et
981 2626 1114 2678 submissa
1132 2629 1289 2679 tractatione
1306 2625 1441 2693 usquead

354 2708 496 2761 sublimem
514 2711 671 2774 gravitatem
688 2711 802 2774 assurgit
820 2711 853 2773 (v.
869 2710 945 2774 4384,
981 2713 1075 2761 Postea
1093 2710 1187 2761 fautori
1205 2724 1254 2762 suo
1270 2713 1362 2777 poesis
1379 2725 1441 2762 con-

354 2793 489 2844 dicionem
506 2797 533 2844 et
549 2795 693 2856 rationem,
712 2792 797 2858 qualis
815 2798 877 2844 tunc
894 2794 994 2845 ltomae
1012 2795 1072 2855 luit,
1091 2796 1214 2846 scenicae
1233 2796 1377 2860 imprimis,
1396 2809 1440 2846 ex·

352 2879 427 2942 ponit
453 2878 487 2941 (v.
506 2877 573 2941 243.)
599 2881 680 2942 atque
706 2879 785 2928 etiam
810 2877 927 2942 reliquos
950 2880 1043 2942 poetas
1063 2881 1172 2943 praeter
1194 2881 1315 2930 scenicos
1332 2881 1441 2944 principi

354 2960 540 3022 commendat,
559 2975 592 3010 eo
608 2961 778 3026 potissimum
795 2962 902 3012 nomine
920 2975 973 3012 non
991 2961 1177 3026 negligendos,
1196 2963 1269 3026 quod
1281 2965 1406 3026 generosi
1416 2965 1441 3013 et

352 3043 443 3110 populi
467 3047 495 3094 et
518 3045 644 3108 principis
670 3046 773 3096 intersit
798 3043 950 3109 praeclaros
976 3044 1112 3110 praeclare
1138 3046 1268 3097 tactorum
1292 3059 1440 3111 praecones

354 3129 469 3179 nancisci
482 3130 515 3192 tv.
529 3129 610 3189 250.);
630 3129 702 3191 quod
720 3129 785 3178 dum
802 3129 867 3179 dicit
883 3132 979 3192 sponte
997 3131 1073 3193 quasi
1091 3131 1191 3194 etipsa
1209 3131 1342 3181 sermonis
1354 3132 1397 3180 via
1408 3129 1439 3180 ad

354 3225 414 3262 eam
438 3212 636 3262 excusationem
662 3211 794 3274 defertur,
822 3225 875 3277 qun
892 3213 964 3263 baud
980 3212 1065 3264 semel
1081 3213 1108 3262 in
1125 3215 1256 3277 poematis
1273 3214 1329 3264 suis
1346 3217 1439 3275 utitur,

353 3309 382 3346 se
400 3295 509 3358 quidem
527 3295 606 3344 tantis
628 3297 737 3359 tamque
762 3294 909 3360 splendidis
926 3295 1007 3346 rebus
1025 3296 1059 3346 ab
1076 3297 1195 3359 Augusto
1212 3298 1293 3360 gestis
1310 3299 1440 3363 imparem

354 3391 414 3429 esse
432 3376 626 3428 celebrandis.»
638 3379 711 3428 ann.
742 3380 861 3441 Etenim,
880 3381 910 3430 ut
927 3379 988 3429 alibi
1006 3380 1057 3430 iam
1070 3380 1292 3444 significavimus,
1310 3380 1441 3432 abhorre-

353 3462 400 3512 bat
417 3461 522 3510 enimus
539 3459 713 3524 voluntasque
732 3463 789 3514 eius
806 3477 821 3513 a
839 3465 894 3513 toto
911 3461 954 3513 illo
966 3477 1065 3526 genere
1078 3465 1253 3528 panegyrico,
1273 3466 1363 3516 medio
1375 3466 1442 3516 inter

354 3545 461 3612 epicum
484 3545 511 3594 ct
534 3543 648 3606 lyricum
670 3547 697 3594 et
714 3545 748 3595 ab
767 3550 880 3608 utroque
898 3549 1011 3598 remoto.
1042 3548 1144 3611 Scripta
1161 3547 1267 3598 videtur
1283 3548 1400 3612 Epistola
1416 3559 1438 3598 a.

353 3643 380 3679 u.
400 3641 424 3678 c.
443 3626 512 3689 iti,
531 3629 631 3678 Horatii
647 3629 698 3678 LV.
727 3627 734 3689 4
740 3629 780 3680 Ad
797 3631 881 3680 totam
898 3633 988 3680 autem
1006 3631 1075 3682 hanc
1092 3629 1237 3695 Epistulam
1254 3630 1301 3682 cir.
1318 3631 1443 3682 Welctrer

354 3712 452 3763 Grteclt.
473 3711 624 3775 Trapoedioa
640 3724 666 3775 p.
683 3711 774 3769 4444.;
802 3714 882 3777 atque
900 3726 962 3764 cum
979 3713 1089 3764 urbanis
1105 3715 1147 3765 his
1164 3727 1195 3766 ac
1213 3715 1315 3766 meritis
1332 3715 1441 3780 Augusti

354 3793 479 3846 laudibus
497 3795 595 3858 (lloack
612 3797 682 3846 Rdrn.
701 3795 786 3846 coca.
800 3796 819 3846 l.
837 3808 865 3860 p.
876 3796 945 3860 446.)
963 3801 1279 3862 eomparalexaggeraaa
1291 3797 1441 3851 illasOvidii

355 3879 424 3930 Fast.
442 3880 471 3940 4,
491 3879 538 3928 iti
555 3891 631 3942 sqq„
658 3880 680 3928 si
697 3879 836 3944 utriusque
855 3883 951 3945 poetae
968 3880 1104 3934 diversam
1122 3881 1239 3935 indolem
1256 3883 1363 3948 penims
1380 3895 1442 3949 per·

356 3963 460 4026 spicere
477 3960 571 4023 voles.)

823 4167 971 4180 n———nu-
