3082 4968
584 457 643 508 LlB.
663 457 682 507 l.
718 455 785 507 sla.
804 455 835 506 A.

207 621 303 686 Facta
324 615 411 684 canit
432 613 517 702 pede
540 623 589 680 ter
615 633 791 702 percusso;
814 612 897 680 lorte
920 631 1002 700 epos
1025 629 1101 678 acer

210 741 249 808 Ut
269 759 366 806 ncnro
389 737 504 805 Varius
525 735 630 815 ducit3
653 732 749 801 molle
772 743 870 822 atque
893 733 1031 801 lacerum

208 859 338 948 Virgilio
362 867 545 926 annuerunt
567 856 747 945 gaudentes
771 875 847 922 rure
870 855 1041 922 Camenae.
1213 855 1254 920 te

179 1027 183 1034 -
209 983 277 1049 Hoc
300 992 385 1058 erat,
409 989 543 1068 experto
566 979 683 1046 irustra
705 980 851 1045 Varrone
871 978 1006 1045 Atacino

209 1108 311 1192 Atque
335 1101 531 1191 quibusdam
554 1100 642 1178 aliis,
667 1099 783 1168 melius
800 1098 892 1187 quod
906 1098 1050 1166 scribere
1069 1119 1214 1186 possem,

232 1302 272 1354 ll.
287 1301 561 1361 Variasdics'tmottes,
577 1299 723 1361 Vamlsie)
734 1298 810 1348 doctu
820 1297 930 1360 model),
944 1299 1226 1350 Vartasdsctummolle

202 1392 230 1436 c,
252 1371 335 1427 l'eraer
345 1373 572 1434 declamarem,
589 1373 852 1437 Veausde'eeamolep
870 1375 976 1424 Verius:
989 1374 1182 1425 duetumollec.
1196 1399 1223 1412 -·

200 1452 239 1504 45.
258 1456 403 1502 mserum
419 1452 450 1511 S.
469 1453 606 1502 00000404
622 1461 644 1500 s.
664 1449 798 1498 adnuerint
815 1448 896 1514 bcdp.
912 1475 939 1486 -
952 1448 993 1501 47.
1010 1450 1105 1512 possim
1122 1449 1148 1499 d.

168 1652 261 1702 regum
272 1637 374 1688 heroici
386 1635 515 1701 temporis
527 1635 644 1685 facinora
656 1637 695 1684 at-
730 1633 836 1696 ldeoque
850 1635 878 1683 ie
894 1633 1003 1696 epistolis
1014 1634 1099 1686 Cicera
1113 1635 1174 1685 baec
1184 1633 1258 1686 Bnete'

168 1726 219 1777 que
240 1711 436 1762 vicissitudines
458 1722 593 1774 exponere
615 1707 691 1759 solet.
729 1710 807 1772 refert
822 1709 913 1760 verbe·
939 1711 982 1760 Ne
1003 1709 1055 1759 illi
1077 1715 1148 1760 suet
1166 1711 1259 1772 pedes

170 1816 195 1824 —
210 1789 323 1849 pedeter
336 1785 463 1848 perorasse]
476 1783 635 1847 «Tragoedia
649 1783 693 1832 tri·
727 1784 827 1846 faceti
851 1798 886 1834 00
911 1785 1032 1834 deliciis
1061 1784 1256 1848 ingredienti

168 1863 260 1912 metris
281 1857 404 1911 versibus
426 1859 554 1923 (senariis)
574 1857 628 1908 lere
651 1858 693 1906 ta·
730 1857 756 1920 (l.
783 1857 987 1922 ingrediendi)
1013 1858 1128 1909 molles.
1154 1883 1182 1894 -
1205 1873 1257 1909 00-

167 1937 260 1986 xitnr.»
295 1937 380 1987 Corra.
400 1936 479 1993 crue.
511 1933 620 1984 Tibicen
643 1945 693 1982 au·
728 1933 846 1998 0000004]
862 1932 1008 1998 penultima
1021 1931 1111 1996 brevi,
1129 1937 1160 1983 ut
1170 1933 1255 1996 Epod.

168 2014 220 2062 4000
238 2013 265 2061 in
281 2009 390 2073 singulis
408 2009 522 2074 dipodiis
543 2009 612 2074 pede
629 2021 693 2073 per·
730 2011 758 2070 9,
779 2011 819 2060 ll.
836 2007 976 2068 veretrum,
995 2009 1061 2073 Epp.
1076 2009 1106 2070 4,
1124 2007 1154 2070 4,
1172 2009 1196 2058 l.
1216 2009 1257 2059 de·

168 2099 246 2137 cusso
273 2099 400 2136 numeros
424 2083 491 2149 (den
518 2084 602 2150 Takt)
623 2083 693 2134 indi·
730 2083 829 2135 deme.
852 2112 878 2120 —
897 2083 950 2133 Hoc
970 2087 1025 2134 erat
1046 2083 1108 2148 cet]
1130 2083 1176 2133 His
1196 2095 1260 2134 rer-

167 2160 259 2220 eabat;
287 2159 358 2210 unde
378 2159 506 2222 peraeae
522 2158 594 2208 idem
612 2161 692 2222 atque
729 2159 772 2211 bis
798 2159 921 2210 Horatius
947 2157 1044 2223 repetit
1065 2157 1203 2222 superiora
1222 2159 1257 2222 (v.

167 2237 249 2296 ictus,
267 2231 396 2306 κροῦσις.
424 2231 693 2284 Claudiussacerdos
730 2234 782 2297 37.)
799 2235 859 2284 boec
876 2247 921 2297 epo
938 2233 996 2284 tado
1014 2235 1065 2283 cet.
1102 2233 1174 2283 «Hoc
1194 2233 1259 2284 sati-

167 2309 223 2360 lib.
244 2310 268 2359 4.
286 2322 314 2374 p.
332 2310 378 2359 26:
407 2321 494 2358 cereres
512 2307 692 2370 permetientes,
730 2309 818 2360 mcum
835 2309 983 2358 carminum
1001 2319 1085 2371 genus
1103 2307 1164 2371 (Sat.
1183 2309 1210 2370 4,
1229 2305 1257 2369 4,

166 2385 192 2434 td
212 2389 260 2444 est,
284 2385 485 2432 mandentes·
505 2383 573 2444 acer]
598 2382 694 2432 «tervi-
731 2383 782 2447 il.)
801 2385 872 2445 erat,
899 2384 925 2434 in
944 2395 997 2447 quo
1021 2380 1122 2433 ielieius
1139 2382 1259 2432 Varrone

168 2459 247 2519 dus»,
273 2458 390 2522 scurie.
411 2485 439 2495 -
461 2459 559 2521 Variae]
581 2457 640 2507 Vld.
659 2455 693 2507 sd
732 2460 856 2520 Atacino,
875 2456 1145 2521 irustraidexperlo‚
1164 2457 1260 2520 etqui·

169 2532 259 2593 adt,
279 2531 309 2592 6,
329 2533 352 2581 4.
383 2533 478 2594 Sati,
498 2535 526 2593 e,
545 2531 586 2584 40.
606 2533 694 2582 -du-
732 2535 847 2586 busdam
865 2529 922 2583 aliis
939 2531 1134 2583 elaborarem.»
1155 2531 1261 2580 -Ver-

166 2607 208 2672 cit]
227 2607 304 2671 quasi
322 2619 336 2656 a
355 2607 453 2658 nendo.
483 2607 557 2658 Ouid.
571 2609 648 2681 Tflst.
663 2610 692 2670 4,
731 2609 801 2674 roae]
820 2613 848 2660 P.
867 2609 928 2672 (aon
946 2607 972 2658 C.
986 2619 1037 2657 nec
1053 2606 1102 2670 N.)
1120 2607 1259 2656 Terentius

169 2684 215 2744 44,
240 2683 286 2732 l‘t:
316 2687 400 2732 temen
420 2684 472 2744 ipse
496 2688 614 2734 40000040
629 2683 695 2733 Cer·
732 2689 816 2738 Varro
834 2685 960 2734 Atacinus
979 2682 1021 2748 (ab
1038 2684 1134 2744 Atace,
1161 2681 1258 2732 Galliae

167 2759 238 2807 04400
259 2757 379 2806 ducebam
401 2759 585 2820 puctieeuaqee
604 2771 692 2808 mesa.
733 2759 912 2811 Narbonensis
934 2757 971 2820 ti.)
989 2771 1014 2808 a.
1027 2772 1054 2808 u.
1074 2770 1097 2806 c.
1117 2757 1257 2806 eii-att.

168 2830 295 2882 Similiter
325 2833 452 2883 00000000.
489 2833 563 2884 Coni.
587 2834 640 2884 Sat.
664 2834 693 2894 2,
732 2835 925 2898 Argonautica,
956 2829 1124 2882 laudabiliter
1151 2827 1260 2894 Apollo-

169 2909 198 2968 4,
217 2906 243 2958 t.
271 2907 411 2967 Quomodo
431 2909 572 2959 santenius
592 2907 627 2958 ad
643 2907 696 2958 Te·
733 2911 807 2960 nium
818 2909 950 2968 inritatus,
969 2919 1080 2956 carmen
1091 2905 1126 2956 de
1139 2903 1262 2954 Caesaris

169 2982 281 3034 rentiau.
295 2993 321 3044 p.
335 2981 393 3030 446.
423 2982 560 3046 praeferre
579 2983 695 3046 potuerit
733 2983 804 3034 hello
829 2983 1001 3047 Aquitanico,
1032 2979 1205 3040 Leucadiam,
1233 2977 1261 3028 id

170 3055 254 3106 Codd.
280 3053 387 3105 Dorvill.
407 3059 434 3106 et
456 3057 473 3104 S
495 3054 638 3108 lectionem
655 3057 695 3106 dt-
734 3060 787 3118 est,
802 3056 914 3121 elegiam
926 3053 1088 3121 inpueHam,
1101 3066 1183 3118 quam
1194 3053 1262 3103 ada-

168 3131 213 3189 cit,
233 3129 360 3193 equidem
373 3141 426 3180 non
438 3129 562 3194 intelligo.
575 3158 603 3168 -
613 3129 694 3196 molle]
733 3133 837 3195 mahat,
850 3130 1028 3196 Ephemerida
1046 3144 1080 3180 ex
1096 3131 1176 3180 Arato
1194 3123 1260 3179 con-

168 3201 203 3254 τὸ
227 3200 395 3270 μαλθακόν,
419 3205 561 3269 diescens
585 3205 693 3266 Gratim
733 3220 841 3259 versam
863 3205 918 3271 (cir.
935 3206 1020 3268 Bergk
1041 3207 1067 3254 in
1088 3205 1154 3254 llus.
1174 3203 1256 3253 Rhea.

169 3281 208 3332 sic
235 3279 391 3330 laudaturus
417 3280 548 3331 Haemum
566 3281 696 3344 optimum
733 3285 764 3334 N.
778 3284 804 3333 F.
817 3284 837 3333 4.
850 3295 877 3346 p.
891 3280 969 3344 344),
988 3281 1069 3330 etiam
1086 3279 1181 3330 satiras
1199 3291 1262 3330 con-

170 3356 295 3416 mimum,
313 3355 412 3405 04044000
430 3357 509 3406 vocat
523 3355 654 3406 luvenalis
666 3355 694 3418 3,
733 3358 886 3423 scripserat.
923 3355 962 3407 Ci.
982 3351 1086 3417 Quintil.
1107 3355 1152 3416 40,
1172 3356 1199 3416 4,
1217 3354 1260 3405 87.

170 3429 210 3479 99.
229 3429 283 3480 Cir.
297 3429 351 3479 Sat.
365 3431 392 3491 4,
411 3431 441 3491 9,
460 3431 502 3480 45.
736 3459 763 3468 -
782 3435 861 3494 Atque
877 3431 1026 3494 quemdam
1042 3431 1107 3495 otiis]
1132 3432 1204 3492 Quos
1222 3429 1259 3480 si-

201 3504 290 3555 lo-te.
321 3503 432 3569 Vtrpttto]
455 3507 499 3570 qui
521 3508 584 3557 tnnc
602 3505 696 3556 edlde-
734 3509 858 3572 galilaei,
877 3508 1042 3571 ignoramus,
1062 3507 1135 3557 certe
1147 3505 1263 3555 nonEn-

171 3581 211 3630 rat
227 3577 351 3629 Bucolica
369 3583 397 3630 et
413 3581 553 3644 Georgica,
577 3581 695 3632 Aeneida
734 3585 809 3635 nium
826 3595 915 3646 neque
937 3582 1095 3642 Pacuvium,
1122 3581 1151 3629 ut
1172 3577 1263 3630 volunt

171 3655 195 3704 in
220 3653 345 3705 manibus
366 3653 493 3706 habebat.
529 3654 580 3707 lllis
606 3655 697 3706 tribuit
734 3658 910 3720 scholiastae,
935 3658 984 3710 sed
1009 3657 1121 3708 tortasse
1138 3655 1262 3706 Suetium

170 3728 277 3780 diffindi
297 3741 382 3793 genus
402 3731 477 3780 molle
497 3730 637 3794 (tenerum)
655 3733 697 3781 al·
734 3737 907 3795 Nicanorem,
928 3731 1013 3784 Sullae
1030 3728 1184 3795 aequalem,
1204 3727 1263 3791 «004

170 3817 223 3867 que
232 3805 344 3866 [0004004
356 3805 520 3868 (venustum,
535 3805 633 3856 0044ον
643 3805 698 3856 Aa·
734 3812 842 3862 satirae»
858 3809 970 3870 scripsit,
993 3808 1020 3856 ia
1037 3818 1089 3868 000
1105 3804 1220 3854 tiberium
1238 3815 1264 3854 se

169 3879 272 3944 mutis).
310 3879 505 3942 Quintil.6‚³,
526 3881 571 3931 te:
599 3881 697 3932 Face-
734 3885 876 3937 indicebat»
896 3883 1012 3947 (sueton.
1032 3883 1149 3930 Gramm.
1167 3876 1215 3942 5.),
1235 3880 1263 3929 04

170 3959 232 4004 tam
257 3967 357 4017 000000
379 3969 430 4005 coe
455 3960 554 4006 tantam
578 3955 698 4006 0400004-
735 3961 763 4010 T.
783 3958 934 4019 Quinctium
944 3953 1102 4018 Attamleir.
1116 3953 1151 4004 ad
1165 3953 1261 4017 Epistt,

169 4029 253 4080 dicata
269 4031 509 4092 opinorconstuere.
536 4031 622 4094 Neque
633 4032 698 4080 euim
735 4037 765 4098 2,
792 4036 820 4096 4,
851 4033 921 4096 lie),
954 4032 1018 4082 item
1046 4031 1079 4082 N.
1108 4029 1262 4080 Terentium
1314 4053 1321 4062 ·

170 4106 261 4154 0400004
277 4105 398 4154 4400004404
417 4105 559 4168 facetam
578 4107 699 4156 ceraunis
735 4109 886 4159 Varronem
898 4105 1048 4168 Reatinum,
1062 4117 1144 4169 quem
1155 4106 1266 4169 praeter

169 4193 247 4244 pense
257 4183 508 4231 eoturacoecessrea
519 4193 570 4231 esee
584 4181 697 4246 Virgilio.
736 4184 891 4248 Menippeas
909 4183 991 4231 etiam
1013 4179 1138 4230 Luciliani
1156 4179 1266 4242 generis

170 4255 275 4306 Decors'e
286 4255 352 4305 baec
362 4257 445 4320 mepte
455 4261 479 4306 et
488 4257 604 4308 00004400
613 4257 699 4308 00400-
736 4260 883 4309 Satirarum
895 4255 979 4307 libros
986 4257 1111 4320 quattuor
1122 4253 1263 4318 scripsisse

173 4334 232 4383 dem
252 4333 391 4399 0400004400
412 4334 604 4397 0000404400οη
625 4339 697 4398 pato.
736 4347 807 4386 nunc
826 4346 858 4384 ex
875 4331 1030 4396 Hieronymi
1047 4329 1134 4382 indice
1149 4341 1264 4394 operum
