3130 4966
276 407 317 475 tc
654 413 783 464 nonam
802 413 983 465 sarrnanuu

319 573 379 634 dut
401 567 482 634 aiius
505 589 600 634 casus
623 567 706 635 iecto
730 579 760 635 te
784 567 905 644 adfixit,
930 569 1031 636 habos
1052 571 1107 656 qui

318 689 485 768 Adsideat,
510 691 648 756 tomenta
671 700 775 777 paret,
801 689 963 758 modicum
987 699 1092 777 roget,
1117 699 1152 755 ut
1174 700 1204 756 te

318 813 458 879 Suscitet
478 833 517 879 ao
539 813 642 900 gnatis
665 811 778 878 reddat
800 812 951 899 carisque
974 807 1193 898 propinquis?

318 935 387 1000 Non
408 954 491 1000 uxor
512 934 636 1001 salvum
658 945 689 1000 te
712 932 794 1008 voit,
819 954 883 999 non
906 932 1007 1011 iiiius;
1030 953 1144 998 omnes

318 1056 417 1124 Vicini
441 1055 593 1134 oderunt,
618 1056 701 1133 noti,
725 1055 819 1142 pueri
842 1065 939 1142 atque
962 1053 1100 1142 puellae.

318 1178 453 1256 Miraris,
480 1199 554 1246 cum
576 1188 609 1244 tu
631 1185 764 1264 argento
785 1187 861 1264 post
882 1177 990 1244 omnia
1012 1197 1130 1264 ponas,

318 1301 351 1366 Si
375 1321 470 1367 nemo
491 1309 634 1387 praestet
655 1319 753 1386 quem
776 1319 841 1366 non
862 1299 1019 1367 merearis
1041 1301 1211 1366 amorem?

309 1575 349 1625 st.
367 1573 469 1624 marim
486 1571 581 1636 (adscr.
601 1571 658 1623 «vei
675 1573 772 1634 easta»)
790 1571 817 1622 d.
839 1599 865 1608 -
885 1573 980 1636 amicit
996 1569 1132 1633 chodac.
1158 1573 1197 1634 (m
1214 1585 1276 1631 nos,
1295 1575 1331 1636 Sp

310 1651 338 1698 et
354 1649 480 1713 quattuor
496 1647 621 1697 Pottierii.
657 1648 695 1698 De
707 1647 763 1698 suis
779 1649 849 1698 tacet
866 1646 990 1710 Bentley,
1010 1648 1059 1698 nisi
1077 1645 1148 1712 quod
1168 1648 1193 1696 in
1211 1644 1332 1710 pluribus

309 1722 474 1773 membranis
491 1723 602 1786 reperiri
621 1721 684 1773 dicit
700 1723 808 1786 amicit,
827 1722 861 1773 ab
878 1723 936 1786 ipso
953 1721 1153 1786 improbatum.)
1171 1748 1198 1758 -
1217 1721 1258 1770 83.
1276 1721 1333 1772 red-

308 1799 352 1847 dat
372 1798 457 1862 anatis
473 1798 503 1860 (s.
521 1797 596 1860 natis)
614 1796 753 1858 Bbcd,Ltt.
774 1795 849 1860 (natis
868 1795 934 1847 Edd.
953 1795 1106 1861 pleraeque.
1143 1797 1268 1846 Nostrum
1286 1807 1332 1844 or-

309 1871 399 1922 dinem
412 1874 521 1922 tuentur
532 1874 581 1937 Sp,
599 1875 654 1924 tres
665 1871 807 1934 Blandiuii‚
826 1885 895 1923 unus
907 1871 1058 1931 Pulmanni,
1072 1869 1163 1934 βδνυ.)
1177 1897 1205 1908 -
1218 1871 1258 1921 at.
1273 1871 1333 1920 ade-

309 1953 368 1998 runt
384 1948 437 1997 noti
453 1947 476 1995 J.

278 2191 380 2254 ptumo,
398 2193 428 2240 ut
444 2202 525 2254 saepo
536 2202 562 2238 v.
576 2195 673 2240 tentare
686 2188 720 2239 de
732 2201 803 2238 mor·
838 2190 919 2253 tana
934 2191 987 2240 aad
1002 2189 1066 2250 Ait,
1089 2189 1161 2240 velut
1178 2201 1210 2239 ex
1228 2189 1363 2253 proverbii

277 2264 374 2314 borum
402 2263 609 2316 accessionibus.
644 2289 673 2302 ·-
702 2264 801 2328 adfuit]
839 2262 965 2324 formata,
990 2264 1082 2327 sicque
1104 2277 1197 2314 rursus
1218 2265 1315 2324 ΒΜ,
1333 2265 1363 2325 3,

278 2339 369 2400 «iecit,
395 2342 425 2388 ut
450 2339 548 2390 diutius
574 2338 621 2389 tibi
647 2337 802 2389 cubandum
839 2337 896 2387 430.
916 2366 944 2374 -
960 2344 1016 2401 post
1032 2341 1118 2389 omnia
1133 2339 1220 2404 ponas]
1239 2337 1364 2388 Similiter

277 2415 375 2464 assata
410 2414 470 2464 Sen.
491 2414 538 2477 Ep.
558 2413 603 2462 67:
629 2414 682 2477 Apo
703 2414 803 2477 pratiaa
838 2413 964 2464 dividitur
986 2419 1135 2477 anteponere
1156 2427 1171 2464 a
1194 2415 1249 2464 Cic.
1268 2413 1362 2474 0113,

276 2488 407 2548 senectuti,
437 2488 504 2548 qaod
526 2499 566 2536 ma
593 2487 681 2537 iactato
707 2488 800 2552 alm
839 2489 883 2548 tr,
902 2489 948 2538 rt:
966 2489 1088 2540 matitia·
1101 2489 1193 2539 -maia
1209 2489 1279 2539 bonis
1293 2487 1364 2550 paait

278 2564 366 2612 Lectio
378 2563 473 2626 amisit
490 2561 597 2622 notioni,
616 2575 686 2625 quae
704 2562 747 2612 hic
760 2575 802 2612 re·
838 2567 905 2614 ma.
927 2587 955 2599 -
973 2565 1005 2615 At
1021 2565 1043 2614 si
1059 2563 1121 2629 cet]
1140 2568 1188 2615 «nt
1205 2565 1227 2614 si
1245 2561 1365 2614 nuiiota-

277 2637 403 2700 quiritur,
422 2638 482 2700 apta
501 2649 553 2686 non
570 2639 623 2694 est;
642 2636 801 2699 signiticaret
838 2637 905 2688 bore
916 2637 983 2690 veiis
994 2651 1102 2690 servare
1115 2640 1216 2688 amicos
1228 2639 1363 2700 cognatos,

277 2712 363 2762 enim:
395 2724 472 2761 «cum
499 2713 523 2760 vi
552 2714 578 2761 te
604 2709 673 2761 teoto
699 2708 800 2761 iiiiditn
838 2725 907 2776 quos
925 2713 973 2764 tibi
994 2715 1087 2764 natura
1109 2713 1169 2774 dat,
1192 2711 1279 2763 inieiix
1296 2710 1364 2761 indis

277 2785 353 2846 Quod
387 2786 421 2836 ad
454 2786 638 2836 summitatem
667 2786 799 2849 pertinet,
838 2800 975 2851 operam.»
1010 2789 1084 2838 Hauc
1102 2787 1210 2851 Cruquit
1233 2788 1365 2850 interpre-

277 2858 452 2923 Sangaiiensis
469 2873 546 2910 meus
566 2861 801 2924 praestantissimis
838 2863 978 2922 tationem,
1006 2875 1058 2925 qua
1082 2860 1165 2912 verba
1188 2861 1256 2911 natta
1281 2861 1365 2912 labore

277 2935 361 2985 Codd.
383 2933 600 2985 adnumerandus
625 2937 674 2985 est.
714 2938 800 3000 Atque
839 2934 874 2986 ud
887 2936 929 2987 iiia
942 2938 1050 2986 retinere
1060 2935 1121 2986 odis
1131 2935 1298 2997 referuntur,
1311 2947 1364 2984 non

277 3009 374 3058 suificit
390 3010 498 3060 omnino
515 3011 633 3060 Senecae
646 3012 798 3062 auctoritas,
838 3013 871 3064 ad
883 3027 926 3064 vv.
939 3017 1036 3063 natura
1050 3013 1108 3072 dat,
1127 3024 1213 3075 nuper
1224 3009 1364 3061 iierbsttus

277 3083 381 3135 Nuiiem
396 3097 461 3135 vero
475 3086 546 3148 apud
563 3086 707 3150 scriptores
725 3100 802 3150 repe·
837 3088 924 3153 (tecit.
946 3088 1032 3138 Venas.
1047 3089 1075 3138 P.
1089 3089 1108 3137 1.
1121 3099 1148 3150 p.
1161 3087 1193 3136 Ὦ
1205 3085 1276 3150 sqq.)
1294 3085 1365 3136 mui-

277 3159 330 3208 ries
353 3173 402 3223 pro
425 3171 508 3223 pravo
531 3158 573 3210 illo
595 3161 657 3211 lecto
677 3158 799 3226 asdipare.
838 3165 871 3213 tis
888 3160 981 3213 similis
998 3162 1217 3224 transgressionis
1235 3159 1363 3224 exemptis

279 3259 306 3270 —
325 3234 450 3298 Adsideat]
469 3233 563 3285 Ceisus
579 3234 607 3294 3,
626 3234 656 3286 i:
677 3235 801 3285 daumii-
837 3237 909 3303 apud
944 3237 1080 3288 Horatium
1114 3236 1198 3287 obviis
1230 3235 1362 3299 probavit.

276 3310 320 3359 tud
336 3315 383 3369 ast,
410 3311 476 3371 quod
492 3323 602 3372 senapin,
629 3311 695 3370 qood
711 3310 802 3370 abimus
837 3313 987 3363 Dttntzerus
1008 3313 1098 3360 autem
1120 3323 1237 3373 eumque
1254 3313 1364 3360 secutus

276 3385 426 3434 servandam
437 3391 484 3443 est,
502 3390 530 3433 at
541 3385 613 3448 aspri
623 3385 689 3436 utras
699 3384 802 3434 ndiado
837 3383 1055 3447 Diiienburgerus
1066 3397 1110 3433 vv.
1123 3385 1191 3434 nitito
1208 3384 1293 3436 labore
1304 3378 1364 3434 ἀπὸ

277 3459 415 3509 assidens
430 3459 540 3508 mediam
555 3459 681 3520 inspiciat.
697 3482 723 3493 -
738 3457 802 3508 Sas-
837 3457 937 3512 κοινοῦ
956 3461 1040 3524 posita
1064 3461 1172 3524 putant:
1202 3461 1250 3510 «nt
1271 3461 1292 3510 si
1317 3473 1364 3509 co-

276 3533 344 3597 eitet]
364 3533 488 3593 «efficiat,
514 3535 543 3582 ut
559 3545 653 3583 rursus
671 3545 685 3582 e
703 3531 800 3583 ieciuio
838 3538 945 3600 gnatos,
964 3547 1032 3598 quos
1050 3533 1119 3585 uitro
1138 3533 1184 3584 tibi
1203 3532 1297 3584 obtuiit
1315 3547 1364 3583 na·
1391 3567 1392 3574 κ

277 3621 386 3671 surgere
409 3608 525 3672 possis»,
552 3607 579 3658 id
600 3609 654 3668 esi,
681 3607 799 3658 «bonam
838 3614 911 3670 tura,
934 3608 1003 3660 nulia
1020 3611 1102 3660 etiam
1119 3609 1239 3673 impensa
1262 3611 1364 3660 amicos

276 3684 457 3735 valetudinem
475 3683 521 3734 tibi
539 3684 686 3734 restituat.»
837 3684 884 3735 tihi
909 3697 1017 3734 servare
1044 3683 1125 3744 veiis,
1154 3696 1240 3747 aequa
1267 3681 1362 3732 stuitus

838 3759 1364 3820 assuescet-naito-taoorqotna

310 3833 397 3884 Bt-tt.
433 3835 489 3883 Non
513 3847 581 3882 acor
606 3833 668 3897 cet]
694 3835 801 3884 «immo
838 3832 1363 3898 etwassitrsiesuttan,nuiiosum-

276 3921 357 3958 neum
375 3909 410 3958 tui
423 3921 515 3958 curam
527 3907 620 3970 gerit.»
655 3905 801 3958 Simiiisio-
838 3907 1364 3973 pta,nuttatargtttone.»-emaroqae

208 3977 212 3984 ’
277 3982 470 4047 nusestopud
489 3983 564 4032 Dion.
585 3982 680 4044 Chrys.
699 3983 799 4032 orti.
838 3984 1054 4046 amieos18ut.i‚
1078 3983 1106 4042 3,
1129 3981 1174 4032 tt:
1201 3983 1365 4032 Haeoreset

278 4071 302 4122 p.
322 4057 380 4108 tet.
398 4058 427 4106 a.
457 4057 512 4107 Cic.
536 4057 561 4106 iu
586 4057 671 4107 Vatin.
690 4058 735 4119 tc,
753 4057 799 4107 39:
838 4057 931 4122 iaapit,
958 4058 1055 4106 tanatos
1071 4060 1095 4104 et
1111 4061 1194 4106 servat
1212 4056 1313 4106 arnicas.
1335 4083 1361 4091 -

275 4131 802 4196 siteuicini,siasfinas,sitritoim·odc·
837 4133 942 4196 Infelix]
971 4133 1002 4183 Ut
1022 4127 1127 4194 μέλεος
1149 4132 1191 4180 est
1217 4127 1362 4189 interdum,

276 4213 350 4268 mat,
362 4207 426 4255 --si
445 4207 546 4270 aopooti
562 4213 683 4270 respuam
700 4207 751 4257 aet.
772 4234 799 4243 —
839 4207 899 4270 aqui
909 4203 1007 4268 atiquid
1019 4203 1082 4255 iacit
1090 4203 1253 4266 infeliciter»,
1265 4206 1303 4254 sic
1313 4205 1364 4253 noc

275 4283 348 4344 paeri
375 4285 450 4342 atqua
475 4280 588 4345 paellae]
615 4281 670 4332 iere
696 4285 726 4332 ut
750 4294 800 4332 nos
837 4279 895 4331 ioco
913 4291 965 4329 uon
983 4281 1022 4328 cst
1037 4279 1122 4330 maiar
1138 4293 1170 4331 ao
1187 4291 1271 4344 prope
1288 4277 1365 4328 aceta-
