3192 4974
637 412 697 462 ms.
716 413 734 462 1.
771 413 871 464 salsa.
888 416 930 466 ιιι.
1271 414 1333 482 tto

286 568 378 647 Quae
401 565 640 634 circumvolitas
662 565 754 656 agilis
776 568 911 658 thyma?
932 573 1001 638 Non
1024 573 1079 640 tibi
1102 593 1238 662 parvum

287 689 468 778 ingenium,
493 709 557 756 non
580 689 735 758 incultum
757 702 861 760 estet
884 693 1018 781 turpiter
1040 694 1167 764 hirtum.

285 812 351 878 Seu
374 810 517 899 linguam
539 811 647 878 causis
669 812 760 880 acuis
781 835 841 882 seu
862 815 964 882 civica
988 816 1058 884 iura

284 932 494 1022 Respondete
517 953 613 1022 pares
635 953 695 1002 seu
718 935 831 1002 condis
853 936 991 1005 amabile
1015 959 1160 1020 emman,

290 1123 348 1246 'bn
366 1122 402 1257 οἷ]
419 1135 465 1172 nec
480 1122 541 1172 tct.
561 1120 600 1185 (et
615 1125 723 1186 praeter
740 1126 844 1176 nostros
861 1127 974 1178 Codices
990 1126 1042 1191 βξκ
1061 1143 1142 1181 «cum
1159 1129 1216 1183 aliis
1235 1133 1295 1199 plu-

275 1211 297 1246 n
318 1209 374 1247 usn

240 1367 347 1429 ptomm
379 1365 524 1415 imitatione
553 1367 648 1416 avocat
675 1369 703 1417 et
730 1367 765 1416 ad
803 1369 1019 1422 drmolitoodi
1043 1374 1124 1438 atque
1148 1375 1269 1438 andimus
1291 1379 1329 1428 si-

240 1438 425 1504 componenda
442 1439 503 1490 talia
522 1441 639 1492 earmina
662 1441 763 1504 invitat,
802 1444 909 1507 gnificat
927 1445 1008 1496 modo
1020 1447 1100 1511 haec,
1119 1448 1200 1500 modo
1217 1447 1260 1502 illa
1271 1464 1329 1502 oan-

240 1528 308 1579 qaae
327 1515 420 1579 privati
438 1515 490 1565 sint
506 1515 598 1566 iuris·
628 1515 729 1578 Ossam)
803 1520 905 1570 minum
918 1521 1132 1584 genet-asilum
1143 1525 1242 1575 tenuta
1255 1539 1326 1584 esse,

272 1589 355 1639 44-40.
373 1589 641 1655 Palatinam-Apollo]
655 1590 684 1640 ln
696 1593 765 1642 tem·
802 1605 867 1642 sane
878 1596 909 1644 ut
925 1608 992 1660 opus
1003 1597 1205 1659 secundarium,
1225 1601 1267 1650 cui
1279 1613 1329 1666 per

238 1661 282 1728 plo
299 1661 424 1730 Apollinis
441 1663 549 1716 Palatini
566 1665 725 1716 Octavianus
737 1680 761 1716 a.
802 1667 882 1721 boras
899 1669 1055 1724 subsecivas
1066 1675 1188 1724 vacaret:
1208 1688 1270 1726 nam
1286 1689 1328 1727 se·

238 1751 264 1789 u.
280 1752 303 1790 c.
322 1739 380 1789 746.
399 1737 556 1790 condiderat
572 1737 762 1790 bibliothecam
801 1743 905 1794 veriora
922 1744 1009 1796 studia
1027 1745 1062 1796 ad
1083 1745 1264 1812 eloquentiam
1286 1750 1328 1801 lo-

238 1813 381 1866 Palatinam
397 1811 547 1879 publicam,
566 1815 643 1865 cuius
659 1816 762 1878 primus
800 1831 909 1868 oensem
935 1821 961 1869 et
981 1821 1023 1871 ius
1045 1821 1121 1872 civile
1146 1825 1325 1878 converterat.

237 1891 344 1940 curator
365 1889 413 1940 luit
433 1890 463 1940 C.
485 1887 565 1940 lulius
583 1890 711 1952 Hyginus.
730 1915 759 1928 -
802 1920 830 1930 —
848 1894 970 1944 tammum
986 1896 1050 1960 oet]
1074 1899 1104 1949 Ut
1125 1911 1191 1962 ager
1211 1897 1326 1952 incultus

235 1963 335 2028 recepe]
357 1961 430 2014 velut
446 1963 558 2014 donatia
579 1965 606 2016 in
623 1976 701 2016 snam
718 1969 762 2015 tu·
798 1968 879 2018 birtm
902 1967 944 2030 nt,
972 1969 999 2021 id
1017 1973 1070 2032 est,
1097 1970 1165 2023 filice
1182 1972 1327 2039 vepribus-

234 2037 328 2098 telam;
346 2053 400 2103 quo
418 2040 507 2090 minus
522 2041 603 2091 etiam
615 2053 646 2090 ea
658 2045 762 2104 maere
799 2055 852 2105 que
864 2041 1020 2106 obducitur,
1039 2047 1078 2097 sic
1095 2047 1230 2110 ingenium
1247 2047 1325 2098 bonis

236 2115 394 2178 (attrectare)
410 2113 480 2166 lieet.
496 2141 523 2150 -
535 2114 674 2179 camisale]
693 2116 760 2166 Nota
799 2115 901 2166 artibus
918 2131 970 2168 non
989 2118 1138 2182 excultum,
1163 2121 1193 2172 m
1213 2121 1281 2172 rude
1298 2124 1326 2173 et

234 2187 329 2240 labella
347 2189 461 2252 Aesopia
478 2187 566 2252 (Baba.
584 2189 625 2240 44.
645 2188 758 2240 Phaedr.
798 2191 892 2242 babes.
919 2195 1039 2244 Praestat
1055 2198 1146 2246 eutem
1164 2194 1243 2246 lectio
1254 2201 1277 2248 et
1289 2195 1338 2248 al-·

235 2265 265 2326 4,
283 2265 318 2327 3.)
337 2265 407 2316 bano
429 2265 590 2316 sententiam
614 2265 757 2328 expressit:
799 2269 848 2318 teri
864 2281 924 2328 neo,
948 2282 1052 2333 «neque
1070 2271 1143 2322 enim
1159 2271 1281 2324 incudum
1297 2273 1325 2323 et

235 2351 284 2388 ane
303 2337 377 2390 laoile
400 2339 487 2388 omnis
510 2337 594 2388 lector
616 2338 761 2403 perspiciat
796 2342 891 2392 hirtum
908 2342 1029 2393 diversas
1047 2357 1092 2395 res
1108 2345 1269 2408 significant,
1295 2349 1325 2396 ut

233 2411 342 2464 Celsum
364 2414 390 2464 ln
408 2413 559 2474 sententiis,
583 2413 757 2477 imaginibus,
797 2419 850 2468 sint
874 2417 1077 2480 disiungeuda.»
1103 2419 1195 2470 Busan.
1221 2426 1324 2470 -tur-

233 2489 349 2552 totisque
372 2488 440 2538 adeo
457 2487 523 2540 locis
539 2489 670 2540 imitatum
686 2503 757 2550 esse,
794 2492 986 2557 niter-birtine]
996 2493 1097 2544 4.Ρ.3;
1111 2495 1219 2557 tupiter
1227 2500 1321 2546 atnam.

232 2564 366 2616 interdum
384 2565 485 2616 tantum
510 2565 536 2614 in
554 2564 675 2615 Latinum
693 2578 758 2616 oon-
798 2568 842 2617 uin
870 2579 950 2630 prosa
978 2568 1097 2618 oratione
1124 2569 1169 2632 qni
1197 2571 1322 2622 accurate

231 2640 358 2700 vestisse,
376 2641 469 2704 poetas
487 2641 628 2690 Graecos.»
648 2667 675 2676 -
694 2641 759 2691 coto-
797 2641 963 2706 scripserunt
980 2642 1037 2692 ausi
1055 2654 1109 2692 non
1120 2645 1183 2693 sunt
1195 2643 1322 2696 adverbia

230 2713 308 2777 sibus]
326 2713 438 2779 «plumis
458 2714 592 2764 veriorum
609 2712 757 2766 colorum.»
797 2713 928 2779 qualitatis
935 2727 998 2765 cum
1005 2715 1143 2766 adieetivis
1150 2717 1320 2781 coniungere.

232 2790 323 2840 Seaou.
345 2817 372 2826 —
385 2790 480 2840 Totum
497 2791 587 2840 autem
605 2791 758 2842 boemoni·
796 2789 874 2853 Apud
898 2790 1036 2840 Horatium
1061 2793 1169 2854 poetam
1195 2804 1321 2857 compara

232 2867 288 2916 tum
306 2867 364 2917 aias
376 2867 430 2926 est,
449 2867 495 2930 qui
512 2864 597 2931 probe
615 2868 707 2918 nosset
718 2866 758 2916 la·
795 2862 844 2915 Od.
858 2863 887 2926 3,
906 2863 952 2924 44,
971 2863 1003 2914 34
1020 2863 1163 2927 (Splendida
1173 2865 1321 2932 mmm).-

232 2938 375 3000 miliarem3
399 2941 539 3001 iuvenem,
559 2941 601 2992 eui
619 2955 757 3005 nunquam
796 2942 915 2990 Dumna.
948 2965 975 2976 -
1012 2940 1098 3004 acab]
1131 2939 1321 3004 sigmtlcantius

171 3051 177 3062 ,
232 3015 256 3064 in
278 3017 397 3066 mentem
416 3018 528 3066 venerat
549 3028 610 3068 sese
627 3018 757 3081 aequipa-
795 3027 877 3078 quem
895 3025 1080 3077 upraepanas.»
1110 3015 1165 3066 Cic.
1183 3017 1255 3066 Brut.
1273 3017 1319 3078 94,

230 3101 290 3140 rare
314 3090 419 3140 ilonatlo
441 3091 563 3154 magnius
587 3094 683 3156 poetae
706 3105 756 3144 no-
795 3089 855 3140 aet:
870 3086 1235 3150 taittaolinlorumlvmeroa
1245 3105 1319 3154 anau,

230 3177 292 3216 men
304 3166 447 3230 appetere,
466 3167 546 3229 atque
564 3166 673 3217 omnino
684 3167 756 3232 apud
794 3164 838 3226 qui
853 3177 905 3212 non
920 3163 1034 3226 bomem
1048 3163 1121 3214 modo
1132 3165 1240 3216 waima
1249 3173 1338 3217 emm

230 3240 352 3304 aanuos
369 3239 554 3292 huiuscemodi
575 3241 705 3292 monitum
722 3255 756 3292 ex
793 3239 911 3288 citatim
927 3238 1024 3288 dionidi
1041 3241 1093 3289 oet.
1111 3240 1194 3290 inser.
1212 3253 1249 3290 m.
1262 3241 1318 3293 Lat.

230 3315 366 3366 notissima
384 3312 471 3378 aliqua
489 3312 584 3366 tabella
601 3315 754 3380 repetitum,
793 3315 824 3364 Ν.
838 3311 911 3363 4483.
927 3311 961 3362 de
979 3311 1155 3365 Merobaude:
1173 3315 1203 3364 In
1219 3313 1321 3376 Alpibus

229 3390 305 3440 onius
326 3385 482 3453 ἐπιμύθιον
499 3389 576 3454 quasi
599 3389 626 3440 in
642 3403 756 3455 proser-
793 3387 898 3438 uouebat
915 3387 1048 3450 einamma.
1078 3388 1321 3452 Significanturde·

228 3463 302 3514 bium
330 3465 489 3525 transierat,
519 3465 609 3516 minus
637 3464 756 3517 habebat
793 3461 979 3524 clamationes,
993 3462 1319 3526 quibusiuvenesadelo-

228 3537 383 3589 offensionis
401 3551 482 3601 mem
504 3539 617 3591 tortasse
639 3539 755 3590 baberet
793 3538 931 3600 wentam
947 3536 1099 3592 iudicialem
1114 3552 1277 3603 praeparare
1288 3552 1318 3590 se

228 3613 300 3678 apud
322 3626 380 3665 nos.
401 3641 430 3650 -
448 3614 509 3676 quse
529 3613 634 3679 codol]
653 3615 756 3666 «nabet
792 3610 922 3664 solebant.
936 3639 964 3647 -
981 3613 1063 3662 ctetica
1078 3613 1139 3662 turo
1155 3613 1317 3676 despondere]

228 3687 343 3752 aliquam
360 3689 474 3740 fiduciae
489 3689 516 3740 in
528 3689 615 3740 amico
627 3690 662 3740 ob
673 3702 755 3755 pme-
792 3700 841 3752 pro
866 3685 980 3750 volgari:
1010 3687 1049 3738 ius
1073 3687 1145 3738 ciuile
1171 3687 1320 3750 respondes

228 3762 327 3814 claram
345 3764 403 3814 etus
420 3761 538 3814 indolem
555 3765 657 3828 positae
670 3766 755 3816 notio-
792 3761 865 3827 (Plio.
878 3762 945 3826 Epp.
959 3761 989 3820 6,
1010 3762 1060 3824 te.)
1073 3767 1101 3812 et
1112 3762 1208 3813 dotare
1218 3775 1320 3826 roanos·

228 3850 300 3888 nem.
331 3836 379 3888 niti
401 3840 492 3890 nescio
510 3837 573 3901 quid
595 3838 755 3902 ambignita-
790 3836 856 3886 dere.
894 3835 935 3885 Ad
962 3835 1026 3886 iuris
1052 3835 1210 3900 prudentiae
1238 3837 1319 3899 igitur

228 3911 262 3961 tis
279 3911 322 3960 bio
339 3913 482 3963 sentiunt.»
512 3912 603 3962 Osann.
791 3909 910 3962 studium
934 3909 986 3960 boo
1011 3908 1134 3960 retertur.
1167 3911 1206 3960 De
1233 3909 1317 3962 torma

259 3985 348 4036 44-444.
374 3986 568 4048 circumvolitas]
587 3987 676 4038 Divisa
693 3987 721 4038 b.
734 3985 751 4038 l.
790 3984 946 4036 civbusvid.
960 3983 993 4034 ad
1005 3983 1053 4034 od.
1068 3983 1096 4047 3,
1115 3985 1143 4046 4,
1164 3985 1188 4036 6.
1203 4013 1231 4024 -
1246 3999 1318 4038 αωο-

227 4059 333 4124 scripsit
344 4061 678 4124 Doennges'manoolitas,
692 4074 754 4112 con-
790 4059 837 4110 otta
853 4057 964 4123 cenato]
982 4055 1118 4129 ἐρωτικά,
1145 4060 1223 4124 puto,
1242 4075 1317 4127 συμ-

227 4135 316 4184 iunote
328 4135 447 4198 Wagner
463 4137 490 4186 in
502 4135 572 4199 virg.
586 4138 632 4186 Ge.
647 4137 675 4197 4,
694 4135 751 4186 377.
791 4128 910 4194 ποτικά,
937 4135 1127 4198 epigrammata
1149 4135 1201 4184 cet.
1231 4135 1316 4188 Minus

228 4209 259 4260 nt
274 4221 357 4274 nepe
373 4213 469 4275 poetae
486 4210 582 4274 apibus
597 4223 754 4276 eomparan·
790 4212 864 4260 recte
886 4208 990 4258 Comm.
1003 4207 1085 4272 ctuq.
1104 4207 1213 4260 meabile
1231 4208 1317 4275 expli·

228 4287 270 4331 tur
283 4282 339 4346 (od.
352 4282 381 4344 4,
395 4286 424 4346 4,
437 4285 499 4346 tt),
518 4284 557 4334 stc
574 4284 626 4334 hac
637 4285 752 4348 imagine
790 4285 834 4334 cat
844 4283 983 4333 dumtaxat
994 4284 1196 4347 «amatorium»
1210 4297 1273 4335 oum
1282 4285 1316 4336 sit
