3192 4974
597 449 656 499 uro.
676 449 694 499 1.
730 449 828 501 aorsr.
848 451 889 501 vi.
1229 453 1290 516 435

240 609 314 688 Quo
338 607 482 695 cupiens,
507 615 618 694 paeto;
642 627 744 695 pavor
766 617 816 673 est
837 607 1009 695 utrobique
1033 607 1202 684 molestus,
1249 611 1289 676 i0

242 729 420 818 improvisa
443 728 537 794 simui
562 729 690 816 species
713 737 853 796 exterret
873 739 1057 817 utrumque.

243 850 389 918 Gaudeat
411 871 452 916 an
475 849 598 928 doleat,
623 851 732 937 cupiat
753 861 928 928 metuatne
953 853 1034 938 quid
1056 852 1096 920 ad
1120 875 1206 930 rem,

240 973 289 1050 si,
314 970 474 1061 quidquid
495 970 575 1038 vidit
596 971 711 1040 melius
733 973 867 1061 peiusve
889 994 948 1040 sua
971 995 1049 1060 spe,

240 1094 362 1162 Defixis
385 1093 488 1162 oeulis
510 1095 685 1182 animoque
707 1104 740 1162 et
762 1114 899 1181 corpore
923 1095 1053 1182 torpet?

232 1265 347 1328 septimo
359 1268 387 1316 et
397 1266 500 1316 Monac.
515 1279 544 1325 e,
556 1269 673 1316 munet
683 1262 819 1315 iaoobsios
831 1265 946 1328 «optima
964 1267 992 1315 et
1000 1269 1153 1318 necessaria
1164 1281 1254 1320 emen-

233 1340 366 1391 datione.»
385 1342 483 1392 Lacuu.
502 1339 536 1390 ad
555 1341 659 1391 Lueret.
678 1352 704 1403 p.
722 1339 779 1390 266.
804 1367 831 1376 -
849 1339 889 1390 43.
905 1341 1006 1402 peteme
1021 1341 1253 1406 hSEedp.LCtOot

233 1413 385 1465 Bentleius:
400 1416 521 1478 petitaque
537 1415 630 1477 exigua
649 1413 733 1464 Codd.
752 1417 906 1466 auctoritate
925 1417 976 1467 Fu.

197 1557 254 1606 rito
270 1557 327 1618 (pro
344 1553 469 1604 formula:
489 1552 594 1618 :populi
611 1555 723 1605 Romani
762 1555 887 1618 gaudium
900 1557 1052 1620 contingit..
1072 1559 1156 1610 Coum.
1168 1562 1246 1618 Cnuo.
1257 1585 1284 1598 -·

198 1631 369 1690 Quiritium»
388 1628 421 1678 cf.
435 1628 482 1678 od.
496 1629 526 1689 2,
539 1629 568 1689 7,
581 1627 616 1691 3.)
634 1629 722 1689 unici,
761 1629 842 1693 simui]
861 1630 890 1679 ut
907 1643 989 1695 saepe
1002 1644 1051 1695 pro
1062 1633 1176 1684 umidae.
1189 1661 1217 1672 -
1229 1650 1286 1698 ape-

198 1704 319 1754 iaventis.
349 1704 440 1752 iuven.
462 1703 507 1763 ⁴0,
527 1703 574 1753 78:
602 1705 645 1765 qui
666 1705 724 1767 (po-
760 1705 817 1769 eiua]
841 1704 1001 1768 Vorateiiuap.
1019 1705 1206 1771 (Guuirelpebiid
1223 1713 1287 1761 Pas-

197 1778 283 1843 puius)
313 1777 390 1828 dubet
418 1777 477 1827 oiim
504 1777 653 1839 mpetum,
685 1777 725 1839 su-
761 1779 835 1840 son.)
864 1780 965 1829 Seneca
984 1780 1108 1842 daim,
1128 1784 1151 1842 i,
1170 1783 1287 1835 ³:1ram

197 1867 261 1915 ares,
287 1854 408 1916 iepiones,
435 1853 528 1902 munio.
559 1853 591 1903 Et
609 1852 644 1902 ad
661 1865 725 1916 spe·
761 1854 822 1916 quin
836 1855 928 1915 speeies
948 1853 1032 1904 nbwto
1052 1857 1163 1906 iniuriae
1177 1866 1285 1920 monem,

198 1930 268 1980 ciem
296 1929 370 1978 certe
401 1929 535 1990 augustus
567 1929 725 1978 convitiorum
760 1941 811 1977 non
828 1928 983 1978 utentium.
996 1957 1024 1966 —
1037 1931 1155 1995 uniunt]
1168 1930 1287 2000 ἐκπλήτ-

195 2005 334 2066 pisinum
344 2003 384 2051 ius
394 2003 504 2052 reduxit.
524 2003 596 2053 Suet.
611 2004 668 2052 Oet.
681 2001 722 2053 io.
761 2015 811 2051 τει.
841 2002 895 2052 Cio.
908 2004 987 2052 Tusa.
1001 2003 1032 2064 i,
1044 2003 1073 2065 8,
1088 2005 1133 2054 ⁴9:
1153 2011 1284 2072 terrorem,

199 2080 248 2139 Qui
265 2093 291 2129 v.
304 2079 404 2127 iudiero
421 2078 586 2141 interpretati
602 2079 665 2128 sunt
675 2087 725 2140 per
760 2081 853 2126 metum
869 2079 1055 2129 coaudientes.
1084 2079 1140 2131 lem
1158 2095 1211 2133 non
1230 2086 1286 2134 sine

198 2153 394 2218 appositionem
410 2165 453 2201 vv.
470 2153 575 2214 piorum
592 2153 643 2201 eet.
658 2164 725 2202 «nu-
762 2151 819 2200 arte
837 2163 886 2214 per
902 2152 987 2201 totum
1003 2149 1093 2202 iocum
1111 2156 1193 2206 utitur
1204 2171 1287 2208 voca-

199 2241 260 2292 gas,
278 2241 322 2277 res
340 2227 465 2286 inanes,-
483 2227 500 2277 ii
518 2228 591 2276 certe
608 2239 662 2277 uon
679 2239 725 2277 sa-
761 2224 831 2277 buiis
854 2225 950 2276 mediis
972 2229 1000 2276 et
1020 2227 1136 2290 cupidini
1157 2233 1184 2280 et
1204 2234 1287 2283 metui

199 2305 231 2354 iis
243 2299 428 2367 expenderunt
445 2313 498 2350 non
517 2301 597 2352 inisse
614 2301 722 2362 Horatii,
761 2314 847 2364 aeque
866 2301 1102 2364 convenientibus3
1127 2318 1189 2356 nam
1207 2309 1287 2360 etiam

199 2377 264 2428 dum
275 2376 354 2426 amici
367 2375 493 2426 iudicium
505 2377 631 2440 exquirit,
644 2389 724 2428 suum
762 2377 808 2440 qui
824 2375 1000 2426 vehementer
1018 2378 1103 2441 eupit,
1128 2383 1286 2446 necopinata

199 2457 254 2504 tom
268 2453 361 2516 aperte
380 2451 564 2514 interponere;
583 2451 725 2514 significari
761 2449 826 2502 boni
848 2451 938 2514 speeie
957 2449 1045 2502 subito
1068 2451 1156 2504 oblata
1174 2462 1288 2508 auterre-

198 2531 301 2578 tantum
314 2525 467 2592 oportebat,
486 2528 516 2576 ut
532 2525 562 2576 fit
578 2528 724 2591 peripsam
761 2532 815 2588 tur,
835 2527 994 2586 concutitur;
1014 2528 1071 2578 eius
1087 2541 1164 2580 mens
1177 2544 1209 2580 ex
1221 2532 1286 2583 sede

200 2602 411 2664 interrogationis
423 2600 546 2651 formam.
562 2601 725 2664 -Quorpa—
763 2616 810 2653 sua
832 2604 860 2652 et
881 2604 951 2654 statu
973 2602 1139 2654 demovetur.
1169 2607 1207 2656 Ita
1231 2609 1285 2658 Liv.

199 2677 293 2726 etundo
309 2673 392 2737 modo]
411 2673 453 2724 uid
471 2677 524 2733 est,
546 2687 600 2737 quo
617 2675 723 2736 iudioio,
762 2679 793 2738 7,
818 2676 864 2726 39:
902 2676 1012 2739 insignio
1038 2678 1140 2727 honoris
1166 2683 1288 2732 munito

200 2763 253 2814 qua
270 2763 345 2814 spen
373 2751 457 2800 Con.
472 2749 551 2808 Cnuo.
572 2748 725 2800 VeieIarius
761 2751 856 2802 subitae
871 2751 909 2800 rei
925 2751 1049 2800 miraculo
1061 2753 1181 2815 deseritur.
1204 2757 1288 2818 Sagax

201 2826 296 2876 etiam:
317 2836 402 2886 «quae
419 2823 568 2873 moderatio
585 2825 611 2872 in
623 2824 655 2874 iis
667 2836 727 2887 spe-
763 2824 882 2890 quidem,
901 2825 951 2874 etsi
967 2838 1020 2874 nou
1033 2839 1144 2889 prorsus
1161 2842 1289 2881 necessa-

200 2899 303 2950 otandis
321 2897 437 2948 tenenda
454 2900 513 2948 sit.»
540 2897 606 2949 Male
623 2897 665 2948 alii
677 2910 726 2962 pro
763 2901 815 2960 ria,
835 2901 876 2950 est
892 2899 1003 2950 lacobsii
1021 2901 1048 2949 L.
1064 2902 1092 2949 V.
1106 2915 1133 2964 p.
1148 2902 1203 2952 ⁴57.
1219 2907 1287 2956 coni.

201 2976 281 3026 tmesi
298 2972 374 3025 verbi
385 2975 507 3034 quomodo
516 2973 676 3023 habuerunt.
696 2999 724 3008 -
763 2980 889 3028 externat.
913 2975 1037 3025 Horatius
1049 2975 1100 3025 hoe
1113 2990 1137 3026 v.
1151 2990 1289 3043 nunquam

201 3049 252 3110 ore]
270 3048 358 3098 «voltu
376 3049 403 3098 et
418 3046 528 3098 oeulis.»
558 3049 650 3098 Senon.
763 3052 887 3112 usurpat,
906 3048 956 3099 sed
972 3049 1228 3114 praetereuntium
1246 3055 1287 3118 64,

233 3122 306 3174 9-ti.
324 3123 385 3186 sere]
402 3115 442 3185 ὡς
459 3115 644 3185 inoculantur,
658 3137 727 3183 σχε-
764 3127 804 3175 74.
827 3127 854 3174 et
877 3123 933 3173 ⁴65.
957 3123 1036 3172 eiiam
1060 3123 1133 3174 Ouid.
1156 3127 1217 3177 Met.
1240 3129 1287 3188 ii,

201 3194 262 3248 ὸόν.
293 3197 365 3248 Plato
382 3199 461 3262 Legg.
479 3200 499 3247 1.
512 3210 539 3261 p.
553 3197 611 3248 dii.
629 3198 670 3247 A.:
699 3194 731 3247 οἵ
764 3200 809 3249 77:
827 3199 973 3248 Romnum
987 3197 1076 3260 rupem
1091 3198 1190 3261 frustra
1207 3205 1290 3251 unto-

202 3287 234 3340 γε
251 3268 472 3336 πεπαιδευμένοι
483 3267 590 3332 σχεδὸν
602 3270 648 3336 (im
659 3272 728 3322 Gon-
764 3273 820 3323 bat:
843 3272 925 3332 adeo,
945 3273 974 3321 ut
994 3284 1046 3322 non
1066 3285 1116 3336 pro
1132 3265 1289 3344 ἅρχαϊσμῷ

201 3362 248 3398 zen
264 3361 410 3410 penmnmen
426 3347 607 3411 ponentem)
618 3339 726 3412 ἀγαθοὶ
764 3347 857 3398 haberi
875 3349 969 3411 queat,
989 3360 1070 3411 quem
1087 3349 1211 3400 Horatius
1224 3361 1289 3400 oon-

201 3425 356 3490 γίγνονται.
387 3421 725 3486 Cir.HandTurs.11.p.
764 3422 832 3474 sulio
845 3422 976 3473 devitarit.
1006 3424 1065 3487 lpse
1080 3423 1291 3476 iacobsiusoon·

202 3497 258 3548 694.
276 3523 300 3534 -
315 3494 435 3560 miratur]
455 3497 588 3560 «stupetis
608 3497 690 3547 etiam
700 3497 726 3545 in
763 3497 822 3548 tulit
839 3499 926 3549 Paoai.
945 3501 1041 3560 Paneg.
1060 3499 1104 3548 ⁴9:
1122 3499 1224 3550 Animos
1242 3515 1290 3550 no-

202 3571 294 3632 maiis,
319 3573 348 3620 ut
370 3572 467 3620 Lucan.
491 3571 520 3631 2,
542 3571 587 3620 27:
616 3571 728 3622 Necdum
763 3579 827 3623 atros
839 3574 945 3636 perinde
961 3573 1058 3623 laetitio
1074 3579 1098 3624 ot
1115 3576 1187 3625 dolor
1202 3581 1288 3626 exter-

202 3651 236 3696 ett
251 3647 293 3696 iiie
309 3646 392 3706 dolor,
414 3645 526 3694 sedium
541 3650 633 3704 anetum·
654 3647 727 3696 inou-
763 3655 817 3700 nat.
852 3647 998 3700 Marklandi
1020 3652 1111 3699 contra
1136 3651 1288 3701 coniectura

202 3721 244 3770 bot
254 3733 341 3770 uniens
351 3721 511 3781 Miraturque
521 3719 624 3770 mium.
638 3747 665 3756 -
675 3732 727 3782 po-
764 3729 862 3775 eeeroet
877 3725 904 3774 in
921 3722 1029 3774 diutinis
1046 3725 1126 3774 enimi
1143 3724 1290 3775 affectioni-

201 3796 255 3859 vor]
274 3796 328 3846 Cic.
342 3796 418 3844 Tusc.
432 3793 460 3856 i,
480 3795 508 3856 8,
528 3793 572 3844 ⁴9:
594 3807 725 3856 pavorem,
764 3798 828 3859 bus,
852 3811 904 3848 non
927 3799 953 3847 in
974 3797 1126 3847 huiusmodi
1142 3799 1289 3861 repentinis

143 3873 146 3879 '
201 3871 727 3933 mettuntmentemiooomooentem:quem·
765 3871 989 3923 commotionibus
999 3870 1088 3922 locum
1100 3871 1190 3923 habet.
1204 3874 1290 3926 Etiam

202 3947 347 3998 admodum
365 3947 487 3997 novimus
508 3945 656 3996 hereditate
680 3945 728 3996 ali·
765 3946 924 3997 Doederlein
936 3947 1028 4008 Bauer.
1041 3946 1088 4010 pei.
1102 3945 1164 3994 Anu.
1176 3947 1248 3998 4836.
1259 3961 1286 4012 p.

203 4035 255 4084 qua
272 4023 454 4085 inexspectata
465 4020 507 4072 vei
524 4019 631 4086 publiea
644 4034 728 4086 pecu·
765 4022 822 4072 862.
841 4023 931 4070 tuetur
948 4019 1032 4071 Codd.
1045 4019 1187 4070 lectionem
1204 4027 1291 4072 emtor-

202 4099 262 4148 niae
273 4097 411 4148 sort-itione
428 4095 517 4146 subito
534 4095 631 4146 ditatos
649 4097 729 4146 inter-
764 4102 803 4146 ret
819 4098 899 4158 atque
912 4096 1051 4159 comparat
1061 4096 1165 4146 Lueret.
1179 4097 1210 4157 2,
1224 4099 1288 4148 ⁴026

202 4172 268 4223 dum
284 4170 370 4234 linqui
380 4172 478 4222 auimo.
494 4199 521 4208 -
534 4171 672 4233 utrobique]
686 4173 729 4221 «et
765 4184 853 4235 seqq.,
880 4171 925 4232 qui
950 4168 1025 4219 iocus
1048 4169 1155 4220 Horatio
1176 4171 1288 4224 fortasse

202 4249 228 4298 in
246 4247 343 4298 timore
361 4245 498 4298 amittendi
516 4249 544 4296 et
561 4247 587 4297 in
604 4259 653 4310 spe
665 4259 728 4296 oon·
765 4245 925 4296 obversatus
950 4245 992 4294 sit.
1021 4271 1048 4280 -
1075 4246 1131 4307 epe]
1158 4247 1224 4311 Spes
1247 4250 1289 4298 est

178 4317 179 4320 ’
203 4320 347 4385 sequendi,
366 4334 399 4370 ex
416 4321 514 4384 quibua
531 4323 578 4372 aut
595 4319 728 4371 doioraut
764 4320 852 4384 opinio
865 4319 993 4381 cuiusque
1011 4320 1049 4369 rei
1067 4319 1179 4372 tumme.
1195 4349 1223 4358 -
1237 4322 1290 4372 oo·-
