<?xml version="1.0" encoding="UTF-8"?>
<!DOCTYPE html PUBLIC "-//W3C//DTD XHTML 1.0 Transitional//EN"
    "http://www.w3.org/TR/xhtml1/DTD/xhtml1-transitional.dtd">
<html xmlns="http://www.w3.org/1999/xhtml" xml:lang="en" lang="en">
 <head>
  <title>
</title>
<meta http-equiv="Content-Type" content="text/html;charset=utf-8" />
  <meta name='ocr-system' content='tesseract 3.04.00' />
  <meta name='ocr-capabilities' content='ocr_page ocr_carea ocr_par ocr_line ocrx_word'/>
</head>
<body>
  <div class='ocr_page' id='page_1' title='image "./qhoratiusflaccu01baitgoog_0356.png"; bbox 0 0 3156 4972; ppageno 0'>
   <div class='ocr_carea' id='block_1_1' title="bbox 598 462 884 512">
    <p class='ocr_par' dir='ltr' id='par_1_1' title="bbox 598 462 884 512">
     <span class='ocr_line' id='line_1_1' title="bbox 598 462 884 512; baseline -0.003 -1"><span class='ocrx_word' id='word_1_1' title='bbox 598 462 658 512; x_wconf 85' lang='lat' dir='ltr'>LlB.</span> <span class='ocrx_word' id='word_1_2' title='bbox 677 463 708 511; x_wconf 90' lang='lat'><strong>11.</strong></span> <span class='ocrx_word' id='word_1_3' title='bbox 744 463 811 512; x_wconf 71' lang='lat' dir='ltr'>sni.</span> <span class='ocrx_word' id='word_1_4' title='bbox 830 462 884 512; x_wconf 86' lang='lat' dir='ltr'><strong>vn.</strong></span> 
     </span>
    </p>
   </div>
   <div class='ocr_carea' id='block_1_2' title="bbox 247 616 1293 1194">
    <p class='ocr_par' dir='ltr' id='par_1_2' title="bbox 248 616 1005 710">
     <span class='ocr_line' id='line_1_2' title="bbox 248 616 1005 710; baseline -0.004 -25"><span class='ocrx_word' id='word_1_5' title='bbox 248 619 385 710; x_wconf 67' lang='lat' dir='ltr'>Quoeris</span> <span class='ocrx_word' id='word_1_6' title='bbox 407 629 442 683; x_wconf 86' lang='lat' dir='ltr'><strong>ui</strong></span> <span class='ocrx_word' id='word_1_7' title='bbox 464 618 572 684; x_wconf 81' lang='lat' dir='ltr'>nervis</span> <span class='ocrx_word' id='word_1_8' title='bbox 595 617 708 684; x_wconf 81' lang='lat' dir='ltr'>alienis</span> <span class='ocrx_word' id='word_1_9' title='bbox 732 616 851 684; x_wconf 80' lang='lat' dir='ltr'><strong>mobile</strong></span> <span class='ocrx_word' id='word_1_10' title='bbox 873 617 1005 704; x_wconf 84' lang='lat' dir='ltr'>lignum.</span> 
     </span>
    </p>

    <p class='ocr_par' dir='ltr' id='par_1_3' title="bbox 247 739 1293 1194">
     <span class='ocr_line' id='line_1_3' title="bbox 250 739 1221 828; baseline -0.002 -21"><span class='ocrx_word' id='word_1_11' title='bbox 250 741 406 821; x_wconf 85' lang='lat' dir='ltr'>Quisnam</span> <span class='ocrx_word' id='word_1_12' title='bbox 429 741 525 828; x_wconf 83' lang='lat' dir='ltr'>igitur</span> <span class='ocrx_word' id='word_1_13' title='bbox 546 739 651 807; x_wconf 79' lang='lat' dir='ltr'>liber?</span> <span class='ocrx_word' id='word_1_14' title='bbox 673 739 823 828; x_wconf 72' lang='lat' dir='ltr'>SapienS,</span> <span class='ocrx_word' id='word_1_15' title='bbox 848 739 909 806; x_wconf 89' lang='lat' dir='ltr'>sibi</span> <span class='ocrx_word' id='word_1_16' title='bbox 933 740 989 826; x_wconf 89' lang='lat' dir='ltr'><strong>qui</strong></span> <span class='ocrx_word' id='word_1_17' title='bbox 1012 739 1221 826; x_wconf 85' lang='lat' dir='ltr'>imperiosus,</span> 
     </span>
     <span class='ocr_line' id='line_1_4' title="bbox 249 859 1292 950; baseline -0.003 -21"><span class='ocrx_word' id='word_1_18' title='bbox 249 865 353 944; x_wconf 84' lang='lat' dir='ltr'>Quem</span> <span class='ocrx_word' id='word_1_19' title='bbox 365 883 473 950; x_wconf 88' lang='lat' dir='ltr'>neque</span> <span class='ocrx_word' id='word_1_20' title='bbox 488 861 663 950; x_wconf 80' lang='lat' dir='ltr'>pauperies</span> <span class='ocrx_word' id='word_1_21' title='bbox 679 883 786 949; x_wconf 87' lang='lat' dir='ltr'>neque</span> <span class='ocrx_word' id='word_1_22' title='bbox 798 882 886 927; x_wconf 87' lang='lat' dir='ltr'>mors</span> <span class='ocrx_word' id='word_1_23' title='bbox 901 881 1009 949; x_wconf 87' lang='lat' dir='ltr'>neque</span> <span class='ocrx_word' id='word_1_24' title='bbox 1021 859 1147 927; x_wconf 84' lang='lat' dir='ltr'>vincula</span> <span class='ocrx_word' id='word_1_25' title='bbox 1164 872 1292 936; x_wconf 84' lang='lat' dir='ltr'>terrent,</span> 
     </span>
     <span class='ocr_line' id='line_1_5' title="bbox 249 981 1293 1073; baseline -0.008 -20"><span class='ocrx_word' id='word_1_26' title='bbox 249 988 453 1073; x_wconf 85' lang='lat' dir='ltr'>Responsnrc</span> <span class='ocrx_word' id='word_1_27' title='bbox 479 982 699 1072; x_wconf 87' lang='lat' dir='ltr'>cupidinibus,</span> <span class='ocrx_word' id='word_1_28' title='bbox 725 993 932 1050; x_wconf 80' lang='lat' dir='ltr'>contemnere</span> <span class='ocrx_word' id='word_1_29' title='bbox 954 981 1096 1050; x_wconf 84' lang='lat' dir='ltr'>honores</span> <span class='ocrx_word' id='word_1_30' title='bbox 1252 984 1293 1046; x_wconf 87' lang='lat'><strong>85</strong></span> 
     </span>
     <span class='ocr_line' id='line_1_6' title="bbox 247 1104 1180 1194; baseline -0.003 -20"><span class='ocrx_word' id='word_1_31' title='bbox 247 1108 364 1182; x_wconf 87' lang='lat' dir='ltr'>Fortis,</span> <span class='ocrx_word' id='word_1_32' title='bbox 388 1105 474 1172; x_wconf 90' lang='lat' dir='ltr'>etin</span> <span class='ocrx_word' id='word_1_33' title='bbox 497 1126 534 1172; x_wconf 87' lang='lat' dir='ltr'><strong>se</strong></span> <span class='ocrx_word' id='word_1_34' title='bbox 556 1105 628 1193; x_wconf 88' lang='lat' dir='ltr'>ipso</span> <span class='ocrx_word' id='word_1_35' title='bbox 651 1114 752 1183; x_wconf 86' lang='lat' dir='ltr'>totus,</span> <span class='ocrx_word' id='word_1_36' title='bbox 776 1114 863 1174; x_wconf 85' lang='lat' dir='ltr'>teres</span> <span class='ocrx_word' id='word_1_37' title='bbox 886 1115 984 1194; x_wconf 85' lang='lat' dir='ltr'>atque</span> <span class='ocrx_word' id='word_1_38' title='bbox 1006 1104 1180 1180; x_wconf 82' lang='lat' dir='ltr'>rotundus,</span> 
     </span>
    </p>
   </div>
   <div class='ocr_carea' id='block_1_3' title="bbox 238 1274 1263 1627">
    <p class='ocr_par' dir='ltr' id='par_1_4' title="bbox 238 1274 1263 1627">
     <span class='ocr_line' id='line_1_7' title="bbox 239 1274 1263 1342; baseline -0.002 -13"><span class='ocrx_word' id='word_1_39' title='bbox 239 1279 359 1342; x_wconf 80' lang='lat' dir='ltr'>cruquii.</span> <span class='ocrx_word' id='word_1_40' title='bbox 373 1278 438 1327; x_wconf 85' lang='lat' dir='ltr'>item</span> <span class='ocrx_word' id='word_1_41' title='bbox 449 1280 543 1327; x_wconf 86' lang='lat' dir='ltr'>noster</span> <span class='ocrx_word' id='word_1_42' title='bbox 554 1277 587 1327; x_wconf 86' lang='lat' dir='ltr'><strong>E:</strong></span> <span class='ocrx_word' id='word_1_43' title='bbox 606 1277 664 1325; x_wconf 79' lang='lat' dir='ltr'>otiis</span> <span class='ocrx_word' id='word_1_44' title='bbox 676 1275 825 1339; x_wconf 60' lang='lat' dir='ltr'>bscpnct,</span> <span class='ocrx_word' id='word_1_45' title='bbox 839 1274 985 1335; x_wconf 82' lang='lat' dir='ltr'>Bentleius,</span> <span class='ocrx_word' id='word_1_46' title='bbox 1000 1277 1052 1326; x_wconf 84' lang='lat' dir='ltr'><strong>FM.</strong></span> <span class='ocrx_word' id='word_1_47' title='bbox 1069 1299 1096 1313; x_wconf 89' lang='lat'><em>-</em></span> <span class='ocrx_word' id='word_1_48' title='bbox 1110 1277 1150 1328; x_wconf 85' lang='grc'><strong>84,</strong></span> <span class='ocrx_word' id='word_1_49' title='bbox 1163 1279 1263 1341; x_wconf 61' lang='lat' dir='ltr'>signnm</span> 
     </span>
     <span class='ocr_line' id='line_1_8' title="bbox 239 1349 1263 1416; baseline -0.001 -14"><span class='ocrx_word' id='word_1_50' title='bbox 239 1356 348 1403; x_wconf 81' lang='lat' dir='ltr'>auctore</span> <span class='ocrx_word' id='word_1_51' title='bbox 366 1353 456 1403; x_wconf 83' lang='lat' dir='ltr'>Douzn</span> <span class='ocrx_word' id='word_1_52' title='bbox 477 1354 553 1416; x_wconf 81' lang='lat' dir='ltr'>patre</span> <span class='ocrx_word' id='word_1_53' title='bbox 578 1350 722 1402; x_wconf 83' lang='lat' dir='ltr'>Benilcius.</span> <span class='ocrx_word' id='word_1_54' title='bbox 752 1377 778 1386; x_wconf 92' lang='lat'><em>-</em></span> <span class='ocrx_word' id='word_1_55' title='bbox 797 1349 837 1402; x_wconf 83' lang='grc'><strong>84.</strong></span> <span class='ocrx_word' id='word_1_56' title='bbox 865 1350 911 1400; x_wconf 80' lang='lat' dir='ltr'>sibi</span> <span class='ocrx_word' id='word_1_57' title='bbox 936 1350 993 1415; x_wconf 81' lang='lat' dir='ltr'>qni]</span> <span class='ocrx_word' id='word_1_58' title='bbox 1019 1351 1113 1414; x_wconf 75' lang='lat' dir='ltr'><strong>sibique</strong></span> <span class='ocrx_word' id='word_1_59' title='bbox 1138 1355 1263 1416; x_wconf 83' lang='lat' dir='ltr'>quattuor</span> 
     </span>
     <span class='ocr_line' id='line_1_9' title="bbox 238 1423 1259 1492; baseline -0.001 -13"><span class='ocrx_word' id='word_1_60' title='bbox 238 1429 367 1487; x_wconf 79' lang='lat' dir='ltr'><strong>Pottierii¹</strong></span> <span class='ocrx_word' id='word_1_61' title='bbox 386 1429 453 1488; x_wconf 86' lang='lat' dir='ltr'>LCt,</span> <span class='ocrx_word' id='word_1_62' title='bbox 471 1427 517 1476; x_wconf 78' lang='grc'><strong>4444</strong></span> <span class='ocrx_word' id='word_1_63' title='bbox 535 1427 643 1490; x_wconf 77' lang='lat' dir='ltr'>(omisso</span> <span class='ocrx_word' id='word_1_64' title='bbox 661 1427 705 1488; x_wconf 81' lang='lat' dir='ltr'><strong>qni</strong></span> <span class='ocrx_word' id='word_1_65' title='bbox 722 1423 764 1474; x_wconf 84' lang='lat' dir='ltr'><strong>vel</strong></span> <span class='ocrx_word' id='word_1_66' title='bbox 780 1427 836 1488; x_wconf 78' lang='lat' dir='ltr'><strong>que)</strong></span> <span class='ocrx_word' id='word_1_67' title='bbox 854 1439 877 1476; x_wconf 89' lang='lat' dir='ltr'><strong>c.</strong></span> <span class='ocrx_word' id='word_1_68' title='bbox 907 1429 945 1489; x_wconf 75' lang='lat' dir='ltr'><strong>(Ui</strong></span> <span class='ocrx_word' id='word_1_69' title='bbox 962 1439 1027 1487; x_wconf 87' lang='lat' dir='ltr'>nos,</span> <span class='ocrx_word' id='word_1_70' title='bbox 1049 1428 1125 1492; x_wconf 84' lang='lat' dir='ltr'>bSEp</span> <span class='ocrx_word' id='word_1_71' title='bbox 1143 1431 1170 1478; x_wconf 87' lang='lat' dir='ltr'><strong>et</strong></span> <span class='ocrx_word' id='word_1_72' title='bbox 1186 1431 1259 1478; x_wconf 87' lang='lat' dir='ltr'>certo</span> 
     </span>
     <span class='ocr_line' id='line_1_10' title="bbox 238 1499 1261 1562; baseline -0.001 -10"><span class='ocrx_word' id='word_1_73' title='bbox 238 1515 335 1552; x_wconf 87' lang='lat' dir='ltr'>novem</span> <span class='ocrx_word' id='word_1_74' title='bbox 353 1501 518 1562; x_wconf 85' lang='lat' dir='ltr'>Bentleinni.)</span> <span class='ocrx_word' id='word_1_75' title='bbox 539 1527 566 1536; x_wconf 89' lang='lat'>-</span> <span class='ocrx_word' id='word_1_76' title='bbox 585 1499 626 1551; x_wconf 90' lang='grc'><strong>84.</strong></span> <span class='ocrx_word' id='word_1_77' title='bbox 645 1513 690 1550; x_wconf 79' lang='lat' dir='ltr'><strong>occ</strong></span> <span class='ocrx_word' id='word_1_78' title='bbox 704 1501 807 1550; x_wconf 82' lang='grc'><strong>44444444</strong></span> <span class='ocrx_word' id='word_1_79' title='bbox 823 1500 957 1552; x_wconf 84' lang='lat' dir='ltr'>Bentleius</span> <span class='ocrx_word' id='word_1_80' title='bbox 975 1502 1062 1551; x_wconf 88' lang='grc'><strong>444444.</strong></span> <span class='ocrx_word' id='word_1_81' title='bbox 1083 1529 1110 1538; x_wconf 87' lang='grc'>-</span> <span class='ocrx_word' id='word_1_82' title='bbox 1135 1501 1176 1552; x_wconf 93' lang='grc'><strong>86.</strong></span> <span class='ocrx_word' id='word_1_83' title='bbox 1196 1507 1261 1551; x_wconf 79' lang='lat' dir='ltr'>totus</span> 
     </span>
     <span class='ocr_line' id='line_1_11' title="bbox 239 1577 353 1627; baseline -0.018 -1"><span class='ocrx_word' id='word_1_84' title='bbox 239 1583 302 1627; x_wconf 77' lang='grc'><strong>44444</strong></span> <span class='ocrx_word' id='word_1_85' title='bbox 319 1577 353 1626; x_wconf 86' lang='grc'><strong>44.</strong></span> 
     </span>
    </p>
   </div>
   <div class='ocr_carea' id='block_1_4' title="bbox 202 1689 1290 1782">
    <p class='ocr_par' dir='ltr' id='par_1_5' title="bbox 202 1689 1290 1782">
     <span class='ocr_line' id='line_1_12' title="bbox 202 1689 1290 1782; baseline 0 -15"><span class='ocrx_word' id='word_1_86' title='bbox 202 1715 388 1782; x_wconf 67' lang='grc'><strong>4444464444</strong></span> <span class='ocrx_word' id='word_1_87' title='bbox 402 1718 430 1777; x_wconf 95' lang='grc'><strong>4,</strong></span> <span class='ocrx_word' id='word_1_88' title='bbox 450 1716 506 1767; x_wconf 91' lang='grc'><strong>446.</strong></span> <span class='ocrx_word' id='word_1_89' title='bbox 526 1716 730 1806; x_wconf 67' lang='lat' dir='ltr'>homincpnvol-</span> <span class='ocrx_word' id='word_1_90' title='bbox 767 1719 846 1780; x_wconf 81' lang='lat' dir='ltr'>genii.</span> <span class='ocrx_word' id='word_1_91' title='bbox 867 1719 1064 1770; x_wconf 84' lang='lat' dir='ltr'>constructione</span> <span class='ocrx_word' id='word_1_92' title='bbox 1081 1731 1147 1770; x_wconf 86' lang='lat' dir='ltr'>usus</span> <span class='ocrx_word' id='word_1_93' title='bbox 1165 1721 1206 1769; x_wconf 87' lang='lat' dir='ltr'><strong>est</strong></span> <span class='ocrx_word' id='word_1_94' title='bbox 1226 1689 1290 1768; x_wconf 77' lang='lat' dir='ltr'>Ptin.</span> 
     </span>
    </p>
   </div>
   <div class='ocr_carea' id='block_1_5' title="bbox 141 1783 1295 4412">
    <p class='ocr_par' dir='ltr' id='par_1_6' title="bbox 200 1783 1293 2533">
     <span class='ocr_line' id='line_1_13' title="bbox 202 1783 1293 1857; baseline 0 -15"><span class='ocrx_word' id='word_1_95' title='bbox 202 1805 295 1856; x_wconf 79' lang='lat' dir='ltr'>garcm</span> <span class='ocrx_word' id='word_1_96' title='bbox 307 1805 345 1841; x_wconf 81' lang='lat' dir='ltr'><strong>sic</strong></span> <span class='ocrx_word' id='word_1_97' title='bbox 356 1789 508 1854; x_wconf 80' lang='lat' dir='ltr'>alloquitur</span> <span class='ocrx_word' id='word_1_98' title='bbox 527 1789 599 1857; x_wconf 78' lang='grc' dir='ltr'><strong>Λέγε</strong></span> <span class='ocrx_word' id='word_1_99' title='bbox 612 1783 664 1841; x_wconf 88' lang='grc' dir='ltr'><strong><em>ουν</em></strong></span> <span class='ocrx_word' id='word_1_100' title='bbox 676 1805 728 1854; x_wconf 81' lang='grc' dir='ltr'><strong>νας</strong></span> <span class='ocrx_word' id='word_1_101' title='bbox 768 1793 797 1842; x_wconf 89' lang='grc'><strong>44.</strong></span> <span class='ocrx_word' id='word_1_102' title='bbox 818 1795 848 1842; x_wconf 85' lang='lat' dir='ltr'><strong>N.</strong></span> <span class='ocrx_word' id='word_1_103' title='bbox 874 1792 957 1855; x_wconf 91' lang='grc'><strong>34,8</strong></span> <span class='ocrx_word' id='word_1_104' title='bbox 966 1794 1135 1844; x_wconf 78' lang='grc'><strong>4744444444-</strong></span> <span class='ocrx_word' id='word_1_105' title='bbox 1120 1794 1293 1855; x_wconf 77' lang='grc'><strong>-444444444444</strong></span> 
     </span>
     <span class='ocr_line' id='line_1_14' title="bbox 202 1863 1295 1938; baseline 0 -20"><span class='ocrx_word' id='word_1_106' title='bbox 202 1863 355 1932; x_wconf 76' lang='grc' dir='ltr'><strong>ἀληθείας,</strong></span> <span class='ocrx_word' id='word_1_107' title='bbox 378 1863 476 1926; x_wconf 69' lang='lat' dir='ltr'>boote,</span> <span class='ocrx_word' id='word_1_108' title='bbox 499 1867 548 1915; x_wconf 77' lang='lat' dir='ltr'>irat</span> <span class='ocrx_word' id='word_1_109' title='bbox 563 1863 606 1932; x_wconf 80' lang='grc' dir='ltr'><strong>μὴ</strong></span> <span class='ocrx_word' id='word_1_110' title='bbox 624 1864 729 1938; x_wconf 72' lang='grc'><strong>644444-</strong></span> <span class='ocrx_word' id='word_1_111' title='bbox 766 1868 813 1916; x_wconf 75' lang='lat' dir='ltr'>nri.</span> <span class='ocrx_word' id='word_1_112' title='bbox 833 1867 881 1916; x_wconf 90' lang='lat' dir='ltr'><strong>Od.</strong></span> <span class='ocrx_word' id='word_1_113' title='bbox 895 1868 919 1928; x_wconf 84' lang='grc'><strong>3,</strong></span> <span class='ocrx_word' id='word_1_114' title='bbox 933 1869 978 1928; x_wconf 97' lang='grc'><strong>49,</strong></span> <span class='ocrx_word' id='word_1_115' title='bbox 992 1867 1038 1918; x_wconf 89' lang='grc'><strong>444</strong></span> <span class='ocrx_word' id='word_1_116' title='bbox 1050 1869 1194 1930; x_wconf 77' lang='grc'><strong>4444444444</strong></span> <span class='ocrx_word' id='word_1_117' title='bbox 1214 1869 1295 1918; x_wconf 88' lang='lat' dir='ltr'>Com·</span> 
     </span>
     <span class='ocr_line' id='line_1_15' title="bbox 202 1937 1290 2012; baseline -0.002 -18"><span class='ocrx_word' id='word_1_118' title='bbox 202 1943 266 1994; x_wconf 79' lang='grc'><strong>44444</strong></span> <span class='ocrx_word' id='word_1_119' title='bbox 282 1956 338 1992; x_wconf 90' lang='grc' dir='ltr'><strong>σου</strong></span> <span class='ocrx_word' id='word_1_120' title='bbox 355 1937 424 2003; x_wconf 75' lang='grc' dir='ltr'><strong><em>τοὺς</em></strong></span> <span class='ocrx_word' id='word_1_121' title='bbox 445 1943 571 2012; x_wconf 77' lang='grc' dir='ltr'><strong><em>κυρίους.</em></strong></span> <span class='ocrx_word' id='word_1_122' title='bbox 603 1941 676 1992; x_wconf 86' lang='lat' dir='ltr'>Philo</span> <span class='ocrx_word' id='word_1_123' title='bbox 694 1942 728 1992; x_wconf 85' lang='grc'><strong>414</strong></span> <span class='ocrx_word' id='word_1_124' title='bbox 766 1943 888 1992; x_wconf 76' lang='lat' dir='ltr'>montorii</span> <span class='ocrx_word' id='word_1_125' title='bbox 907 1942 966 1992; x_wconf 85' lang='lat' dir='ltr'>ioco</span> <span class='ocrx_word' id='word_1_126' title='bbox 979 1944 1021 1993; x_wconf 87' lang='lat' dir='ltr'><strong>est</strong></span> <span class='ocrx_word' id='word_1_127' title='bbox 1038 1942 1186 1992; x_wconf 83' lang='grc'><strong>5444444414</strong></span> <span class='ocrx_word' id='word_1_128' title='bbox 1200 1941 1290 1992; x_wconf 86' lang='grc'><strong>844444.</strong></span> 
     </span>
     <span class='ocr_line' id='line_1_16' title="bbox 202 2011 1293 2100; baseline -0.004 -30"><span class='ocrx_word' id='word_1_129' title='bbox 202 2018 321 2081; x_wconf 78' lang='lat' dir='ltr'>Proiugis</span> <span class='ocrx_word' id='word_1_130' title='bbox 347 2030 380 2100; x_wconf 60' lang='lat' dir='ltr'><strong>p.⁴</strong></span> <span class='ocrx_word' id='word_1_131' title='bbox 398 2017 455 2068; x_wconf 82' lang='grc'><strong>434.</strong></span> <span class='ocrx_word' id='word_1_132' title='bbox 478 2017 533 2068; x_wconf 76' lang='lat' dir='ltr'><strong>Pi:</strong></span> <span class='ocrx_word' id='word_1_133' title='bbox 569 2011 646 2068; x_wconf 80' lang='grc' dir='ltr'><em>Αὐτὸ</em></span> <span class='ocrx_word' id='word_1_134' title='bbox 673 2013 728 2088; x_wconf 78' lang='grc' dir='ltr'><strong>γὰρ</strong></span> <span class='ocrx_word' id='word_1_135' title='bbox 765 2018 796 2078; x_wconf 89' lang='grc'><strong>6,</strong></span> <span class='ocrx_word' id='word_1_136' title='bbox 810 2016 839 2064; x_wconf 89' lang='grc'><strong>74</strong></span> <span class='ocrx_word' id='word_1_137' title='bbox 860 2018 938 2078; x_wconf 80' lang='lat' dir='ltr'><strong>Quom</strong></span> <span class='ocrx_word' id='word_1_138' title='bbox 948 2018 1031 2081; x_wconf 71' lang='grc'><strong>444444</strong></span> <span class='ocrx_word' id='word_1_139' title='bbox 1041 2017 1208 2066; x_wconf 75' lang='lat' dir='ltr'><strong>admiraberis</strong></span> <span class='ocrx_word' id='word_1_140' title='bbox 1216 2029 1293 2078; x_wconf 74' lang='lat' dir='ltr'>priam</span> 
     </span>
     <span class='ocr_line' id='line_1_17' title="bbox 202 2085 1293 2164; baseline -0.004 -20"><span class='ocrx_word' id='word_1_141' title='bbox 202 2108 289 2146; x_wconf 75' lang='grc' dir='ltr'><strong><em>τουτο</em></strong></span> <span class='ocrx_word' id='word_1_142' title='bbox 301 2107 397 2159; x_wconf 83' lang='grc' dir='ltr'><strong><em>φυγης</em></strong></span> <span class='ocrx_word' id='word_1_143' title='bbox 412 2109 448 2155; x_wconf 72' lang='grc' dir='ltr'><strong>,ν</strong></span> <span class='ocrx_word' id='word_1_144' title='bbox 459 2085 556 2156; x_wconf 81' lang='grc' dir='ltr'><strong><em>αξιον</em></strong></span> <span class='ocrx_word' id='word_1_145' title='bbox 574 2095 601 2143; x_wconf 77' lang='lat' dir='ltr'><strong>ci</strong></span> <span class='ocrx_word' id='word_1_146' title='bbox 615 2095 728 2164; x_wconf 80' lang='grc' dir='ltr'><strong><em>μυρίων</em></strong></span> <span class='ocrx_word' id='word_1_147' title='bbox 765 2093 808 2153; x_wconf 73' lang='lat' dir='ltr'><strong>qui</strong></span> <span class='ocrx_word' id='word_1_148' title='bbox 825 2093 932 2155; x_wconf 78' lang='lat' dir='ltr'>imporat</span> <span class='ocrx_word' id='word_1_149' title='bbox 948 2091 1010 2152; x_wconf 83' lang='lat' dir='ltr'>sibi,</span> <span class='ocrx_word' id='word_1_150' title='bbox 1029 2103 1108 2152; x_wconf 78' lang='lat' dir='ltr'><strong><em>quam</em></strong></span> <span class='ocrx_word' id='word_1_151' title='bbox 1126 2093 1169 2154; x_wconf 77' lang='lat' dir='ltr'><strong>qui</strong></span> <span class='ocrx_word' id='word_1_152' title='bbox 1185 2091 1293 2141; x_wconf 79' lang='grc'><strong>4444444</strong></span> 
     </span>
     <span class='ocr_line' id='line_1_18' title="bbox 200 2161 1291 2240; baseline -0.004 -21"><span class='ocrx_word' id='word_1_153' title='bbox 200 2165 348 2219; x_wconf 78' lang='grc' dir='ltr'><strong>δεσποτῶν</strong></span> <span class='ocrx_word' id='word_1_154' title='bbox 365 2161 511 2230; x_wconf 59' lang='lat' dir='ltr'><strong>‘tectos&#39;</strong></span> <span class='ocrx_word' id='word_1_155' title='bbox 487 2184 540 2229; x_wconf 88' lang='grc' dir='ltr'><strong>ων,</strong></span> <span class='ocrx_word' id='word_1_156' title='bbox 562 2165 728 2240; x_wconf 72' lang='grc' dir='ltr'><strong><em>ἑπιμορφοὶ-</em></strong></span> <span class='ocrx_word' id='word_1_157' title='bbox 764 2168 791 2216; x_wconf 80' lang='lat' dir='ltr'><strong>in</strong></span> <span class='ocrx_word' id='word_1_158' title='bbox 809 2167 999 2230; x_wconf 76' lang='grc'><strong>4444444448-</strong></span> <span class='ocrx_word' id='word_1_159' title='bbox 1023 2169 1100 2228; x_wconf 79' lang='lat' dir='ltr'>(tuom</span> <span class='ocrx_word' id='word_1_160' title='bbox 1125 2180 1203 2228; x_wconf 76' lang='lat' dir='ltr'>neque</span> <span class='ocrx_word' id='word_1_161' title='bbox 1228 2165 1291 2230; x_wconf 78' lang='lat' dir='ltr'>oet]</span> 
     </span>
     <span class='ocr_line' id='line_1_19' title="bbox 201 2237 1293 2330; baseline -0.003 -36"><span class='ocrx_word' id='word_1_162' title='bbox 201 2249 257 2308; x_wconf 85' lang='grc' dir='ltr'><strong><em>ζων</em></strong></span> <span class='ocrx_word' id='word_1_163' title='bbox 273 2237 368 2330; x_wconf 75' lang='grc' dir='ltr'><strong><em>ἀρχὴν</em></strong></span> <span class='ocrx_word' id='word_1_164' title='bbox 384 2243 434 2292; x_wconf 76' lang='grc' dir='ltr'><strong>καὶ</strong></span> <span class='ocrx_word' id='word_1_165' title='bbox 451 2238 624 2309; x_wconf 80' lang='grc' dir='ltr'><strong><em>ἠγεμονίαν,</em></strong></span> <span class='ocrx_word' id='word_1_166' title='bbox 648 2243 727 2295; x_wconf 69' lang='lat' dir='ltr'>iiio·</span> <span class='ocrx_word' id='word_1_167' title='bbox 765 2242 840 2293; x_wconf 86' lang='lat' dir='ltr'>Coni.</span> <span class='ocrx_word' id='word_1_168' title='bbox 858 2243 923 2306; x_wconf 87' lang='lat' dir='ltr'>Epp.</span> <span class='ocrx_word' id='word_1_169' title='bbox 944 2242 973 2303; x_wconf 91' lang='grc'><strong>4,</strong></span> <span class='ocrx_word' id='word_1_170' title='bbox 996 2241 1041 2302; x_wconf 89' lang='grc'><strong>46,</strong></span> <span class='ocrx_word' id='word_1_171' title='bbox 1066 2241 1098 2291; x_wconf 89' lang='grc'><strong>73</strong></span> <span class='ocrx_word' id='word_1_172' title='bbox 1115 2255 1224 2305; x_wconf 85' lang='lat' dir='ltr'>sqq.-</span> <span class='ocrx_word' id='word_1_173' title='bbox 1197 2243 1293 2292; x_wconf 85' lang='lat' dir='ltr'>-ito-</span> 
     </span>
     <span class='ocr_line' id='line_1_20' title="bbox 200 2311 1292 2391; baseline -0.002 -22"><span class='ocrx_word' id='word_1_174' title='bbox 200 2311 582 2391; x_wconf 77' lang='grc' dir='ltr'><strong><em>θερίανᾶλλοιςέκήρυττες.</em></strong></span> <span class='ocrx_word' id='word_1_175' title='bbox 602 2320 640 2370; x_wconf 77' lang='grc'><strong>(14.</strong></span> <span class='ocrx_word' id='word_1_176' title='bbox 651 2322 725 2371; x_wconf 87' lang='lat' dir='ltr'>Pers.</span> <span class='ocrx_word' id='word_1_177' title='bbox 764 2317 897 2379; x_wconf 77' lang='grc'><strong>44444444]</strong></span> <span class='ocrx_word' id='word_1_178' title='bbox 926 2321 1101 2378; x_wconf 77' lang='grc'><strong>44444444,</strong></span> <span class='ocrx_word' id='word_1_179' title='bbox 1095 2315 1292 2380; x_wconf 69' lang='lat' dir='ltr'>“cupiditatum</span> 
     </span>
     <span class='ocr_line' id='line_1_21' title="bbox 200 2391 1288 2458; baseline -0.004 -12"><span class='ocrx_word' id='word_1_180' title='bbox 200 2398 230 2456; x_wconf 83' lang='grc'><strong>4,</strong></span> <span class='ocrx_word' id='word_1_181' title='bbox 251 2395 307 2444; x_wconf 87' lang='grc'><strong>436.</strong></span> <span class='ocrx_word' id='word_1_182' title='bbox 327 2394 426 2444; x_wconf 80' lang='lat'><strong>⁴56.-</strong></span> <span class='ocrx_word' id='word_1_183' title='bbox 399 2393 549 2458; x_wconf 75' lang='lat' dir='ltr'>-tipnnmi</span> <span class='ocrx_word' id='word_1_184' title='bbox 569 2395 648 2454; x_wconf 79' lang='lat' dir='ltr'>Quasi</span> <span class='ocrx_word' id='word_1_185' title='bbox 661 2409 727 2446; x_wconf 89' lang='lat' dir='ltr'><strong>con</strong></span> <span class='ocrx_word' id='word_1_186' title='bbox 764 2391 904 2442; x_wconf 75' lang='lat' dir='ltr'>illecebras</span> <span class='ocrx_word' id='word_1_187' title='bbox 916 2405 1080 2456; x_wconf 78' lang='lat' dir='ltr'>aspernari</span> <span class='ocrx_word' id='word_1_188' title='bbox 1068 2391 1181 2443; x_wconf 85' lang='lat' dir='ltr'>Co.ni</span> <span class='ocrx_word' id='word_1_189' title='bbox 1192 2405 1218 2440; x_wconf 88' lang='lat' dir='ltr'><strong>v.</strong></span> <span class='ocrx_word' id='word_1_190' title='bbox 1232 2393 1288 2442; x_wconf 83' lang='grc'><strong>463</strong></span> 
     </span>
     <span class='ocr_line' id='line_1_22' title="bbox 200 2466 1289 2533; baseline -0.004 -13"><span class='ocrx_word' id='word_1_191' title='bbox 200 2469 323 2532; x_wconf 84' lang='lat' dir='ltr'>temptim</span> <span class='ocrx_word' id='word_1_192' title='bbox 342 2469 489 2527; x_wconf 83' lang='lat' dir='ltr'>sicvoeat,</span> <span class='ocrx_word' id='word_1_193' title='bbox 509 2468 632 2532; x_wconf 81' lang='lat' dir='ltr'>adeoque</span> <span class='ocrx_word' id='word_1_194' title='bbox 649 2468 726 2533; x_wconf 83' lang='lat' dir='ltr'>longe</span> <span class='ocrx_word' id='word_1_195' title='bbox 765 2469 817 2520; x_wconf 82' lang='lat' dir='ltr'>Sat.</span> <span class='ocrx_word' id='word_1_196' title='bbox 834 2469 864 2528; x_wconf 87' lang='grc'><strong>4,</strong></span> <span class='ocrx_word' id='word_1_197' title='bbox 888 2466 917 2528; x_wconf 91' lang='grc'><strong>4,</strong></span> <span class='ocrx_word' id='word_1_198' title='bbox 941 2467 981 2517; x_wconf 92' lang='grc'><strong>48.</strong></span> <span class='ocrx_word' id='word_1_199' title='bbox 1010 2467 1075 2531; x_wconf 89' lang='lat' dir='ltr'>Epp.</span> <span class='ocrx_word' id='word_1_200' title='bbox 1097 2467 1126 2528; x_wconf 92' lang='grc'><strong>4,</strong></span> <span class='ocrx_word' id='word_1_201' title='bbox 1153 2468 1180 2529; x_wconf 91' lang='grc'><strong>4,</strong></span> <span class='ocrx_word' id='word_1_202' title='bbox 1200 2467 1289 2518; x_wconf 92' lang='grc'><strong>68.-</strong></span> 
     </span>
    </p>

    <p class='ocr_par' dir='ltr' id='par_1_7' title="bbox 141 2541 1293 4114">
     <span class='ocr_line' id='line_1_23' title="bbox 199 2541 1293 2609; baseline -0.001 -16"><span class='ocrx_word' id='word_1_203' title='bbox 199 2544 287 2609; x_wconf 83' lang='grc' dir='ltr'><strong>4ρ4444</strong></span> <span class='ocrx_word' id='word_1_204' title='bbox 312 2545 353 2593; x_wconf 80' lang='grc'><strong>444</strong></span> <span class='ocrx_word' id='word_1_205' title='bbox 380 2541 509 2593; x_wconf 83' lang='lat' dir='ltr'>librorum</span> <span class='ocrx_word' id='word_1_206' title='bbox 538 2541 616 2593; x_wconf 87' lang='grc'><strong>444444</strong></span> <span class='ocrx_word' id='word_1_207' title='bbox 645 2556 726 2606; x_wconf 79' lang='lat' dir='ltr'>quarn</span> <span class='ocrx_word' id='word_1_208' title='bbox 764 2542 1044 2607; x_wconf 73' lang='lat' dir='ltr'>contorpere-Fortis]</span> <span class='ocrx_word' id='word_1_209' title='bbox 1063 2542 1159 2592; x_wconf 82' lang='lat' dir='ltr'>ecdem</span> <span class='ocrx_word' id='word_1_210' title='bbox 1173 2545 1293 2593; x_wconf 88' lang='lat' dir='ltr'>constru-</span> 
     </span>
     <span class='ocr_line' id='line_1_24' title="bbox 198 2616 1289 2681; baseline -0.003 -11"><span class='ocrx_word' id='word_1_211' title='bbox 198 2621 308 2670; x_wconf 83' lang='lat' dir='ltr'>Donzac</span> <span class='ocrx_word' id='word_1_212' title='bbox 325 2617 388 2668; x_wconf 84' lang='lat' dir='ltr'>iliud</span> <span class='ocrx_word' id='word_1_213' title='bbox 404 2618 518 2681; x_wconf 74' lang='grc'><strong>44444444,</strong></span> <span class='ocrx_word' id='word_1_214' title='bbox 537 2619 655 2669; x_wconf 88' lang='lat' dir='ltr'>v.nin1is</span> <span class='ocrx_word' id='word_1_215' title='bbox 673 2619 726 2668; x_wconf 91' lang='lat' dir='ltr'>uti·</span> <span class='ocrx_word' id='word_1_216' title='bbox 765 2619 864 2678; x_wconf 86' lang='lat' dir='ltr'>ctione,</span> <span class='ocrx_word' id='word_1_217' title='bbox 883 2630 936 2680; x_wconf 83' lang='lat' dir='ltr'><strong>qun</strong></span> <span class='ocrx_word' id='word_1_218' title='bbox 955 2617 1002 2667; x_wconf 92' lang='lat' dir='ltr'><strong>0d.</strong></span> <span class='ocrx_word' id='word_1_219' title='bbox 1023 2619 1051 2677; x_wconf 95' lang='grc'><strong>4,</strong></span> <span class='ocrx_word' id='word_1_220' title='bbox 1071 2617 1116 2678; x_wconf 88' lang='grc'><strong>37,</strong></span> <span class='ocrx_word' id='word_1_221' title='bbox 1141 2618 1182 2668; x_wconf 87' lang='grc'><strong>46.</strong></span> <span class='ocrx_word' id='word_1_222' title='bbox 1214 2616 1289 2668; x_wconf 86' lang='lat' dir='ltr'>Coni.</span> 
     </span>
     <span class='ocr_line' id='line_1_25' title="bbox 199 2691 1289 2765; baseline -0.004 -21"><span class='ocrx_word' id='word_1_223' title='bbox 199 2707 253 2759; x_wconf 83' lang='lat' dir='ltr'><strong>qne</strong></span> <span class='ocrx_word' id='word_1_224' title='bbox 282 2693 422 2744; x_wconf 82' lang='lat' dir='ltr'>infinitum.</span> <span class='ocrx_word' id='word_1_225' title='bbox 468 2693 602 2756; x_wconf 78' lang='lat' dir='ltr'>Significat</span> <span class='ocrx_word' id='word_1_226' title='bbox 626 2691 727 2765; x_wconf 77' lang='grc' dir='ltr'><strong><em>νευρό-</em></strong></span> <span class='ocrx_word' id='word_1_227' title='bbox 765 2691 897 2753; x_wconf 86' lang='grc'><strong>044.4,3,</strong></span> <span class='ocrx_word' id='word_1_228' title='bbox 916 2693 961 2742; x_wconf 82' lang='grc'><strong>444</strong></span> <span class='ocrx_word' id='word_1_229' title='bbox 980 2692 1074 2742; x_wconf 73' lang='lat' dir='ltr'>Audon</span> <span class='ocrx_word' id='word_1_230' title='bbox 1085 2694 1171 2742; x_wconf 83' lang='lat' dir='ltr'>omnia</span> <span class='ocrx_word' id='word_1_231' title='bbox 1184 2693 1289 2754; x_wconf 78' lang='lat' dir='ltr'>perpeti.</span> 
     </span>
     <span class='ocr_line' id='line_1_26' title="bbox 198 2765 1287 2834; baseline -0.003 -15"><span class='ocrx_word' id='word_1_232' title='bbox 198 2783 332 2830; x_wconf 75' lang='grc' dir='ltr'><strong>οπαστα,</strong></span> <span class='ocrx_word' id='word_1_233' title='bbox 359 2769 538 2830; x_wconf 74' lang='grc'><strong>4444444444,</strong></span> <span class='ocrx_word' id='word_1_234' title='bbox 566 2781 633 2832; x_wconf 84' lang='lat' dir='ltr'>quas</span> <span class='ocrx_word' id='word_1_235' title='bbox 653 2771 726 2834; x_wconf 83' lang='lat' dir='ltr'>Apu·</span> <span class='ocrx_word' id='word_1_236' title='bbox 767 2795 793 2804; x_wconf 92' lang='grc'>-</span> <span class='ocrx_word' id='word_1_237' title='bbox 807 2767 934 2829; x_wconf 72' lang='lat' dir='ltr'>incipio</span> <span class='ocrx_word' id='word_1_238' title='bbox 945 2767 1018 2832; x_wconf 79' lang='grc'><strong>444444]</strong></span> <span class='ocrx_word' id='word_1_239' title='bbox 1032 2765 1144 2816; x_wconf 81' lang='lat' dir='ltr'>«nultius</span> <span class='ocrx_word' id='word_1_240' title='bbox 1157 2766 1287 2829; x_wconf 80' lang='lat' dir='ltr'>indigens,</span> 
     </span>
     <span class='ocr_line' id='line_1_27' title="bbox 198 2841 1288 2908; baseline -0.004 -14"><span class='ocrx_word' id='word_1_241' title='bbox 198 2843 267 2895; x_wconf 83' lang='lat' dir='ltr'>icius</span> <span class='ocrx_word' id='word_1_242' title='bbox 284 2842 319 2893; x_wconf 87' lang='lat' dir='ltr'><strong>de</strong></span> <span class='ocrx_word' id='word_1_243' title='bbox 337 2842 435 2894; x_wconf 76' lang='lat' dir='ltr'>Mundo</span> <span class='ocrx_word' id='word_1_244' title='bbox 449 2856 472 2893; x_wconf 91' lang='lat' dir='ltr'><strong>o.</strong></span> <span class='ocrx_word' id='word_1_245' title='bbox 485 2843 526 2893; x_wconf 85' lang='grc'><strong>47.</strong></span> <span class='ocrx_word' id='word_1_246' title='bbox 540 2846 619 2892; x_wconf 82' lang='lat' dir='ltr'>vocat</span> <span class='ocrx_word' id='word_1_247' title='bbox 635 2843 727 2908; x_wconf 70' lang='grc'><strong>444444-</strong></span> <span class='ocrx_word' id='word_1_248' title='bbox 764 2843 810 2904; x_wconf 88' lang='lat' dir='ltr'><strong>qui</strong></span> <span class='ocrx_word' id='word_1_249' title='bbox 843 2843 931 2891; x_wconf 85' lang='lat' dir='ltr'>omnio</span> <span class='ocrx_word' id='word_1_250' title='bbox 960 2854 1008 2892; x_wconf 86' lang='lat' dir='ltr'><strong>suc</strong></span> <span class='ocrx_word' id='word_1_251' title='bbox 1039 2841 1066 2891; x_wconf 89' lang='lat' dir='ltr'><strong>in</strong></span> <span class='ocrx_word' id='word_1_252' title='bbox 1094 2853 1124 2891; x_wconf 85' lang='lat' dir='ltr'><strong>se</strong></span> <span class='ocrx_word' id='word_1_253' title='bbox 1153 2841 1288 2904; x_wconf 87' lang='lat' dir='ltr'>reposuit,</span> 
     </span>
     <span class='ocr_line' id='line_1_28' title="bbox 198 2913 1291 2982; baseline -0.005 -13"><span class='ocrx_word' id='word_1_254' title='bbox 198 2919 238 2969; x_wconf 80' lang='grc'><strong>444</strong></span> <span class='ocrx_word' id='word_1_255' title='bbox 253 2917 382 2968; x_wconf 78' lang='lat' dir='ltr'>bominum</span> <span class='ocrx_word' id='word_1_256' title='bbox 395 2920 507 2982; x_wconf 75' lang='lat' dir='ltr'><strong>flpurar,</strong></span> <span class='ocrx_word' id='word_1_257' title='bbox 535 2917 725 2970; x_wconf 80' lang='lat' dir='ltr'>acirculniorc</span> <span class='ocrx_word' id='word_1_258' title='bbox 764 2917 853 2966; x_wconf 81' lang='lat' dir='ltr'>omnin</span> <span class='ocrx_word' id='word_1_259' title='bbox 864 2928 913 2966; x_wconf 82' lang='lat' dir='ltr'><strong>sun</strong></span> <span class='ocrx_word' id='word_1_260' title='bbox 925 2915 951 2964; x_wconf 95' lang='lat' dir='ltr'><strong>in</strong></span> <span class='ocrx_word' id='word_1_261' title='bbox 963 2928 993 2966; x_wconf 85' lang='lat' dir='ltr'><strong>se</strong></span> <span class='ocrx_word' id='word_1_262' title='bbox 1005 2913 1122 2977; x_wconf 85' lang='lat' dir='ltr'>collegit,</span> <span class='ocrx_word' id='word_1_263' title='bbox 1141 2913 1204 2964; x_wconf 88' lang='lat' dir='ltr'>nihii</span> <span class='ocrx_word' id='word_1_264' title='bbox 1216 2917 1291 2964; x_wconf 84' lang='grc'><strong>444444</strong></span> 
     </span>
     <span class='ocr_line' id='line_1_29' title="bbox 197 2988 1288 3056; baseline -0.005 -12"><span class='ocrx_word' id='word_1_265' title='bbox 197 2991 288 3056; x_wconf 79' lang='lat' dir='ltr'>aliquo</span> <span class='ocrx_word' id='word_1_266' title='bbox 308 2990 421 3044; x_wconf 82' lang='lat' dir='ltr'>fidiculis</span> <span class='ocrx_word' id='word_1_267' title='bbox 446 2993 473 3044; x_wconf 92' lang='lat' dir='ltr'><strong>in</strong></span> <span class='ocrx_word' id='word_1_268' title='bbox 498 2994 569 3044; x_wconf 81' lang='lat' dir='ltr'>hene</span> <span class='ocrx_word' id='word_1_269' title='bbox 585 2992 628 3044; x_wconf 86' lang='lat' dir='ltr'><strong>vet</strong></span> <span class='ocrx_word' id='word_1_270' title='bbox 655 2991 725 3045; x_wconf 84' lang='lat' dir='ltr'>illam</span> <span class='ocrx_word' id='word_1_271' title='bbox 764 3005 793 3042; x_wconf 86' lang='lat' dir='ltr'><strong>se</strong></span> <span class='ocrx_word' id='word_1_272' title='bbox 811 2991 851 3041; x_wconf 85' lang='lat' dir='ltr'><strong>sui</strong></span> <span class='ocrx_word' id='word_1_273' title='bbox 869 2991 973 3055; x_wconf 69' lang='lat' dir='ltr'>ponitpi</span> <span class='ocrx_word' id='word_1_274' title='bbox 991 2991 1021 3039; x_wconf 88' lang='grc'><strong>444</strong></span> <span class='ocrx_word' id='word_1_275' title='bbox 1038 2989 1150 3041; x_wconf 86' lang='lat' dir='ltr'>diversis</span> <span class='ocrx_word' id='word_1_276' title='bbox 1167 2988 1232 3040; x_wconf 87' lang='lat' dir='ltr'>locis</span> <span class='ocrx_word' id='word_1_277' title='bbox 1252 2990 1288 3039; x_wconf 86' lang='grc'><strong>444</strong></span> 
     </span>
     <span class='ocr_line' id='line_1_30' title="bbox 197 3065 1291 3133; baseline -0.003 -17"><span class='ocrx_word' id='word_1_278' title='bbox 197 3069 304 3133; x_wconf 77' lang='lat' dir='ltr'>partem</span> <span class='ocrx_word' id='word_1_279' title='bbox 321 3068 435 3129; x_wconf 83' lang='grc'><strong>4444444,</strong></span> <span class='ocrx_word' id='word_1_280' title='bbox 461 3069 492 3118; x_wconf 89' lang='lat' dir='ltr'><strong>ut</strong></span> <span class='ocrx_word' id='word_1_281' title='bbox 514 3068 591 3132; x_wconf 83' lang='lat' dir='ltr'>quasi</span> <span class='ocrx_word' id='word_1_282' title='bbox 607 3070 726 3132; x_wconf 80' lang='lat' dir='ltr'>gesticu—</span> <span class='ocrx_word' id='word_1_283' title='bbox 764 3069 875 3117; x_wconf 77' lang='lat' dir='ltr'>Seneca.</span> <span class='ocrx_word' id='word_1_284' title='bbox 911 3066 965 3116; x_wconf 89' lang='lat' dir='ltr'>Cic.</span> <span class='ocrx_word' id='word_1_285' title='bbox 983 3065 1077 3114; x_wconf 84' lang='lat' dir='ltr'>Pornd.</span> <span class='ocrx_word' id='word_1_286' title='bbox 1095 3065 1124 3114; x_wconf 86' lang='grc'><strong>44</strong></span> <span class='ocrx_word' id='word_1_287' title='bbox 1152 3066 1231 3114; x_wconf 79' lang='lat' dir='ltr'>Nemo</span> <span class='ocrx_word' id='word_1_288' title='bbox 1243 3077 1291 3127; x_wconf 81' lang='lat' dir='ltr'><strong>po-</strong></span> 
     </span>
     <span class='ocr_line' id='line_1_31' title="bbox 197 3133 1290 3209; baseline -0.003 -17"><span class='ocrx_word' id='word_1_289' title='bbox 197 3141 248 3194; x_wconf 83' lang='lat' dir='ltr'>tari</span> <span class='ocrx_word' id='word_1_290' title='bbox 265 3141 414 3192; x_wconf 84' lang='lat' dir='ltr'>videantur</span> <span class='ocrx_word' id='word_1_291' title='bbox 450 3133 523 3193; x_wconf 81' lang='lat' dir='ltr'>Picto</span> <span class='ocrx_word' id='word_1_292' title='bbox 549 3145 628 3208; x_wconf 78' lang='lat' dir='ltr'><strong>chg.</strong></span> <span class='ocrx_word' id='word_1_293' title='bbox 653 3145 672 3194; x_wconf 93' lang='lat'><strong>1.</strong></span> <span class='ocrx_word' id='word_1_294' title='bbox 697 3158 724 3209; x_wconf 88' lang='lat' dir='ltr'><strong>p.</strong></span> <span class='ocrx_word' id='word_1_295' title='bbox 764 3145 808 3190; x_wconf 84' lang='grc'><strong>4444</strong></span> <span class='ocrx_word' id='word_1_296' title='bbox 824 3155 875 3190; x_wconf 83' lang='lat' dir='ltr'><strong>non</strong></span> <span class='ocrx_word' id='word_1_297' title='bbox 892 3139 1045 3190; x_wconf 73' lang='grc'><strong>4444444444</strong></span> <span class='ocrx_word' id='word_1_298' title='bbox 1061 3153 1124 3200; x_wconf 74' lang='lat' dir='ltr'>csso,</span> <span class='ocrx_word' id='word_1_299' title='bbox 1144 3140 1187 3200; x_wconf 82' lang='lat' dir='ltr'><strong>qui</strong></span> <span class='ocrx_word' id='word_1_300' title='bbox 1204 3144 1290 3189; x_wconf 80' lang='grc'><strong>44444-</strong></span> 
     </span>
     <span class='ocr_line' id='line_1_32' title="bbox 197 3211 1289 3282; baseline -0.003 -14"><span class='ocrx_word' id='word_1_301' title='bbox 197 3217 301 3269; x_wconf 74' lang='grc'><strong>64444</strong></span> <span class='ocrx_word' id='word_1_302' title='bbox 323 3214 390 3266; x_wconf 81' lang='grc'><strong>4644</strong></span> <span class='ocrx_word' id='word_1_303' title='bbox 406 3214 470 3267; x_wconf 83' lang='grc'><strong>44</strong></span> <span class='ocrx_word' id='word_1_304' title='bbox 455 3232 553 3282; x_wconf 83' lang='grc' dir='ltr'><strong><em>ιομεν,</em></strong></span> <span class='ocrx_word' id='word_1_305' title='bbox 572 3211 618 3268; x_wconf 79' lang='grc' dir='ltr'><strong>ὅτι</strong></span> <span class='ocrx_word' id='word_1_306' title='bbox 634 3216 726 3269; x_wconf 80' lang='grc' dir='ltr'><em>ταῦτα</em></span> <span class='ocrx_word' id='word_1_307' title='bbox 764 3221 804 3266; x_wconf 77' lang='lat' dir='ltr'><strong>tur</strong></span> <span class='ocrx_word' id='word_1_308' title='bbox 820 3219 895 3277; x_wconf 77' lang='grc'><strong>444444</strong></span> <span class='ocrx_word' id='word_1_309' title='bbox 911 3227 944 3265; x_wconf 78' lang='lat' dir='ltr'><strong>cc·</strong></span> <span class='ocrx_word' id='word_1_310' title='bbox 960 3226 1024 3276; x_wconf 81' lang='grc'><strong>4444,</strong></span> <span class='ocrx_word' id='word_1_311' title='bbox 1043 3214 1135 3277; x_wconf 74' lang='lat' dir='ltr'>quiquo</span> <span class='ocrx_word' id='word_1_312' title='bbox 1150 3215 1178 3263; x_wconf 88' lang='lat' dir='ltr'><strong>in</strong></span> <span class='ocrx_word' id='word_1_313' title='bbox 1194 3228 1220 3264; x_wconf 82' lang='grc'><strong>44</strong></span> <span class='ocrx_word' id='word_1_314' title='bbox 1238 3228 1289 3265; x_wconf 80' lang='lat' dir='ltr'><strong>ono</strong></span> 
     </span>
     <span class='ocr_line' id='line_1_33' title="bbox 196 3286 1291 3378; baseline -0.002 -36"><span class='ocrx_word' id='word_1_315' title='bbox 196 3288 235 3343; x_wconf 76' lang='lat' dir='ltr'><strong>ui</strong></span> <span class='ocrx_word' id='word_1_316' title='bbox 259 3286 340 3358; x_wconf 78' lang='grc' dir='ltr'><em>πάθη</em></span> <span class='ocrx_word' id='word_1_317' title='bbox 365 3290 396 3343; x_wconf 80' lang='grc' dir='ltr'><strong><em>ἐν</em></strong></span> <span class='ocrx_word' id='word_1_318' title='bbox 421 3286 493 3358; x_wconf 79' lang='grc' dir='ltr'><strong><em>ἡμίν</em></strong></span> <span class='ocrx_word' id='word_1_319' title='bbox 515 3286 580 3342; x_wconf 78' lang='grc' dir='ltr'><strong><em>οἷον</em></strong></span> <span class='ocrx_word' id='word_1_320' title='bbox 601 3287 727 3378; x_wconf 76' lang='grc' dir='ltr'><strong><em>νεῦραῆ</em></strong></span> <span class='ocrx_word' id='word_1_321' title='bbox 764 3303 812 3340; x_wconf 80' lang='lat' dir='ltr'><strong>sua</strong></span> <span class='ocrx_word' id='word_1_322' title='bbox 824 3291 910 3352; x_wconf 76' lang='grc'><strong>4444444</strong></span> <span class='ocrx_word' id='word_1_323' title='bbox 926 3290 1068 3340; x_wconf 83' lang='lat' dir='ltr'>omnic.-</span> <span class='ocrx_word' id='word_1_324' title='bbox 1087 3293 1151 3339; x_wconf 77' lang='lat' dir='ltr'>tores</span> <span class='ocrx_word' id='word_1_325' title='bbox 1162 3294 1291 3351; x_wconf 84' lang='lat' dir='ltr'>aiqooro-</span> 
     </span>
     <span class='ocr_line' id='line_1_34' title="bbox 196 3362 1290 3456; baseline -0.004 -38"><span class='ocrx_word' id='word_1_326' title='bbox 196 3363 338 3456; x_wconf 75' lang='grc' dir='ltr'><strong><em>μήρινθοί</em></strong></span> <span class='ocrx_word' id='word_1_327' title='bbox 353 3381 428 3430; x_wconf 74' lang='grc' dir='ltr'><strong><em>τινες</em></strong></span> <span class='ocrx_word' id='word_1_328' title='bbox 444 3365 573 3419; x_wconf 79' lang='grc' dir='ltr'><strong><em>ἐνουοαι.</em></strong></span> <span class='ocrx_word' id='word_1_329' title='bbox 581 3365 679 3419; x_wconf 78' lang='grc' dir='ltr'><strong><em>οπῶσί</em></strong></span> <span class='ocrx_word' id='word_1_330' title='bbox 695 3383 726 3418; x_wconf 79' lang='grc' dir='ltr'><strong>τε</strong></span> <span class='ocrx_word' id='word_1_331' title='bbox 763 3364 862 3429; x_wconf 83' lang='grc'><strong>44444444]</strong></span> <span class='ocrx_word' id='word_1_332' title='bbox 884 3362 991 3415; x_wconf 82' lang='lat' dir='ltr'>Globus</span> <span class='ocrx_word' id='word_1_333' title='bbox 1020 3363 1216 3429; x_wconf 76' lang='lat' dir='ltr'>perfectissima</span> <span class='ocrx_word' id='word_1_334' title='bbox 1249 3367 1290 3415; x_wconf 81' lang='lat' dir='ltr'><strong>est</strong></span> 
     </span>
     <span class='ocr_line' id='line_1_35' title="bbox 197 3437 1287 3532; baseline -0.005 -37"><span class='ocrx_word' id='word_1_335' title='bbox 197 3437 280 3508; x_wconf 79' lang='grc' dir='ltr'><strong><em>ἡμᾶς</em></strong></span> <span class='ocrx_word' id='word_1_336' title='bbox 302 3444 352 3494; x_wconf 77' lang='grc' dir='ltr'><strong>καὶ</strong></span> <span class='ocrx_word' id='word_1_337' title='bbox 366 3437 511 3532; x_wconf 76' lang='grc' dir='ltr'><strong><em>ἅλλήλαις</em></strong></span> <span class='ocrx_word' id='word_1_338' title='bbox 531 3439 725 3496; x_wconf 75' lang='grc' dir='ltr'><strong><em>ἀνθέλκουσιν</em></strong></span> <span class='ocrx_word' id='word_1_339' title='bbox 763 3437 1287 3504; x_wconf 73' lang='lat' dir='ltr'>iormnexnntiquorumsententiati’lot</span> 
     </span>
     <span class='ocr_line' id='line_1_36' title="bbox 195 3513 1290 3590; baseline -0.007 -20"><span class='ocrx_word' id='word_1_340' title='bbox 195 3517 325 3570; x_wconf 76' lang='grc' dir='ltr'><strong><em>ἐναντίαι</em></strong></span> <span class='ocrx_word' id='word_1_341' title='bbox 342 3533 429 3570; x_wconf 75' lang='grc' dir='ltr'><strong><em>ουσαν</em></strong></span> <span class='ocrx_word' id='word_1_342' title='bbox 446 3518 488 3569; x_wconf 71' lang='grc'><strong>44·</strong></span> <span class='ocrx_word' id='word_1_343' title='bbox 506 3517 639 3582; x_wconf 82' lang='grc' dir='ltr'><strong><em>ἐναντίας</em></strong></span> <span class='ocrx_word' id='word_1_344' title='bbox 656 3515 868 3590; x_wconf 58' lang='grc' dir='ltr'><strong>πρά-444444.</strong></span> <span class='ocrx_word' id='word_1_345' title='bbox 883 3514 986 3578; x_wconf 69' lang='grc'><strong>331444</strong></span> <span class='ocrx_word' id='word_1_346' title='bbox 1006 3527 1075 3578; x_wconf 86' lang='lat' dir='ltr'>quoe</span> <span class='ocrx_word' id='word_1_347' title='bbox 1093 3527 1155 3565; x_wconf 88' lang='lat' dir='ltr'><strong>cum</strong></span> <span class='ocrx_word' id='word_1_348' title='bbox 1171 3513 1237 3564; x_wconf 84' lang='lat' dir='ltr'>levis</span> <span class='ocrx_word' id='word_1_349' title='bbox 1256 3515 1290 3564; x_wconf 85' lang='lat' dir='ltr'><strong>sit</strong></span> 
     </span>
     <span class='ocr_line' id='line_1_37' title="bbox 195 3536 1290 3658; baseline -0.003 -17"><span class='ocrx_word' id='word_1_350' title='bbox 195 3589 264 3658; x_wconf 74' lang='grc' dir='ltr'><strong><em>ξεις.</em></strong></span> <span class='ocrx_word' id='word_1_351' title='bbox 303 3595 471 3658; x_wconf 80' lang='lat' dir='ltr'>comparntio</span> <span class='ocrx_word' id='word_1_352' title='bbox 501 3594 569 3644; x_wconf 73' lang='lat' dir='ltr'><strong>haec</strong></span> <span class='ocrx_word' id='word_1_353' title='bbox 596 3536 726 3646; x_wconf 46' lang='lat' dir='ltr'><strong>palagia</strong></span> <span class='ocrx_word' id='word_1_354' title='bbox 764 3588 905 3653; x_wconf 78' lang='lat' dir='ltr'>nullique·</span> <span class='ocrx_word' id='word_1_355' title='bbox 898 3603 925 3640; x_wconf 88' lang='lat' dir='ltr'><strong>rn</strong></span> <span class='ocrx_word' id='word_1_356' title='bbox 940 3604 971 3640; x_wconf 86' lang='grc'><strong>44</strong></span> <span class='ocrx_word' id='word_1_357' title='bbox 984 3589 1072 3654; x_wconf 75' lang='lat' dir='ltr'>anguli</span> <span class='ocrx_word' id='word_1_358' title='bbox 1084 3591 1233 3648; x_wconf 76' lang='lat' dir='ltr'>emineant</span> <span class='ocrx_word' id='word_1_359' title='bbox 1252 3591 1290 3638; x_wconf 89' lang='lat' dir='ltr'><strong>ni-</strong></span> 
     </span>
     <span class='ocr_line' id='line_1_38' title="bbox 141 3663 1288 3728; baseline -0.007 -9"><span class='ocrx_word' id='word_1_360' title='bbox 141 3663 144 3667; x_wconf 80' lang='grc'><strong>’</strong></span> <span class='ocrx_word' id='word_1_361' title='bbox 196 3669 279 3719; x_wconf 78' lang='lat' dir='ltr'>eret</span> <span class='ocrx_word' id='word_1_362' title='bbox 272 3681 299 3718; x_wconf 90' lang='lat' dir='ltr'><strong>rn</strong></span> <span class='ocrx_word' id='word_1_363' title='bbox 316 3669 467 3719; x_wconf 86' lang='lat' dir='ltr'>Stoicorum</span> <span class='ocrx_word' id='word_1_364' title='bbox 485 3666 591 3721; x_wconf 84' lang='lat' dir='ltr'>scholis.</span> <span class='ocrx_word' id='word_1_365' title='bbox 622 3671 655 3720; x_wconf 87' lang='grc' dir='ltr'><strong>Μ,</strong></span> <span class='ocrx_word' id='word_1_366' title='bbox 669 3673 725 3721; x_wconf 79' lang='grc'><strong>444-</strong></span> <span class='ocrx_word' id='word_1_367' title='bbox 763 3663 812 3726; x_wconf 88' lang='lat' dir='ltr'>hit,</span> <span class='ocrx_word' id='word_1_368' title='bbox 832 3665 903 3728; x_wconf 90' lang='lat' dir='ltr'>quod</span> <span class='ocrx_word' id='word_1_369' title='bbox 923 3665 1242 3728; x_wconf 78' lang='lat' dir='ltr'>extrinsecusirnpingat,</span> <span class='ocrx_word' id='word_1_370' title='bbox 1263 3664 1288 3712; x_wconf 87' lang='lat' dir='ltr'><strong>in</strong></span> 
     </span>
     <span class='ocr_line' id='line_1_39' title="bbox 196 3737 1288 3809; baseline -0.007 -15"><span class='ocrx_word' id='word_1_371' title='bbox 196 3745 280 3794; x_wconf 88' lang='lat' dir='ltr'>tonin</span> <span class='ocrx_word' id='word_1_372' title='bbox 297 3741 414 3803; x_wconf 84' lang='grc'><strong>44,68;</strong></span> <span class='ocrx_word' id='word_1_373' title='bbox 440 3740 595 3809; x_wconf 79' lang='grc' dir='ltr'><strong><em>Μέμνησο,</em></strong></span> <span class='ocrx_word' id='word_1_374' title='bbox 620 3737 724 3795; x_wconf 79' lang='grc' dir='ltr'><strong><em>ὅτιτὸ</em></strong></span> <span class='ocrx_word' id='word_1_375' title='bbox 763 3753 795 3790; x_wconf 85' lang='grc'><strong>44</strong></span> <span class='ocrx_word' id='word_1_376' title='bbox 812 3741 910 3790; x_wconf 83' lang='lat' dir='ltr'>morari</span> <span class='ocrx_word' id='word_1_377' title='bbox 929 3741 1058 3804; x_wconf 79' lang='lat' dir='ltr'>(haerere)</span> <span class='ocrx_word' id='word_1_378' title='bbox 1071 3752 1166 3789; x_wconf 83' lang='lat' dir='ltr'>eamve</span> <span class='ocrx_word' id='word_1_379' title='bbox 1181 3737 1288 3788; x_wconf 84' lang='lat' dir='ltr'>loedere</span> 
     </span>
     <span class='ocr_line' id='line_1_40' title="bbox 195 3813 1287 3888; baseline -0.006 -20"><span class='ocrx_word' id='word_1_380' title='bbox 195 3831 433 3888; x_wconf 76' lang='grc' dir='ltr'><strong><em>νευροσπαστουν</em></strong></span> <span class='ocrx_word' id='word_1_381' title='bbox 460 3818 539 3870; x_wconf 81' lang='grc' dir='ltr'><strong><em>ἐστίν</em></strong></span> <span class='ocrx_word' id='word_1_382' title='bbox 568 3817 662 3870; x_wconf 76' lang='grc' dir='ltr'><strong><em>ἐκεῖνο</em></strong></span> <span class='ocrx_word' id='word_1_383' title='bbox 690 3817 724 3870; x_wconf 80' lang='grc' dir='ltr'><strong>τὸ</strong></span> <span class='ocrx_word' id='word_1_384' title='bbox 763 3816 859 3880; x_wconf 82' lang='lat' dir='ltr'>potest.</span> <span class='ocrx_word' id='word_1_385' title='bbox 871 3817 904 3868; x_wconf 83' lang='lat' dir='ltr'><strong>ii</strong></span> <span class='ocrx_word' id='word_1_386' title='bbox 915 3817 1037 3866; x_wconf 77' lang='lat' dir='ltr'>Antonin.</span> <span class='ocrx_word' id='word_1_387' title='bbox 1049 3815 1073 3871; x_wconf 88' lang='grc'><strong>8,</strong></span> <span class='ocrx_word' id='word_1_388' title='bbox 1085 3813 1125 3864; x_wconf 92' lang='grc'><strong>44.</strong></span> <span class='ocrx_word' id='word_1_389' title='bbox 1138 3814 1177 3874; x_wconf 94' lang='grc'><strong>44,</strong></span> <span class='ocrx_word' id='word_1_390' title='bbox 1193 3814 1231 3862; x_wconf 83' lang='grc'><strong>44.</strong></span> <span class='ocrx_word' id='word_1_391' title='bbox 1246 3813 1287 3872; x_wconf 84' lang='grc'><strong>44,</strong></span> 
     </span>
     <span class='ocr_line' id='line_1_41' title="bbox 194 3881 1288 3964; baseline -0.005 -21"><span class='ocrx_word' id='word_1_392' title='bbox 194 3885 280 3943; x_wconf 65' lang='grc' dir='ltr'><strong><em>ἔνδον</em></strong></span> <span class='ocrx_word' id='word_1_393' title='bbox 297 3891 542 3963; x_wconf 78' lang='grc' dir='ltr'><strong><em>ἐγκεκρυιιμένον·</em></strong></span> <span class='ocrx_word' id='word_1_394' title='bbox 561 3889 687 3944; x_wconf 76' lang='grc' dir='ltr'><strong><em>ἐκεῖνο’</em></strong></span> <span class='ocrx_word' id='word_1_395' title='bbox 672 3909 725 3964; x_wconf 77' lang='grc' dir='ltr'><strong>ρη-</strong></span> <span class='ocrx_word' id='word_1_396' title='bbox 762 3890 793 3940; x_wconf 97' lang='grc'><strong>3.</strong></span> <span class='ocrx_word' id='word_1_397' title='bbox 812 3885 913 3940; x_wconf 79' lang='grc' dir='ltr'><strong><em>ἐὰν--</em></strong></span> <span class='ocrx_word' id='word_1_398' title='bbox 898 3885 1052 3961; x_wconf 81' lang='grc' dir='ltr'><strong><em>-ποιήσῃς</em></strong></span> <span class='ocrx_word' id='word_1_399' title='bbox 1069 3883 1206 3947; x_wconf 77' lang='grc' dir='ltr'><strong><em>σεαυτόν,</em></strong></span> <span class='ocrx_word' id='word_1_400' title='bbox 1226 3881 1288 3951; x_wconf 66' lang='lat' dir='ltr'>otor</span> 
     </span>
     <span class='ocr_line' id='line_1_42' title="bbox 195 3944 1288 4038; baseline 0 -21"><span class='ocrx_word' id='word_1_401' title='bbox 195 3969 310 4038; x_wconf 71' lang='grc' dir='ltr'><strong>πορεία,</strong></span> <span class='ocrx_word' id='word_1_402' title='bbox 329 3965 503 4034; x_wconf 77' lang='grc' dir='ltr'><strong><em>ἐκεῖνοζωή,</em></strong></span> <span class='ocrx_word' id='word_1_403' title='bbox 517 3967 626 4029; x_wconf 79' lang='grc' dir='ltr'><strong><em>ἐκεῖνο,</em></strong></span> <span class='ocrx_word' id='word_1_404' title='bbox 645 3967 726 4020; x_wconf 82' lang='grc'><strong>44644</strong></span> <span class='ocrx_word' id='word_1_405' title='bbox 763 3957 780 4013; x_wconf 88' lang='grc' dir='ltr'>ὁ</span> <span class='ocrx_word' id='word_1_406' title='bbox 797 3944 1021 4030; x_wconf 53' lang='lat' dir='ltr'><strong>’epicoenon&#39;</strong></span> <span class='ocrx_word' id='word_1_407' title='bbox 1034 3963 1165 4035; x_wconf 78' lang='grc' dir='ltr'><strong><em>Σφαῖρος</em></strong></span> <span class='ocrx_word' id='word_1_408' title='bbox 1182 3963 1288 4014; x_wconf 77' lang='grc' dir='ltr'><strong><em>κυκλο-</em></strong></span> 
     </span>
     <span class='ocr_line' id='line_1_43' title="bbox 195 4034 1288 4126; baseline -0.003 -34"><span class='ocrx_word' id='word_1_409' title='bbox 195 4043 300 4100; x_wconf 77' lang='grc' dir='ltr'><strong>44444ν,</strong></span> <span class='ocrx_word' id='word_1_410' title='bbox 318 4035 524 4114; x_wconf 51' lang='grc' dir='ltr'><strong><em>ἅνθρωποςμ-</em></strong></span> <span class='ocrx_word' id='word_1_411' title='bbox 541 4045 724 4109; x_wconf 69' lang='grc'><strong>(4444444494-</strong></span> <span class='ocrx_word' id='word_1_412' title='bbox 761 4035 846 4110; x_wconf 76' lang='grc' dir='ltr'><strong><em>τερής</em></strong></span> <span class='ocrx_word' id='word_1_413' title='bbox 867 4034 958 4126; x_wconf 78' lang='grc' dir='ltr'><strong><em>κώνῃ</em></strong></span> <span class='ocrx_word' id='word_1_414' title='bbox 970 4039 1101 4109; x_wconf 79' lang='grc' dir='ltr'><strong><em>περιηγέῖ</em></strong></span> <span class='ocrx_word' id='word_1_415' title='bbox 1119 4041 1288 4106; x_wconf 55' lang='lat' dir='ltr'>potem--</span> 
     </span>
    </p>

    <p class='ocr_par' dir='ltr' id='par_1_8' title="bbox 193 4107 1290 4412">
     <span class='ocr_line' id='line_1_44' title="bbox 194 4107 1290 4196; baseline -0.002 -30"><span class='ocrx_word' id='word_1_416' title='bbox 194 4123 238 4167; x_wconf 79' lang='lat' dir='ltr'><strong>ior</strong></span> <span class='ocrx_word' id='word_1_417' title='bbox 254 4116 342 4181; x_wconf 78' lang='grc'><strong>444444]</strong></span> <span class='ocrx_word' id='word_1_418' title='bbox 354 4119 455 4168; x_wconf 87' lang='lat' dir='ltr'>Locum</span> <span class='ocrx_word' id='word_1_419' title='bbox 467 4120 538 4169; x_wconf 87' lang='lat' dir='ltr'>hunc</span> <span class='ocrx_word' id='word_1_420' title='bbox 550 4131 723 4170; x_wconf 88' lang='lat' dir='ltr'>communem</span> <span class='ocrx_word' id='word_1_421' title='bbox 761 4111 899 4196; x_wconf 79' lang='grc' dir='ltr'><strong><em>δυνήσῃ·</em></strong></span> <span class='ocrx_word' id='word_1_422' title='bbox 914 4107 1110 4186; x_wconf 76' lang='grc' dir='ltr'><strong><em>-ἀταροίκνως</em></strong></span> <span class='ocrx_word' id='word_1_423' title='bbox 1135 4115 1184 4164; x_wconf 76' lang='grc' dir='ltr'><strong>καὶ</strong></span> <span class='ocrx_word' id='word_1_424' title='bbox 1209 4109 1290 4181; x_wconf 75' lang='grc' dir='ltr'><em>εὖγε-</em></span> 
     </span>
     <span class='ocr_line' id='line_1_45' title="bbox 195 4189 1288 4257; baseline -0.003 -15"><span class='ocrx_word' id='word_1_425' title='bbox 195 4192 306 4255; x_wconf 86' lang='lat' dir='ltr'>copiose</span> <span class='ocrx_word' id='word_1_426' title='bbox 334 4194 482 4256; x_wconf 70' lang='lat' dir='ltr'>pertrectat</span> <span class='ocrx_word' id='word_1_427' title='bbox 506 4195 554 4244; x_wconf 87' lang='lat' dir='ltr'><strong>Dto</strong></span> <span class='ocrx_word' id='word_1_428' title='bbox 584 4195 722 4257; x_wconf 79' lang='lat' dir='ltr'>Chrysost.</span> <span class='ocrx_word' id='word_1_429' title='bbox 762 4183 879 4253; x_wconf 75' lang='grc' dir='ltr'><strong><em>νῶςκαὶ</em></strong></span> <span class='ocrx_word' id='word_1_430' title='bbox 893 4187 1024 4256; x_wconf 79' lang='grc' dir='ltr'><strong><em>ίλέωςνῷ</em></strong></span> <span class='ocrx_word' id='word_1_431' title='bbox 1034 4189 1288 4256; x_wconf 76' lang='grc' dir='ltr'><strong><em>οεαυνουδαὶιιονι</em></strong></span> 
     </span>
     <span class='ocr_line' id='line_1_46' title="bbox 195 4261 1286 4332; baseline 0.001 -17"><span class='ocrx_word' id='word_1_432' title='bbox 195 4267 239 4315; x_wconf 94' lang='lat' dir='ltr'><strong>0r</strong></span> <span class='ocrx_word' id='word_1_433' title='bbox 253 4264 294 4316; x_wconf 92' lang='grc'><strong>44.</strong></span> <span class='ocrx_word' id='word_1_434' title='bbox 308 4267 328 4315; x_wconf 95' lang='lat'><strong>1.</strong></span> <span class='ocrx_word' id='word_1_435' title='bbox 340 4279 368 4330; x_wconf 87' lang='lat' dir='ltr'><strong>p.</strong></span> <span class='ocrx_word' id='word_1_436' title='bbox 382 4265 481 4317; x_wconf 78' lang='grc'><strong>43744.</strong></span> <span class='ocrx_word' id='word_1_437' title='bbox 500 4268 617 4317; x_wconf 56' lang='grc'><strong>-44443</strong></span> <span class='ocrx_word' id='word_1_438' title='bbox 592 4271 725 4332; x_wconf 75' lang='lat' dir='ltr'>-impriio-</span> <span class='ocrx_word' id='word_1_439' title='bbox 762 4261 922 4326; x_wconf 54' lang='grc' dir='ltr'><strong><em>διαβιῶικοιι</em></strong></span> <span class='ocrx_word' id='word_1_440' title='bbox 943 4265 996 4316; x_wconf 84' lang='lat' dir='ltr'><strong>Cir</strong></span> <span class='ocrx_word' id='word_1_441' title='bbox 1007 4267 1120 4316; x_wconf 83' lang='lat' dir='ltr'>Karsten</span> <span class='ocrx_word' id='word_1_442' title='bbox 1132 4267 1286 4331; x_wconf 87' lang='lat' dir='ltr'>Empedoct</span> 
     </span>
     <span class='ocr_line' id='line_1_47' title="bbox 193 4333 1288 4412; baseline 0 -21"><span class='ocrx_word' id='word_1_443' title='bbox 193 4333 652 4412; x_wconf 77' lang='grc' dir='ltr'><strong>4444]αρχων,4γιιροιτὴςὲαυτον,</strong></span> <span class='ocrx_word' id='word_1_444' title='bbox 670 4354 723 4407; x_wconf 80' lang='lat' dir='ltr'><strong>qua</strong></span> <span class='ocrx_word' id='word_1_445' title='bbox 763 4354 789 4406; x_wconf 89' lang='lat' dir='ltr'><strong>p.</strong></span> <span class='ocrx_word' id='word_1_446' title='bbox 810 4341 866 4394; x_wconf 89' lang='grc'><strong>484.</strong></span> <span class='ocrx_word' id='word_1_447' title='bbox 898 4342 1035 4394; x_wconf 81' lang='lat' dir='ltr'>contrario</span> <span class='ocrx_word' id='word_1_448' title='bbox 1062 4343 1175 4406; x_wconf 79' lang='lat' dir='ltr'>imagine</span> <span class='ocrx_word' id='word_1_449' title='bbox 1201 4343 1288 4392; x_wconf 89' lang='lat' dir='ltr'>Simo·</span> 
     </span>
    </p>
   </div>
   <div class='ocr_carea' id='block_1_6' title="bbox 0 0 1582 4972">
    <p class='ocr_par' dir='ltr' id='par_1_9' title="bbox 0 0 1582 4972">
     <span class='ocr_line' id='line_1_48' title="bbox 0 0 1582 4972; baseline 0 4"><span class='ocrx_word' id='word_1_450' title='bbox 0 0 1582 4972; x_wconf 95' lang='lat' dir='ltr'><strong> </strong></span> 
     </span>
    </p>
   </div>
  </div>
 </body>
</html>
