3192 4974
293 405 355 472 408
653 407 1018 460 uonnurarrsroninuu

335 568 470 633 Pectore
493 566 606 641 verba,
630 585 726 653 puer,
750 585 836 632 nunc
852 576 888 632 te
910 563 1099 633 melioribus
1121 564 1212 633 oller.

336 689 409 766 Quo
425 687 526 754 semel
549 697 599 754 est
621 687 741 754 imbuta
763 707 886 766 recens
911 686 1053 784 servabit
1074 687 1210 756 odorem

335 812 430 876 Testa
451 809 516 876 diu.
561 809 684 888 Quodsi
707 819 895 892 cessasent
917 819 1067 877 strenuus
1089 811 1207 888 anteis‚
1338 813 1379 878 70

335 934 401 998 Nee
424 931 551 998 tardum
573 933 728 1019 opperior
748 951 809 998 nec
831 931 1101 1018 praecedentibus
1123 933 1217 1000 insto.

292 1125 402 1162 monere
424 1110 536 1161 aliorum
559 1111 647 1161 aduae
666 1124 816 1176 repugnare
854 1113 884 1163 Ut
907 1113 961 1162 iam
982 1109 1082 1176 aliquot
1108 1113 1199 1164 Satiris
1224 1115 1251 1164 et
1276 1116 1378 1179 primae

291 1188 388 1237 metro.
410 1213 436 1223 -
462 1187 538 1250 puer]
558 1185 642 1236 «uum
667 1199 735 1250 puer
760 1199 815 1238 ese
853 1183 1000 1252 Epistolae,
1036 1187 1074 1238 sic
1103 1189 1183 1237 etiam
1211 1189 1274 1240 huic
1301 1184 1379 1260 παρὰ

292 1259 425 1323 οι4,4,4,
441 1262 480 1312 te.
509 1260 605 1312 Fabius
616 1263 746 1312 Maximus
757 1275 817 1312 cen-
854 1258 1031 1333 προσδοκίαν
1058 1261 1141 1312 tinem
1171 1263 1297 1327 imponit;
1333 1264 1379 1328 qui

290 1343 344 1387 torn
356 1351 423 1400 puer
439 1337 663 1387 ortiumvocatur.
691 1337 815 1387 Sicenim
853 1337 964 1398 modus,
989 1337 1011 1388 si
1029 1335 1096 1387 torte
1114 1335 1191 1388 nobis
1208 1339 1297 1402 primo
1314 1353 1379 1390 con-

291 1407 520 1484 ὑποκοριστικῶς
536 1426 551 1461 a
575 1409 747 1463 familiaribus
768 1424 817 1475 ap·
853 1413 948 1475 spectu
965 1411 1057 1461 durior
1072 1410 1179 1461 videtur
1189 1414 1217 1462 et
1234 1413 1321 1466 minus
1333 1428 1380 1464 ur-

291 1486 458 1557 pellabantur
466 1486 712 1538 adolescenteslix.
723 1489 750 1536 et
759 1483 817 1551 plu·
852 1485 951 1548 banus,
971 1483 1168 1538 adolescentulo
1185 1488 1275 1540 tamen
1288 1487 1378 1552 Lollio,

292 1577 336 1614 res
353 1575 437 1613 annos
454 1563 517 1612 nati.
529 1561 718 1626 -mettom‘busl
732 1575 816 1626 «quo—
853 1563 883 1610 ut
906 1561 1028 1612 Horatius
1046 1563 1145 1626 optime
1163 1564 1253 1624 norat,
1277 1562 1379 1614 lentum

290 1651 350 1688 rum
367 1637 537 1702 prudentiam
555 1651 587 1687 ac
603 1639 714 1688 virtutes
731 1639 760 1686 tu
775 1635 817 1686 ul·
852 1635 936 1686 risum
962 1648 1073 1686 movere
1099 1635 1229 1700 debebat,
1259 1637 1379 1690 iunctum

292 1716 332 1762 tro
350 1712 499 1776 agnoscis.»
525 1713 635 1776 Epp.t,
655 1713 685 1774 4,
703 1711 748 1763 te:
766 1725 817 1762 me-
854 1723 916 1762 cunr
944 1711 1080 1776 proposito
1109 1709 1169 1762 talia
1198 1711 1307 1763 consilia
1335 1726 1379 1764 se-

290 1788 348 1838 ltorr'
364 1787 465 1836 credere
475 1785 592 1836 aeneis?
604 1813 633 1822 -
646 1787 716 1851 offer]
729 1788 816 1849 allega
854 1785 961 1850 quendi.
992 1787 1143 1837 Sententiae
1164 1788 1203 1838 sic
1219 1791 1378 1838 nectuntur:

292 1875 352 1923 eos,
366 1863 395 1911 ut
407 1863 432 1912 te
441 1861 570 1920 ceceanu
585 1860 637 1912 noli
649 1865 815 1926 exspectare,
855 1861 997 1912 «Ceterum
1010 1864 1146 1912 memento
1157 1875 1200 1912 me
1211 1863 1299 1914 omnia
1311 1864 1379 1914 haec

291 1936 357 1987 dum
374 1939 564 1987 temoneantn
590 1937 681 1988 Soron.
707 1935 818 1986 «Liben
854 1938 998 2000 praecepta
1022 1935 1070 1987 tibi
1096 1939 1140 1990 tua
1167 1938 1270 1988 tantm
1296 1939 1378 2002 gratia

290 2015 332 2062 ter
348 2009 445 2062 talibus
462 2015 488 2062 te
505 2011 597 2073 trade,
616 2015 646 2062 ut
660 2025 754 2062 veram
772 2023 818 2062 sa-
854 2010 1007 2071 tradidisse;
1027 2009 1167 2063 consilium
1178 2025 1271 2063 meum
1283 2011 1378 2070 hahes;

290 2087 458 2152 pientiamte
476 2086 591 2137 doceant
608 2086 679 2137 etad
691 2087 816 2136 virtutem
855 2098 926 2136 nunc
943 2087 970 2136 tu
989 2085 1044 2145 lac,
1067 2087 1140 2151 qnod
1157 2086 1204 2138 tibi
1225 2085 1328 2152 placet:
1357 2088 1380 2137 si

290 2162 467 2226 perducant.»
855 2157 990 2224 negligens
1008 2161 1074 2222 eris,
1093 2163 1139 2212 tua
1156 2173 1200 2212 res
1212 2163 1319 2225 agetur;
1338 2162 1378 2214 siu

853 2237 965 2301 propter
986 2237 1149 2287 acerrimum
1172 2237 1292 2288 studium
1307 2235 1380 2287 velut

326 2311 414 2362 es-u.
441 2311 538 2360 ὅνιὺιιια
562 2311 654 2375 reeens]
681 2312 817 2374 Frequens
855 2311 944 2373 auriga
963 2311 989 2360 in
1006 2311 1380 2376 certaminemepraecesse-

292 2388 392 2450 imago,
422 2384 504 2435 veluti
528 2387 582 2435 iam
607 2385 677 2450 apud
704 2385 818 2435 Ennium
855 2386 906 2446 n's,
925 2387 1031 2448 gratum
1048 2385 1140 2450 utique
1158 2385 1223 2436 mihi
1241 2387 1304 2446 erit;
1330 2399 1379 2452 ego

293 2463 360 2510 nnn.
375 2461 403 2520 7,
422 2460 463 2509 87.
483 2471 515 2508 en
533 2461 609 2510 Festo
627 2474 653 2525 p.
667 2461 728 2510 376:
756 2459 819 2510 Cum
856 2463 960 2523 tamen,
980 2461 1022 2510 cui
1040 2463 1143 2511 certam
1160 2461 1297 2526 quandam
1308 2463 1379 2514 viam

292 2536 369 2596 tund,
388 2549 437 2597 quo
453 2535 506 2584 tom
522 2534 596 2584 renui
612 2540 647 2584 est
663 2535 759 2585 imbuta
774 2548 818 2585 oe-
855 2548 887 2586 ac
905 2535 1035 2586 rationem
1053 2536 1079 2586 in
1097 2537 1170 2586 omni
1187 2549 1247 2588 nrea
1264 2539 1317 2587 vita
1335 2551 1379 2588 re·

291 2623 355 2660 oeno
369 2648 375 2659 .
391 2647 396 2658 .
412 2649 418 2658 .
438 2608 510 2660 Philo
523 2609 599 2669 Quod
610 2609 678 2660 liber
689 2611 734 2672 sit,
748 2610 819 2674 quis·
855 2609 941 2673 gendo
958 2611 1050 2660 tenere
1062 2611 1230 2675 propositum
1242 2612 1295 2674 est,
1314 2626 1381 2664 nun·

293 2686 354 2748 quis
370 2685 460 2734 uirtuti
478 2683 568 2736 studet
584 2699 611 2750 p.
633 2686 693 2735 dit:
721 2679 819 2756 ὥσπερ
855 2698 938 2748 quam
955 2683 1129 2748 negligentior
1145 2684 1208 2736 fiam
1224 2689 1377 2750 propterea,

293 2757 348 2832 γάρ
373 2775 449 2822 φασι
474 2755 509 2809 τὰ
532 2756 602 2810 κενὰ
622 2755 680 2810 τῶν
696 2754 819 2828 ἀγγείων
855 2759 928 2823 quod
941 2761 968 2809 te
981 2757 1080 2810 aliosve
1093 2758 1200 2811 differre
1212 2763 1292 2825 atque
1305 2762 1381 2812 omit

293 2832 449 2907 ἀναφέρειν
460 2831 512 2898 τὰς
523 2833 579 2885 τῶν
592 2833 705 2907 πρῶτον
716 2839 758 2900 εἰς
769 2831 819 2887 αὖ·
855 2835 912 2884 tere
922 2846 1001 2884 verae
1011 2835 1157 2897 sapientiae
1166 2835 1254 2886 studia
1262 2835 1378 2897 videam,

295 2908 331 2962 τὰ
347 2911 526 2978 ἐγχυθι-’ντων
546 2905 656 2978 ὀσμάς,
675 2903 752 2964 οὕτω
768 2913 818 2962 καὶ
856 2923 943 2973 neque
961 2909 1021 2960 ideo
1033 2910 1105 2974 quod
1117 2909 1160 2961 alii
1175 2912 1256 2963 nimio
1267 2911 1379 2962 tortasse

294 2987 327 3038 α4
342 2985 399 3036 τῶν
410 2989 482 3037 νέων
492 2989 598 3050 ψυχαί.
617 2987 724 3038 Hieron.
735 2989 817 3053 Epist.
856 2984 952 3035 mentis
980 2984 1085 3036 fervore
1111 2985 1137 3036 in
1163 3000 1195 3038 ea
1223 2985 1381 3037 incumbunt

297 3063 336 3112 io.
352 3064 434 3112 enta:
461 3063 568 3112 littorei
588 3063 817 3126 complorasti,
856 3059 936 3124 (ultro
952 3073 1030 3122 ouem
1045 3062 1107 3111 sotir
1121 3068 1157 3112 est
1172 3063 1290 3114 uir-troam
1304 3064 1381 3126 stes·

294 3143 378 3188 tomes
392 3137 495 3187 eundem
506 3139 607 3188 odorem
623 3139 817 3202 logenoseroat,
856 3141 894 3186 tat
912 3135 1114 3200 tremulique.
1145 3139 1211 3203 Epp.
1231 3141 1259 3201 4,
1278 3139 1309 3201 6,
1329 3139 1379 3202 46.)

295 3214 417 3276 quoderat
432 3213 584 3274 induraret,
603 3215 699 3264 ἰηιὸιιια
709 3221 751 3266 est.
779 3217 818 3266 De
857 3213 955 3275 magis,
979 3224 1062 3277 quam
1086 3213 1153 3264 ratio
1181 3213 1244 3265 mihi
1268 3213 1379 3276 suadet,

295 3287 372 3338 doliis
405 3287 530 3338 fictilibus
557 3287 654 3354 (write)
682 3290 817 3355 picandis,
857 3287 927 3338 vires
944 3299 1019 3338 meas
1037 3289 1196 3339 contendam
1219 3303 1251 3340 ac
1271 3292 1381 3355 propter

293 3363 388 3427 postea
410 3362 603 3424 pertundendis
626 3365 728 3415 marina
751 3377 820 3429 aqua
856 3362 908 3412 hoe
930 3361 1096 3413 conficiam.»
1125 3363 1252 3416 Consulto
1275 3369 1379 3426 autem,

295 3437 341 3486 aut
368 3432 455 3494 salsa,
485 3435 547 3486 dein
576 3437 665 3488 cinere
693 3440 820 3490 sarmenti
857 3450 911 3500 quo
928 3438 1015 3488 omnis
1028 3437 1128 3489 otlensa
1142 3439 1289 3502 devitetur,
1304 3453 1382 3504 pree

295 3510 468 3573 aspergendis
479 3509 521 3560 vel
533 3511 623 3574 argilla
634 3515 685 3564 cet.
696 3517 820 3566 accurata
856 3512 995 3564 cedentibus
1022 3513 1102 3576 dicit,
1132 3528 1185 3566 non
1209 3517 1378 3578 praecedenti.

297 3587 441 3651 praccepta
459 3585 504 3634 dat
521 3584 619 3638 Plinius
631 3589 661 3638 li.
675 3591 705 3639 N.
720 3589 763 3652 44,
776 3591 818 3651 tt,
858 3587 1378 3651 «Ostenditnonadalienumarbitrium‚

296 3663 336 3712 44.
358 3689 385 3697 -
406 3657 484 3726 Tecto]
508 3662 592 3714 cadus
611 3662 654 3714 rel
677 3666 818 3730 ampliora;
857 3664 906 3716 sed
924 3664 958 3714 ad
974 3668 1265 3732 suumseprolicere.»
1287 3671 1378 3720 Sauos.

296 3737 330 3787 dc
342 3737 444 3788 concha
463 3740 650 3802 unguentario,
670 3753 739 3804 quae
752 3741 821 3792 licti-
857 3742 952 3792 «rocta
961 3753 991 3791 se
1004 3741 1194 3793 mediocritatis
1205 3743 1285 3805 illius,
1299 3756 1381 3808 quam

297 3812 335 3864 les
354 3827 407 3864 non
425 3816 515 3876 erant,
534 3814 582 3864 sed
601 3829 632 3865 ex
645 3816 764 3879 onyche,
783 3818 821 3866 vi·
857 3815 957 3880 ubique
969 3817 995 3866 in
1007 3815 1090 3868 rebus
1099 3817 1192 3870 ethicis
1204 3833 1269 3884 prae
1278 3832 1308 3870 se
1320 3819 1379 3880 tert,

297 3892 353 3946 tro,
378 3901 444 3938 auro
466 3891 610 3953 argentove
633 3889 747 3952 fiebant,
771 3905 820 3943 no·
856 3892 1007 3944 studiosum
1024 3893 1165 3943 ostendit.»
1182 3896 1280 3945 iacens.
1296 3923 1322 3931 —
1336 3909 1382 3946 on-

297 3961 342 4012 lirn
359 3964 491 4027 accipere.
515 3993 539 4000 -
558 3965 649 4026 Quodsi
660 3979 741 4016 cerras
757 3967 819 4031 cet]
856 3967 908 4032 teir]
927 3969 965 4018 Ct.
980 3968 1027 4017 Od.
1042 3969 1069 4032 i,
1088 3971 1134 4031 35,
1153 3971 1194 4020 47.
