3156 4972
310 458 372 524 306
688 457 816 508 nonant
836 457 1018 510 sanaballat

351 618 420 684 Non
443 616 538 682 etiam
560 613 666 682 sileas.
712 615 820 681 Davus
843 613 888 680 sis
911 613 1055 680 comicus
1078 623 1174 702 atque

352 739 424 806 Stes
446 737 550 824 capite
572 735 715 823 obstipo,
739 735 875 802 multum
900 736 1199 804 similis‘metuenti.

352 857 520 945 Obsequio
542 877 716 944 grassere;
739 877 851 934 mone,
875 859 902 924 si
926 856 1101 924 increbruit
1123 877 1218 932 aura,

352 980 471 1048 Cautus
493 979 537 1044 uti
560 977 646 1045 velet
666 997 778 1044 carum
800 987 913 1065 eaput;
937 977 1069 1046 extrahe
1091 978 1185 1045 turba

352 1099 518 1187 Oppositis
539 1099 700 1178 humeris;
723 1119 836 1165 aurem
857 1098 1042 1186 substringe
1063 1099 1202 1188 loquaci.
1353 1099 1395 1164 95

375 1307 415 1356 93.
433 1319 549 1356 erasame
564 1305 608 1356 bc.
630 1329 656 1341 —
686 1305 823 1355 increbruit
839 1317 907 1355 corr.
927 1305 1008 1362 S.LCt
1025 1307 1053 1355 et
1069 1304 1215 1356 Bentleius:
1242 1306 1363 1356 ίοονοὸοὶι

342 1393 386 1444 cp,
399 1381 438 1441 u,
456 1381 580 1443 increpuit
595 1379 624 1441 b,
637 1383 692 1430 tres
705 1379 834 1440 Pettierii,
854 1379 880 1428 F.
901 1405 929 1415 -
943 1379 983 1428 95.
997 1379 1097 1441 benaci
1106 1392 1241 1443 superscr.
1254 1380 1364 1443 bennui

342 1467 365 1504 o.
386 1482 414 1492 -
432 1455 472 1505 96.
498 1457 550 1506 Hoc
566 1455 592 1504 F.
621 1479 649 1490 -
677 1455 718 1503 97.
736 1467 812 1518 arpo,
831 1454 983 1504 Cremonam
998 1454 1065 1514 hsc.
1089 1467 1184 1506 omnes
1202 1455 1318 1505 Pottterii
1336 1455 1363 1504 et

309 1644 437 1694 nonest:
466 1640 557 1704 quidni
578 1639 650 1691 enim
671 1637 731 1690 loco
755 1651 832 1690 com·
868 1637 993 1703 loquitur.
1024 1637 1168 1700 cisatt,
1187 1640 1233 1698 til,
1252 1639 1293 1692 to.
1309 1640 1395 1690 -ob-

308 1718 382 1769 muni
407 1717 564 1780 interposito
589 1715 692 1766 variare
717 1713 833 1778 potuerit
868 1713 940 1775 stipo]
965 1713 1078 1776 Obstipus
1100 1715 1142 1765 est
1160 1715 1270 1778 rstipitis
1292 1715 1392 1776 instar,

309 1792 475 1842 orationem?
496 1819 523 1827 -
541 1789 608 1840 ultro
629 1791 686 1840 Non
704 1789 780 1838 etiam
795 1788 832 1837 ai-
869 1789 925 1838 sire
942 1787 1025 1851 rigide
1043 1789 1206 1853 immotaque
1224 1790 1326 1840 ratione
1345 1789 1395 1840 ati-

307 1866 380 1928 lem]
396 1867 438 1916 Sic
461 1865 552 1928 iunge:
584 1875 687 1926 «meque
712 1875 778 1912 vero
803 1863 832 1912 tu
869 1875 922 1925 quo
939 1861 1109 1920 inclinatura
1128 1863 1154 1912 h.
1168 1861 1185 1911 t.
1201 1861 1345 1915 adeersum
1356 1865 1395 1916 iu·

307 1939 358 1990 alic
375 1941 510 2003 tempore,
529 1951 590 1988 cum
608 1936 650 1988 itte
668 1941 758 1987 tecum
777 1935 832 1986 col·
869 1935 1006 1986 dinatus.»
1042 1935 1081 1986 Gi.
1095 1937 1201 1987 Persius
1218 1935 1246 1998 3,
1265 1937 1312 1988 8οι
1344 1937 1394 1987 ol-

307 2014 381 2078 ioqui
402 2011 485 2074 votet,
513 2014 569 2064 sine
591 2010 644 2062 utta
668 2024 749 2062 causa
766 2011 832 2060 taci-
866 2011 930 2073 stipo
952 2010 1033 2072 capite
1054 2015 1078 2059 el
1103 2013 1205 2075 ipanus
1227 2012 1320 2062 ironiae
1342 2018 1394 2062 ter-

307 2093 402 2141 turnue
427 2090 476 2149 sis,
507 2088 582 2150 quasi
607 2087 695 2138 taedio
721 2087 832 2137 attactus
867 2098 934 2135 rom.
980 2085 1113 2148 Significat
1140 2081 1174 2136 sd
1202 2079 1394 2156 ἀνελεύθερον

307 2167 354 2218 aul
370 2166 408 2214 ira
425 2163 568 2226 percitus.»
603 2162 634 2212 V.
650 2162 718 2212 ultro
736 2173 832 2225 euper-
867 2159 918 2209 uel
934 2155 1140 2229 δουλοπρεπές,
1159 2159 1193 2210 de
1206 2173 1260 2223 quo
1277 2159 1352 2212 Philo
1364 2175 1391 2225 p.

304 2250 454 2290 vacaneum
471 2237 648 2299 utiqueesset
664 2234 831 2285 additamen-
867 2233 925 2284 888.
948 2233 995 2284 Ed.
1020 2233 1154 2284 Francoi.:
1181 2227 1251 2284 ὅθεν
1274 2230 1394 2286 κάκεῖνα

307 2315 365 2363 tum
381 2307 648 2373 vocabutipomlur,
668 2321 784 2374 quocum
797 2307 831 2358 ab
868 2304 1081 2372 ἑκπεφώνηται,
1112 2298 1154 2358 oi
1180 2321 1250 2358 ποτε
1277 2306 1394 2376 δονλείη

308 2385 365 2436 attis
381 2383 510 2448 iungitur,
534 2395 597 2434 cum
619 2381 739 2446 garrulus
756 2394 831 2432 sem·
867 2377 981 2447 κεφαλὴ
1000 2382 1077 2431 ἰθεῖα
1093 2382 1234 2443 πέφυκεν,
1250 2376 1318 2433 Ἀλλ’
1336 2384 1394 2434 alet

307 2473 357 2526 per
367 2461 434 2511 ultro
445 2457 557 2522 ineptias
568 2457 683 2518 etiutiat;
700 2458 771 2507 ultro
781 2471 832 2508 au·
868 2453 982 2522 οκολιή,
990 2449 1119 2516 καῦχένα
1127 2453 1214 2520 λοξὸν
1223 2449 1292 2517 ἔχει.
1302 2457 1395 2522 (Theo-

308 2537 376 2595 tem‚
395 2533 660 2597 quodexposucrunt
676 2532 831 2583 «ultramo-
867 2532 925 2595 guia
949 2531 1016 2592 535.)
1052 2526 1092 2581 Τὸ
1116 2526 1171 2601 γὰρ
1196 2527 1318 2598 πλάγιον
1343 2533 1393 2584 καλ

307 2610 398 2670 dum‚e
411 2605 596 2658 consuetudini
607 2609 746 2670 repugnat.
772 2608 832 2657 lun·
867 2604 999 2658 ποικίλον
1015 2598 1165 2671 ἀπατηλὸν
1182 2598 1257 2671 ἦθος
1276 2601 1394 2673 ἀγεννέ-

307 2684 425 2749 geudum
445 2683 537 2732 autem
560 2693 620 2733 esee
640 2682 708 2732 ultro
724 2695 785 2733 cum
803 2697 828 2732 v.
867 2695 986 2741 στατον,
1005 2673 1102 2752 ὥσπερ
1113 2675 1147 2730 τὸ
1160 2674 1230 2732 εὐθὺ
1243 2682 1292 2733 καλ
1303 2676 1394 2733 cinia-

306 2759 411 2824 offendat
427 2769 480 2808 non
497 2755 563 2806 mibi
578 2757 711 2820 persuasit
726 2757 830 2808 Do'der·
867 2770 937 2806 οτον
953 2755 1002 2806 καλ
1025 2749 1200 2807 ἀνύποολον.
1236 2759 1392 2820 anonymus

305 2834 359 2885 teia
375 2832 469 2893 sprevi.
488 2831 530 2880 111.
543 2842 570 2893 p.
584 2831 641 2880 toa.
662 2857 691 2868 -
709 2832 832 2882 Nonae
867 2832 940 2895 apud
956 2831 1067 2882 lteinelr.
1087 2832 1391 2895 inceramenta:

305 2905 366 2971 teor]
384 2907 422 2957 De
439 2904 518 2964 locis,
536 2902 583 2954 ubi
599 2918 650 2954 non
666 2917 716 2968 pro
733 2919 764 2956 ne
780 2919 831 2971 po-
868 2902 908 2957 Τὸ
924 2903 948 2955 δ’
971 2899 1041 2954 ὅλον
1067 2898 1121 2954 οὐκ
1144 2903 1302 2970 ἐπίσταμαι
1320 2900 1392 2973 ’eya

306 2983 388 3033 situm
403 2979 510 3030 videtur
524 2975 604 3041 (velut
615 2980 644 3029 Α.
658 2980 686 3028 Ρ.
699 2977 761 3030 teo:
780 2993 831 3030 non
866 2979 1044 3052 ψιθυριζειν,
1068 2973 1136 3030 οὐδὲ
1158 2979 1393 3046 κατακεκλασμέ-

305 3056 347 3116 sit,
371 3055 414 3116 qut
431 3053 608 3104 warrenna.
643 3052 710 3116 Epp.
727 3053 757 3114 t,
781 3053 828 3114 48,
866 3071 922 3117 νως
938 3049 1067 3120 Πλάγιον
1084 3049 1211 3119 ποιήσας
1221 3049 1274 3104 τὸν
1284 3051 1393 3126 τράχη-

306 3131 352 3180 72:
379 3130 436 3179 Non
452 3126 546 3178 maile
562 3131 633 3176 taam
648 3127 718 3176 iectu
727 3127 828 3178 ulceret.
867 3127 918 3178 λον
943 3132 1116 3198 περιπατεῖν.
1161 3128 1296 3192 (Figuram
1321 3131 1393 3186 servi

306 3203 380 3254 ovid.
394 3204 424 3252 Α.
437 3203 467 3252 λ.
481 3201 509 3262 3,
529 3199 590 3250 tta:
612 3201 658 3250 Vos
672 3213 830 3264 poemenen
867 3204 963 3254 comici
980 3204 1019 3254 sic
1035 3202 1141 3266 obstipo
1159 3203 1245 3266 capite
1263 3203 1392 3256 amianas

305 3278 374 3326 emir
398 3289 474 3326 omes
499 3279 601 3324 οοονοιο
630 3273 753 3338 lapillis),
780 3275 828 3325 cir.
867 3278 894 3326 ct
910 3289 973 3327 curn
991 3275 1071 3326 milite
1088 3273 1203 3338 glorioso
1218 3275 1393 3340 colloquentis

307 3350 384 3402 Hand
400 3347 831 3411 rurs.1v.p.tetsqq.wegner
868 3349 976 3402 exhibet
1003 3351 1125 3402 btuseum
1154 3349 1334 3402 Borbonicum
1361 3351 1391 3402 Τ.

306 3423 340 3475 ad
357 3424 428 3486 virg.
442 3425 506 3472 Aea.
521 3421 565 3480 48,
584 3421 624 3471 78.
647 3421 714 3486 (Non
727 3423 831 3472 Τονονοε
867 3425 910 3476 1v.
923 3423 988 3475 Tab.
1001 3425 1089 3474 livill.
1108 3425 1195 3488 Atque
1207 3423 1394 3490 similiterpie-

306 3502 369 3562 opat
388 3497 416 3546 ic
436 3493 567 3557 limabat:
595 3495 667 3545 «Non
692 3497 830 3560 proprium
867 3513 981 3562 rumque
1000 3501 1158 3563 comparent
1173 3501 1244 3551 eervi
1260 3501 1288 3550 in
1305 3501 1394 3564 pietu-

306 3570 388 3622 habet
403 3567 492 3625 torum
504 3568 531 3618 in
542 3567 733 3631 distinguendis
746 3583 831 3634 oppo-
868 3575 904 3624 ris
933 3573 1063 3624 Codicum
1091 3574 1207 3624 Terentii
1234 3575 1392 3638 Regiorum,

306 3647 363 3697 eltis
381 3646 409 3694 et
424 3642 579 3704 contrariis,
598 3643 655 3693 tum
672 3643 700 3693 iu
717 3655 830 3694 enume·
869 3650 1004 3712 expressis
1022 3661 1037 3697 a
1059 3647 1161 3698 Picerto
1186 3648 1277 3710 (Amet.
1296 3647 1393 3711 imi,

307 3718 400 3771 raudo.
414 3745 428 3756 -
440 3745 455 3755 -
466 3715 532 3768 itale
549 3730 600 3766 non
616 3730 666 3781 pro
683 3732 714 3770 ne
731 3718 831 3784 accipi·
866 3726 893 3774 et
909 3723 1041 3782 Vaticani,
1060 3735 1128 3786 quas
1144 3722 1261 3772 imitatus
1279 3723 1322 3773 eet
1342 3723 1394 3774 lti-

256 3833 269 3854 .
306 3798 350 3846 tur
360 3793 432 3860 apud
444 3793 533 3844 Horat.
546 3792 599 3842 snt.
612 3793 640 3852 8,
654 3794 683 3853 ὃ,
696 3793 749 3854 et..
767 3806 831 3844 cum
867 3799 992 3848 serottius
1015 3797 1041 3847 in
1058 3796 1107 3846 Ed.
1119 3795 1235 3848 Urbineti
1258 3795 1344 3859 4736.)
1363 3821 1393 3836 -

306 3869 374 3920 baec
391 3867 568 3933 praecedant:
586 3865 720 3930 Difficilen
736 3873 759 3918 et
774 3880 831 3917 mo-
866 3870 987 3935 mallwn]
1013 3871 1070 3920 Hoc
1087 3870 1148 3921 adv.
1170 3869 1297 3934 equidem
1313 3871 1394 3934 iunge

306 3957 392 3994 rorum
408 3943 513 4007 offendat
528 3943 702 4006 garrulare.»
737 3943 830 4005 Neque
867 3944 1095 4005 comninetur,
1121 3955 1247 4007 eprorsus
1270 3941 1394 4005 similin-

307 4017 385 4080 igttur
411 4031 474 4068 oum
501 4015 616 4069 Maecilio
644 4017 830 4080 interrogative
867 4031 949 4083 quam
961 4018 1164 4082 explicationem
1173 4015 1333 4068 confirmant
1343 4017 1395 4082 ipsi

307 4092 506 4157 accipiendum:
536 4093 604 4142 tlttro
625 4105 675 4141 nen
696 4092 775 4142 etiem
795 4092 832 4141 ri·
868 4093 972 4144 numeri
989 4105 1032 4142 vv.
1044 4091 1153 4142 nabun
1167 4091 1255 4142 elinilia
1265 4092 1393 4152 minuti,

309 4165 378 4218 leue?
391 4194 418 4204 -
431 4165 527 4230 Docte]
540 4167 615 4216 servi
631 4166 726 4216 comici
739 4167 830 4228 instar,
868 4165 1092 4232 praecedentibus
1108 4179 1151 4215 vv.
1166 4167 1240 4216 certe
1252 4166 1393 4230 aptissimtt

308 4241 356 4308 qui
378 4255 515 4294 summum
541 4255 603 4306 erge
629 4243 724 4294 berum
750 4241 832 4292 obse·
869 4239 911 4292 alti
928 4253 993 4292 vero
1005 4252 1104 4292 cumr.
1117 4239 1243 4290 mareoli.
1271 4238 1310 4292 Ct.
1324 4239 1392 4304 Epp.

308 4319 399 4383 quium
423 4316 530 4369 simulat
551 4317 697 4381 timideque
719 4329 781 4368 cum
799 4329 831 4366 ec
869 4317 899 4379 4,
919 4315 963 4376 te,
982 4315 1011 4366 ³:
1031 4314 1140 4366 idaim
1155 4313 1292 4364 diuinitas
