3156 4972
274 415 336 482 070
652 413 977 466 nonarusnrrnnnun

293 565 458 661 ⁴Aegrum
480 591 519 638 ex
541 555 723 658 praecipiti,
747 551 852 638 mater¹
872 569 975 638 delira
995 571 1124 638 necabit

318 697 353 762 in
375 691 482 781 gelida
503 691 603 760 fixum
625 691 696 780 ripa
717 692 898 781 febrimque
921 693 1073 769 reducet,

316 818 431 896 Quone
453 813 537 882 maio
560 824 700 882 mentem
723 815 905 882 concussa?
927 816 1053 882 Timore
1075 791 1227 883 deorum.
1297 819 1359 882 095

316 939 406 1005 Haec
428 936 504 1003 mibi
526 936 710 1014 Stertinius,
734 937 916 1025 sapientum
938 947 1086 1015 octavus,
1110 939 1214 1006 amico

315 1067 411 1126 Arma
432 1057 536 1136 dedit,
560 1056 694 1145 posthac
717 1078 759 1124 00
782 1058 997 1146 conpellarer
1019 1059 1147 1126 inuitus.

315 1181 437 1248 Dixerit
457 1182 605 1248 insanum
626 1181 682 1268 qui
705 1201 773 1260 me,
803 1180 937 1246 totidem
960 1179 1071 1248 audiet
1091 1191 1189 1269 atque

315 1303 489 1390 Respicere
512 1303 619 1390 ignoto
642 1302 746 1370 discet
767 1301 941 1390 pendentia
963 1313 1063 1390 tergo.

316 1424 438 1504 Stoice,
462 1434 536 1513 post
557 1424 711 1492 damnum
733 1424 780 1491 sic
802 1423 924 1490 vendas
946 1423 1054 1490 omnia
1075 1422 1196 1512 pluris,
1294 1427 1358 1492 300

338 1641 395 1693 tbi.
413 1642 554 1706 sebrernqae
570 1641 597 1692 b.
619 1666 647 1678 —
666 1642 723 1708 095.
740 1655 859 1704 perorasse
876 1653 1011 1705 superscr.
1030 1653 1076 1692 coa
1088 1642 1117 1702 S,
1132 1654 1253 1705 percursa
1268 1642 1286 1693 b
1299 1647 1327 1694 et

305 1717 416 1780 Franeq.
448 1717 489 1778 (Ut
505 1729 566 1780 nos,
586 1717 619 1780 c.)
640 1744 667 1752 -
686 1715 743 1766 007.
758 1721 816 1778 poet
831 1717 892 1766 baec
909 1729 977 1766 corr.
998 1716 1023 1766 b.
1053 1716 1136 1780 (Coni.
1156 1717 1232 1768 Hand
1249 1719 1324 1769 Turs.

303 1792 346 1843 lV.
364 1805 391 1856 p.
410 1790 526 1856 00700.)
547 1818 574 1826 -
592 1791 630 1856 00]
649 1789 737 1840 aecb.
759 1818 786 1827 ·-
806 1791 863 1842 300,
882 1791 926 1856 sic]
944 1791 965 1840 si
984 1791 1013 1842 C.

271 1980 351 2030 docet.
381 1979 482 2028 Verum
498 1978 589 2028 levarit
605 1991 638 2028 ar
651 1977 794 2039 praecipiti,
833 1991 864 2027 ae
879 1977 1051 2042 compatiatur]
1071 1991 1119 2028 «ne
1142 1978 1275 2030 iniuriosis
1296 1993 1360 2030 ver·

271 2053 393 2107 4000000
410 2052 511 2102 dictum
528 2055 570 2102 est
586 2051 669 2115 figura
686 2065 735 2116 pro
747 2065 796 2116 pe·
833 2051 875 2102 bis
892 2065 936 2102 me
953 2052 1122 2102 adorirentur
1138 2053 1221 2118 iniqui
1238 2055 1317 2104 mei.»
1330 2081 1358 2092 -

271 2130 353 2180 destri
369 2127 478 2178 amarit
495 2141 527 2176 ao
542 2127 689 2189 praecipiti,
714 2128 741 2176 et
756 2127 771 2189 s
780 2153 796 2163 -
833 2127 947 2191 totidem]
967 2127 1095 2188 «verbnp
1122 2140 1175 2178 noa
1192 2131 1222 2179 ui
1243 2128 1359 2180 nonnulii

270 2205 384 2265 irimque
397 2203 498 2252 reducet
518 2205 622 2264 gratum
647 2204 688 2252 est
713 2194 796 2251 iiorass
834 2201 939 2253 volunt:
961 2205 1041 2266 uquot
1058 2206 1085 2253 tu
1102 2217 1173 2252 nunc
1185 2217 1218 2252 ex
1230 2215 1274 2253 me
1286 2204 1360 2254 audi-

270 2293 323 2349 pov
341 2273 479 2347 πρότερον
497 2288 560 2339 pro:
584 2275 667 2326 «febri
684 2275 794 2326 reducta
834 2277 897 2333 stip
915 2277 977 2338 sed,
992 2280 1072 2342 «quot
1086 2276 1127 2328 ille
1141 2278 1205 2328 mibi
1220 2279 1360 2341 ingesserit

271 2365 335 2404 eum
352 2350 484 2402 necabit.»
504 2375 532 2386 -··
551 2363 584 2400 aa
597 2349 739 2414 praecipiti]
754 2351 796 2400 Sic
833 2350 917 2401 verba
939 2353 1070 2403 insaniam
1096 2353 1282 2415 significantia:
1317 2355 1359 2404 in-

271 2425 348 2489 00100
360 2426 438 2476 etiarn
450 2423 640 2487 loquebantur,
659 2437 709 2475 nec
722 2425 798 2488 quid·
834 2437 914 2486 sane,
933 2425 1031 2488 delire,
1050 2427 1147 2476 cerrite
1164 2429 1227 2488 cet,
1246 2426 1359 2478 totidem

270 2514 352 2566 quam
370 2499 440 2550 inest
455 2500 552 2562 poetici
564 2501 703 2549 sermonis.
724 2497 794 2550 Cels.
834 2513 927 2550 rursus
944 2513 1075 2565 regerem.
1105 2502 1147 2551 Sic
1169 2515 1232 2552 eum
1253 2501 1359 2553 docebo

270 2577 300 2636 0,
313 2575 341 2624 ti:
359 2575 388 2623 ta
395 2575 531 2636 praecipiti
541 2574 595 2624 iam
606 2586 656 2622 esse
668 2573 794 2636 (aegrum)
833 2587 880 2625 sua
910 2575 991 2639 ipsius
1018 2577 1080 2626 vitia
1108 2577 1244 2641 respicere
1277 2579 1359 2640 atquc

270 2649 401 2700 deamttiat
417 2647 521 2712 (airus),
545 2661 610 2711 quaa
630 2649 727 2710 liquido
751 2661 796 2698 ea-
833 2663 1006 2712 agaoscere.»
1041 2653 1107 2702 Nota
1129 2650 1360 2702 000400011000-

270 2724 423 2784 deniqueret
438 2723 563 2786 uipraeei
576 2724 677 2786 paitida
692 2724 797 2786 004040-
834 2727 907 2789 sopia
927 2725 1053 2789 (Phaedr.
1071 2725 1100 2784 4,
1121 2727 1176 2788 to..
1199 2725 1277 2776 Rabr.
1296 2725 1357 2788 oa),

269 2800 327 2864 quit
342 2803 385 2849 est.
405 2825 432 2834 -
452 2798 544 2862 Quone]
564 2797 661 2862 duplex
682 2799 796 2850 interro-
834 2799 900 2850 duas
918 2813 997 2864 peras
1014 2814 1036 2851 s.
1054 2801 1185 2851 manticas
1202 2799 1280 2852 nobis
1297 2812 1358 2850 essa

269 2875 352 2938 gatto,
379 2876 408 2924 ut
429 2874 482 2923 Sat.
503 2875 532 2933 0,
557 2873 586 2934 0,
612 2873 673 2924 tot:
698 2878 794 2924 000000.
833 2875 922 2934 datas,
941 2887 1021 2925 unam
1040 2887 1055 2924 e
1073 2878 1197 2938 pectore,
1216 2873 1358 2925 alteratae

270 2949 346 3000 Cout.
366 2947 449 2998 Hand.
468 2949 543 2998 Ture.
559 2948 602 2998 tv.
612 2959 639 3011 p.
653 2948 684 2998 te
702 2960 743 3012 sq.
764 2973 792 2983 -
833 2951 908 3011 tergo
917 2961 1086 3013 0000000000
1100 2949 1125 2998 in
1138 2947 1180 2999 iiia
1188 2949 1272 3000 atiena
1285 2949 1356 3008 vitia,

268 3024 397 3088 00000000]
415 3023 481 3072 Huic
499 3021 613 3072 verbum
634 3021 686 3072 sibi
707 3023 795 3074 notius
833 3024 859 3073 in
876 3025 927 3074 bac
943 3023 1050 3087 propria
1068 3025 1208 3074 asservari.
1238 3023 1285 3073 nni
1301 3020 1358 3074 coi·

266 3096 590 3162 percaesasubstituerunt
601 3096 700 3148 librarii
709 3096 793 3148 multi.
832 3097 891 3148 tatis
915 3096 1038 3149 versibus
1061 3099 1092 3148 00
1113 3111 1154 3161 sq.
1174 3097 1208 3148 de
1231 3095 1316 3149 cauda
1341 3109 1357 3148 0

269 3173 322 3223 Sed
339 3173 489 3222 accuratius
505 3171 569 3223 iliud
580 3171 710 3236 significat
721 3186 796 3224 men·
832 3175 907 3236 tergo
924 3185 1054 3237 suspensa
1071 3173 1227 3236 cogitarunt.
1242 3197 1270 3208 -
1283 3173 1358 3235 iqua-

270 3249 303 3299 tis
328 3247 558 3298 conturbationem
583 3259 615 3296 ac
640 3249 794 3308 vesaniam,
832 3247 864 3312 to]
885 3247 972 3310 «quod
989 3247 1286 3311 nunquamvidemus.»
1308 3249 1359 3298 Ca·

269 3335 351 3386 quam
364 3333 499 3383 00000000,
518 3319 794 3384 quodautdedclora
833 3321 887 3372 tuit.
901 3323 945 3383 00,
965 3322 1011 3372 0οι
1041 3323 1107 3374 Suae
1123 3325 1231 3385 quoique
1247 3321 1358 3372 attrita-

269 3395 358 3458 aliquo
375 3397 422 3444 aut
437 3394 471 3444 de
489 3395 544 3444 aori
561 3394 683 3459 cupidine
696 3396 794 3445 rectius
832 3403 916 3448 nocet
932 3411 1020 3448 error:
1039 3397 1088 3448 Sed
1102 3399 1358 3449 montemtremi-

269 3481 394 3533 usurpes.
420 3495 447 3504 -
471 3469 568 3517 Timore
591 3470 702 3531 deorum]
729 3467 796 3533 (det-
831 3473 897 3522 ticae
918 3474 985 3535 quod
1008 3474 1035 3524 iri
1057 3479 1127 3538 tcrqo
1150 3480 1193 3524 eat.
1233 3476 1305 3524 Pera.
1324 3472 1354 3534 i,

269 3541 717 3610 otdarportqmtiquereiiciendo,
732 3556 794 3594 cum
831 3546 879 3598 at:
908 3549 1065 3610 praecedeuti
1090 3554 1217 3611 mactatur
1242 3549 1357 3600 mantice

269 3619 393 3672 laudatur
408 3623 488 3668 raetica
510 3619 625 3679 000000,
652 3619 682 3668 04
706 3620 794 3670 Livius
830 3628 908 3685 torpa

269 3697 316 3756 04,
339 3693 365 3745 i.
386 3694 420 3744 de
439 3690 597 3768 ituanibaie:
623 3695 707 3744 arctius
722 3696 796 3746 00000
863 3695 984 3746 too-302.
1011 3697 1093 3748 Stoice
1114 3697 1176 3762 cat]
1198 3697 1244 3748 itia
1264 3695 1355 3748 verbis

267 3777 362 3833 000000,
386 3769 483 3820 000000
498 3769 538 3818 ius
553 3769 703 3830 iwaadrrrn,
724 3771 795 3820 0000
831 3771 910 3834 poeta
936 3772 1128 3836 Damasippum
1156 3770 1287 3836 appellat,
1320 3771 1356 3822 de

267 3846 365 3909 reticio.
393 3846 570 3907 (Quamquam
586 3845 732 3907 Persicon,
750 3845 792 3894 at:
831 3857 880 3894 sua
902 3845 1003 3896 insania
1025 3847 1243 3910 interrogatmus.
1264 3871 1292 3882 -
1310 3845 1354 3912 tic]

267 3925 378 3969 cretaeae
393 3921 627 3970 dtcwamctertm
639 3931 689 3984 pro
701 3933 795 3985 super
830 3919 886 3970 iiac
903 3919 1031 3984 particula
1049 3924 1173 3983 utuntur,
1197 3920 1244 3971 ubi
1262 3922 1357 3984 optant

268 3993 369 4044 stitiosa
387 3993 471 4056 dixit.)
829 3991 929 4057 aliquid
950 4009 966 4045 a
988 3995 1029 4046 dis
1054 3997 1204 4060 precantes.
1242 3994 1301 4044 Vid.
1320 3993 1356 4045 00

301 4065 423 4118 090-099.
442 4066 553 4132 actaeae]
571 4067 687 4130 comice,
706 4067 737 4118 ut
752 4069 793 4118 lu·
830 4068 924 4131 004,
951 4069 980 4132 ³,
1008 4071 1031 4120 4.
1062 4070 1145 4134 «Opto
1169 4081 1264 4120 varum
1289 4069 1355 4120 mibi

268 4142 373 4202 0000,
391 4140 441 4192 to:
472 4143 682 4194 Totiueecaeto
703 4141 793 4193 decidit
829 4141 916 4201 dicas;
941 4143 994 4205 sic,
1021 4143 1067 4194 ubi
1084 4144 1136 4195 boc
1153 4143 1263 4204 iecoris,
1287 4155 1355 4194 aaa·

268 4215 342 4275 0000
360 4220 434 4280 mata
452 4219 545 4268 contra
561 4215 711 4282 hyperbata
728 4217 792 4282 Sap-
829 4216 910 4279 tingat
933 4216 994 4280 tibi,
1020 4220 1050 4270 ut
1075 4221 1136 4282 post
1157 4219 1197 4268 rei
1219 4216 1355 4269 familiaris

267 4291 322 4356 pho
338 4292 446 4343 Graecia
468 4294 511 4342 est
530 4292 636 4346 decima
656 4293 739 4346 tiusa
762 4319 787 4332 -
828 4291 994 4358 nautragium
1005 4305 1100 4344 mrsus
1113 4291 1218 4344 tucrum
1235 4291 1354 4346 40000000
