3174 4974
285 423 347 489 568
646 421 775 472 000440
796 417 1016 471 urrsrocnauu

328 582 400 660 Qua
422 579 545 646 ratione
567 597 670 666 queas
693 576 864 643 traducere
887 574 1001 642 leniter
1027 595 1158 652 aevum;

327 703 410 766 Num
432 710 463 766 te
485 719 615 787 semper
638 698 731 782 inops
754 697 851 784 agitet
871 705 1032 782 vexetque
1055 693 1189 782 cupido,

328 825 411 888 Num
432 841 534 909 pavor
556 829 588 886 et
610 839 719 886 rerum
740 817 948 884 mediocriter
967 815 1094 881 utilium
1118 835 1211 902 spes3

329 944 483 1010 Virtutem
504 941 650 1008 doctrina
672 949 778 1028 paret,
802 947 957 1004 naturane
981 936 1091 1016 donet3
1314 935 1375 999 too

329 1063 414 1144 Quid
438 1064 560 1130 minuat
581 1083 692 1140 curaS,
716 1060 796 1149 quid
818 1069 849 1126 te
871 1059 928 1125 tibi
951 1057 1066 1124 reddat
1087 1057 1241 1136 amicum;

328 1183 415 1264 Ouid
437 1205 519 1272 pure
542 1182 740 1271 tranquillet,
763 1182 866 1248 honos
889 1201 930 1246 aa
952 1178 1047 1246 dulce
1070 1177 1235 1251 lucellum,

329 1307 376 1370 An
400 1315 561 1373 secretum
583 1305 644 1371 iter
666 1314 698 1370 et
719 1303 854 1370 fallentis
876 1301 990 1368 semita
1012 1301 1106 1366 vitae.

353 1465 393 1515 98.
407 1465 448 1515 99.
471 1467 509 1515 Νο
519 1493 534 1503 -
545 1493 560 1503 -
568 1467 606 1514 Ne
624 1465 685 1526 LCt,
698 1462 831 1516 Bentleius
843 1465 871 1513 et
882 1475 904 1514 s.
930 1463 1005 1524 (Num
1015 1487 1027 1498 -
1036 1487 1047 1498 ·
1057 1461 1126 1510 Neon
1137 1460 1219 1510 nostri
1230 1457 1305 1510 bSEc
1317 1461 1344 1509 et

318 1540 435 1590 Pottiarii
453 1539 586 1605 plerique,
605 1541 678 1590 Nunc
690 1568 704 1578 -
716 1567 730 1576 -
741 1540 814 1590 Nune
829 1553 857 1604 p,
875 1540 932 1588 Non
943 1565 980 1576 -·
991 1538 1048 1587 Non
1065 1536 1083 1585 d
1100 1539 1128 1585 et
1144 1535 1259 1585 Pottierii
1277 1537 1342 1596 sex.)

323 1641 350 1649 —
371 1613 427 1663 404.
446 1627 478 1663 ac
495 1614 565 1664 dulce
582 1613 663 1664 dubia
682 1614 808 1664 Schmidii
826 1614 952 1678 suspicio.
1079 1621 1084 1630 ·

288 1765 348 1814 cos,
366 1765 428 1802 narn
439 1755 466 1802 te
477 1750 543 1804 lucri
556 1757 584 1804 et
595 1755 729 1818 potentiae
742 1755 815 1818 cupi·
851 1767 947 1804 emesae
966 1758 1000 1803 eat
1019 1765 1064 1802 nec
1085 1751 1176 1800 benum
1192 1762 1244 1799 esse
1259 1761 1303 1799 nec
1319 1762 1377 1798 ma-

288 1828 372 1888 ditas,
392 1829 434 1877 cui
452 1840 561 1892 semper
578 1828 656 1879 deest
671 1828 770 1892 aliquid
789 1832 815 1878 et
852 1827 904 1878 lum
929 1829 986 1890 400,
1014 1827 1079 1888 quod
1100 1825 1319 1886 praepositum
1339 1824 1379 1873 oel

288 1915 357 1964 quae
383 1915 521 1966 nunquam
550 1903 685 1968 expletur,
715 1904 814 1967 agitare
849 1903 1061 1964 praecipuum
1078 1899 1282 1970 (προηγμένον)
1299 1900 1378 1948 norni-

288 1974 402 2036 deheat,
421 1990 454 2026 au
473 1976 522 2026 alia
534 1978 640 2027 vivendi
658 1979 723 2028 ratio
735 1991 816 2042 repe·
852 1989 950 2026 namus.
985 1975 1062 2037 quue
1084 1975 1122 2023 itu
1143 1975 1286 2038 definimus,
1313 1974 1379 2036 qued

288 2051 334 2099 riri
351 2053 433 2113 queat
450 2050 533 2101 multo
551 2051 716 2115 tranquillior
733 2065 764 2101 ac
779 2052 816 2103 le·
852 2051 884 2098 sit
899 2051 1043 2112 indifferens
1058 2061 1115 2098 eum
1136 2049 1308 2098 aestimatione
1323 2061 1379 2098 me-

289 2125 373 2186 44οἰ00,
392 2137 474 2187 quarn
492 2139 542 2188 ego
559 2140 603 2176 me
616 2127 743 2190 adeptum
755 2139 815 2176 esse
854 2125 972 2182 diocri‚·
999 2124 1065 2185 qued
1081 2123 1147 2172 enim
1163 2123 1201 2172 illi
1216 2117 1380 2194 ἀδιάφορον

289 2211 377 2248 reone
413 2199 543 2248 Particula
560 2213 622 2249 num
639 2203 718 2264 pocta
735 2200 816 2262 signi·
854 2199 951 2260 dicum,
969 2199 997 2248 id
1012 2198 1073 2247 milii
1090 2199 1127 2246 ita
1143 2199 1266 2259 00040πί4,
1289 2203 1317 2246 ut
1333 2199 1380 2247 in-

290 2272 353 2321 44004
370 2276 512 2334 negaturos
528 2274 678 2339 sapientes,
697 2274 766 2323 hanc
777 2288 818 2322 eo-
854 2273 885 2321 di
891 2273 1009 2335 [serens
1020 2272 1135 2321 dicerem
1156 2271 1194 2321 (ll.
1208 2272 1285 2322 Tusc.
1298 2273 1323 2334 s,
1338 2273 1378 2330 46,

289 2346 358 2396 mdis
373 2346 456 2396 vitam
480 2361 540 2397 esse
559 2347 680 2408 beatam,
708 2350 735 2398 04
752 2361 818 2398 cou—
854 2347 895 2398 44.

290 2420 379 2472 silium
394 2421 481 2471 amico
493 2421 602 2473 daturos
615 2435 684 2484 esse,
696 2426 727 2472 ut
738 2421 816 2472 aliam
888 2419 1009 2470 too-toa.
1032 2421 1152 2468 Virtutem
1169 2420 1285 2469 doctrina
1295 2419 1380 2484 para]

290 2495 363 2543 viam
388 2495 559 2556 ingrediatur.
596 2497 645 2556 Qui
671 2496 818 2546 substitue·
855 2491 934 2544 Solita
951 2493 1170 2558 philosophorum
1183 2495 1303 2557 quaestio
1317 2493 1381 2565 napi

292 2571 355 2618 runt
371 2569 517 2631 Ne--Ne‚
543 2567 661 2636 γνώμην
683 2571 817 2622 inculcare
855 2562 974 2638 ἀρετῆς,
1002 2569 1028 2616 εἰ
1048 2565 1195 2617 διδακτόν·
1223 2569 1257 2617 de
1275 2580 1328 2630 qua
1345 2567 1380 2618 04,

291 2641 447 2704 votuerunt,
467 2658 519 2707 qua
536 2649 626 2696 tamar
641 2646 722 2696 modo
734 2644 817 2695 multo
855 2643 970 2694 Platonis
988 2645 1138 2693 ltlenonem.
1158 2644 1212 2694 Cic.
1225 2644 1326 2693 Partltt.
1339 2656 1380 2694 or.

293 2717 382 2767 minus
399 2717 502 2768 urbano
520 2721 730 2783 significaretur,
758 2719 818 2770 Lol·
857 2719 896 2778 48,
911 2717 955 2768 ot:
977 2731 1088 2778 quonum
1102 2722 1178 2779 pacto
1192 2719 1274 2766 uirtus
1287 2718 1382 2778 perta-

292 2790 357 2841 lium
369 2805 465 2857 reapse
478 2794 617 2858 cupidine,
634 2808 750 2859 pavore,
770 2807 817 2858 spe
856 2799 909 2853 tur,
928 2798 1056 2842 naturane
1074 2807 1109 2842 an
1125 2793 1224 2842 ratione
1235 2805 1269 2841 an
1280 2805 1335 2842 um.
1351 2821 1380 2830 -

292 2867 392 2916 vexari.
421 2868 498 2929 [Cum
516 2869 542 2919 in
558 2869 701 2920 Codicibns
719 2868 821 2932 aliquot
856 2869 917 2929 quid
933 2867 1096 2932 medicat]
1114 2866 1186 2918 Plato
1204 2866 1238 2917 de
1256 2868 1320 2931 liep.
1339 2868 1380 2917 to.

294 2941 327 2990 sit
338 2941 416 2988 Non·
426 2942 491 3003 Non,
510 2941 585 2993 solita
598 2944 748 3008 corruptela
761 2956 820 3007 par·
856 2957 882 3007 p.
895 2943 952 2992 644.
964 2943 1009 2992 C.:
1023 2937 1219 3006 Δικαιοσύνην
1229 2937 1303 3007 μετὰ
1311 2956 1383 3011 φρο-

293 3012 389 3064 4400400
406 3029 481 3076 nem,
501 3017 557 3067 fleri
576 3021 656 3068 ctiam
670 3020 773 3082 potest,
790 3019 821 3066 ui
857 3013 969 3082 νήσεως
985 3017 1070 3066 παντὶ
1086 3013 1183 3103 cpdnp
1200 3013 1383 3080 ἐπιτηδεύσο-

294 3089 400 3138 Νο-Νο
416 3101 505 3151 mera,
525 3093 573 3142 sed
591 3093 668 3154 falsa,
687 3095 822 3143 sltccrre·
856 3107 923 3157 μεν,
951 3089 998 3141 t'va
1023 3092 1073 3141 καὶ
1095 3096 1167 3158 ημῖν
1184 3085 1285 3154 αὐτοῖς
1301 3089 1383 3153 callot

294 3162 348 3212 etio
373 3165 541 3215 Grammatici
564 3169 688 3217 usitatam
713 3165 820 3216 vetandi
857 3157 935 3231 ὦμεν
952 3167 1174 3229 καὶτοῒςθεοῖς.
1191 3194 1217 3203 -
1229 3167 1301 3231 pure]
1315 3167 1384 3216 «sin-

295 3238 452 3301 particulam
478 3243 657 3305 requirentis.)
676 3269 705 3279 -
729 3243 819 3290 tradu—
858 3255 919 3292 cere
937 3255 969 3292 ao
981 3242 1114 3305 perfecte,
1133 3243 1201 3292 adeo
1213 3244 1243 3291 ut
1255 3239 1317 3291 nilril
1330 3243 1383 3291 iam

295 3315 483 3380 cere-aecum]
502 3317 541 3366 cl.
556 3317 626 3380 virg.
641 3316 697 3368 Cul.
712 3317 758 3366 96:
778 3315 821 3365 Se-
856 3315 925 3366 ultra
951 3316 1151 3368 desideretur.»
1175 3343 1200 3353 -
1229 3315 1383 3380 tranquillet]

295 3401 385 3437 auram
405 3389 507 3450 placido
529 3392 639 3440 traducit
656 3391 762 3455 (pastor)
777 3403 821 3452 pe-
858 3389 980 3450 «Quibus
997 3391 1091 3440 studiis
1103 3403 1210 3454 quoque
1221 3391 1291 3438 vitae
1307 3391 1384 3439 insti-

294 3467 363 3512 ctore
383 3464 470 3512 citam.
490 3491 517 3499 -
533 3466 624 3528 pauor]
652 3466 762 3524 «timor,
786 3479 819 3514 ne
856 3465 913 3513 tuto
931 3464 966 3514 ad
982 3464 1115 3529 placidam
1130 3467 1302 3528 quietamque
1321 3477 1385 3514 oon-

296 3539 343 3587 aut
359 3549 451 3589 careas
463 3541 654 3603 semperrelus
663 3540 822 3589 mediocriter
858 3540 1001 3589 stantiam»
1027 3541 1064 3602 (ut
1085 3537 1301 3602 tranquillitatem
1318 3537 1385 3588 detl-

294 3613 397 3662 utilidus
413 3617 459 3663 aut
473 3616 554 3678 partis
566 3629 660 3666 rursus
672 3614 820 3679 spolieris.»
858 3615 896 3663 nit
914 3615 1007 3665 Cicero
1021 3616 1098 3665 Tusc.
1113 3613 1137 3674 4,
1150 3615 1175 3674 4,
1189 3614 1239 3677 to.)
1256 3626 1385 3677 «perven-

298 3715 327 3724 -
344 3689 502 3738 utediocriter
522 3689 629 3752 milium]
656 3701 725 3752 quaa
742 3688 821 3738 Stoici
857 3690 934 3739 turus
956 3690 1015 3739 sls‘l
1043 3691 1133 3738 utrum
1159 3685 1320 3747 honoribus,
1350 3699 1384 3736 00

295 3756 444 3834 ἀδιάφορα
454 3763 600 3826 vocabant,
617 3765 651 3814 de
663 3761 761 3826 quibus
772 3776 821 3812 va·
858 3762 969 3824 (44044440,
996 3776 1030 3813 00
1047 3764 1100 3812 vita
1117 3761 1221 3826 placida
1239 3765 1267 3812 ct
1283 3761 1383 3824 quieta,

295 3836 334 3888 let
350 3835 413 3888 illud
432 3839 619 3888 Terentianum
638 3839 731 3888 ilcaut.
751 3838 775 3897 4,
794 3839 819 3898 4,
857 3835 935 3899 longe
961 3851 976 3886 0
998 3835 1172 3887 multitudinis
1189 3835 1274 3886 turbis
1291 3835 1385 3885 tradu-

297 3913 344 3960 at:
368 3912 447 3974 Atque
462 3912 524 3962 llaec
536 3913 641 3974 perinde
657 3915 727 3973 eunt,
744 3917 773 3960 ut
788 3911 821 3960 il-
858 3913 942 3960 ota‘le
972 3913 1030 3962 Tria
1053 3913 1142 3962 autem
1167 3913 1229 3960 sunt
1251 3907 1383 3968 membra,

296 3985 344 4035 tius
355 3987 467 4048 animm,
486 3988 530 4048 qui
541 4001 572 4036 aa
582 3987 708 4048 possidet:
727 3987 822 4048 Quinti
858 3989 888 4036 ut
904 3986 974 4050 apud
993 3987 1048 4037 Cio.
1065 3987 1166 4036 Partitt.
1181 3997 1220 4034 or.
1234 3983 1292 4034 loco
1304 3995 1384 4046 supra

296 4061 354 4121 soit,
381 4061 404 4111 ei
425 4060 503 4120 dona·
529 4061 579 4122 illi,
608 4061 752 4132 quintitnr
771 4075 821 4111 non
858 4059 951 4122 ellato;
976 4061 1010 4112 ad
1030 4063 1082 4111 Att.
1100 4061 1125 4121 9,
1142 4062 1171 4110 4τ
1193 4059 1342 4108 4444004400
1358 4063 1386 4106 40

295 4136 460 4196 matamala.
481 4135 818 4196 Cic.deFiun.3,l6‚tl3:
854 4149 949 4197 parcan
974 4136 1178 4195 commeministi,
1206 4147 1240 4182 en
1265 4145 1310 4196 epo
1334 4145 1386 4182 non

222 4254 226 4261 .
298 4211 422 4272 Quoniam
438 4215 522 4260 eumn
538 4225 624 4273 omne,
646 4211 711 4273 quod
727 4215 762 4260 est
780 4209 821 4260 lto-
857 4211 1049 4272 mlieinteileei,
1062 4224 1096 4259 an
1107 4209 1209 4259 mutasti
1219 4206 1385 4258 004400ιί0404

296 4295 371 4342 num,
388 4285 500 4346 primun
516 4285 597 4336 lactan
614 4291 695 4336 tenere
706 4285 819 4346 dicimus,
858 4285 911 4334 liu.
923 4285 964 4346 44,
976 4286 1022 4334 to:
1036 4286 1125 4336 Utraen
1132 4285 1234 4344 iesum,
1245 4293 1340 4342 anuos,
1349 4293 1385 4330 en
