3116 4968
583 443 643 494 un.
662 443 694 494 ll.
730 443 799 496 ΕΔΤ.
817 445 836 496 l.

210 599 405 689 Composui,
428 619 506 688 pars
528 619 603 668 esse
625 608 715 686 putot
737 599 925 689 similesque
947 621 1094 670 meorum

208 721 293 789 llille
316 721 371 788 die
393 741 509 789 versus
531 721 649 789 deduci
671 741 780 810 posse.
824 722 966 802 Trebati,

209 842 294 924 Quid
310 843 439 922 faciam,
462 843 660 932 praescribe.
684 842 852 924 Quiescas.
874 845 921 912 Ne
936 845 1066 924 luciam,
1090 847 1213 936 inquis,
1236 848 1256 912 5

209 964 348 1032 Omnino
371 965 512 1032 versus?
533 965 602 1031 nio.
647 966 784 1032 Percam
804 965 904 1044 male,
929 966 957 1032 si
979 987 1044 1034 non

208 1087 375 1174 Optimum
396 1095 479 1154 erat:
503 1105 619 1152 verum
640 1105 770 1173 nequeo
792 1084 944 1155 dormire.
988 1089 1051 1156 'lor
1070 1091 1158 1158 uncti

207 1209 405 1276 Trunsnonto
426 1205 583 1285 Tiberim,
612 1227 726 1274 somno
748 1206 869 1295 quibus
891 1218 942 1277 est
963 1229 1046 1298 opus
1068 1209 1148 1290 ulto,

229 1388 404 1453 l.eli‹loclp.

169 1538 195 1598 4,
212 1536 243 1598 4,
261 1535 302 1588 et.
324 1565 351 1574 -
370 1535 561 1602 Lepen1utll.
580 1538 609 1587 Ρ.
629 1536 689 1588 itt:
730 1540 795 1590 tuno
810 1537 932 1602 vivebat,
959 1540 1049 1593 nilons
1067 1544 1094 1594 et
1109 1543 1144 1594 ed
1165 1545 1255 1596 iocum

166 1612 247 1673 operte
262 1611 317 1673 leuc,
343 1611 449 1676 :regine
466 1613 493 1664 et
509 1613 576 1663 retio
594 1611 691 1664 satirae
729 1611 864 1665 urbanum
881 1615 1012 1679 imprimis
1029 1616 1128 1678 lectus,
1148 1619 1255 1670 lloretto

167 1687 327 1737 llomenee.»
347 1711 375 1723 -
397 1686 504 1752 44444444]
527 1689 618 1750 lmego
642 1686 693 1738 de-
730 1687 792 1737 iunc
811 1688 909 1738 XXXV.
928 1702 1013 1742 annos
1030 1693 1092 1742 neto
1109 1704 1174 1743 eone
1196 1691 1255 1758 ple·
1297 1729 1304 1749 .

166 1762 272 1824 sumpte
289 1774 304 1809 n
323 1759 421 1812 fidibus
446 1759 521 1824 lyme
543 1760 586 1812 rel
611 1774 691 1813 arcus
729 1773 801 1824 cere,
814 1761 871 1823 vel,
889 1764 912 1813 ei
930 1763 984 1815 iem
995 1764 1162 1828 decesserat,
1181 1770 1256 1831 geete
1363 1815 1365 1823 .

166 1835 254 1884 nervis
272 1835 384 1886 nimium
395 1836 513 1886 intentis.
548 1835 651 1888 Siood.
665 1837 689 1898 4,
729 1837 787 1886 ciue
803 1839 934 1888 memorie
956 1842 1052 1903 pottee
1074 1853 1185 1893 monere
1205 1842 1255 1894 ele-

166 1909 194 1970 t,
212 1907 258 1960 al:
277 1909 376 1959 44444444
392 1907 514 1960 barbiton.
551 1911 598 1960 «lli
613 1910 691 1973 igitur
729 1909 820 1962 hebet.

165 1982 311 2034 adversarii
329 1983 496 2035 contendunt
509 1985 604 2036 satiras
615 1997 690 2035 meos
761 1986 817 2036 o-7.
832 1986 984 2052 4444444444]
1002 1987 1047 2040 liet
1064 1989 1178 2042 verbum
1193 2004 1255 2056 pro·

166 2057 243 2108 nimis
260 2056 403 2109 mordaces
419 2071 504 2122 prope
523 2057 620 2109 ebeese
631 2072 646 2109 e
658 2057 691 2108 li·
727 2061 816 2124 pn'um
834 2059 868 2111 tle
886 2062 961 2113 lctis.
981 2063 1037 2113 Cic.
1050 2063 1120 2114 Oret.
1134 2064 1176 2125 44,
1190 2065 1252 2118 ill:

166 2129 241 2182 bellio
264 2130 400 2182 lemosis.»
421 2159 448 2169 -
467 2132 519 2182 44444
540 2133 636 2195 neoc]
658 2133 687 2182 Α.
728 2135 789 2195 oute
803 2147 917 2196 unquam
938 2136 1074 2200 4444444444,
1102 2140 1163 2201 prete
1181 2141 1209 2190 ie
1225 2153 1255 2190 re

165 2207 191 2256 P.
210 2206 277 2256 32⁰:
306 2207 360 2256 44444
372 2208 483 2268 pendere
499 2211 523 2258 cl
540 2212 602 2257 crte.
632 2207 692 2258 «Di-
723 2209 827 2271 puplica
841 2214 929 2260 4444444
942 2212 1042 2273 prium
1057 2213 1198 2275 eloquentie
1215 2219 1254 2264 le-

165 2283 228 2330 cunt
244 2293 340 2332 versuo
357 2293 434 2332 mons
451 2279 548 2333 nullius
556 2294 621 2332 esee
634 2295 691 2332 mo·
727 2285 811 2334 cuerit
826 2297 922 2347 seniper
937 2285 1043 2336 44444444
1055 2289 1255 2350 pacatisquere·

164 2355 247 2407 menti
273 2357 301 2406 et
325 2368 419 2406 cerere
447 2354 548 2407 viribus
576 2357 688 2420 ingenii,
727 2357 785 2422 4444,
803 2361 923 2410 sociem
939 2361 1003 2410 444444
1018 2361 1140 2412 edentia?
1156 2362 1252 2413 comio

164 2429 246 2490 odeo,
273 2431 303 2480 ut
324 2429 410 2494 quivis
432 2428 500 2480 incili
524 2443 606 2495 opere
623 2429 689 2482 telee
727 2433 811 2484 altero
835 2433 953 2498 pretim,
981 2435 1095 2498 4444444,
1127 2436 1254 2498 matidii

164 2504 292 2554 effutiat.»
326 2505 469 2554 Praetereo
492 2504 564 2554 haud
589 2505 691 2568 impro-
722 2509 863 2570 plurimum
873 2513 945 2567 esset:
963 2508 991 2558 444
1002 2510 1085 2560 ntea
1097 2512 1254 2572 praescri-

162 2575 253 2628 hobile
277 2579 319 2628 est
335 2591 350 2628 e
368 2576 500 2628 nonnullis
522 2578 690 2630 desideratos
723 2583 869 2644 ptiooom
893 2583 1086 2646 concionentpoe
1108 2585 1252 2648 praeceptio

163 2665 224 2703 esee
242 2653 269 2701 in
287 2651 395 2702 llorotio
406 2649 476 2702 seles
487 2649 545 2704 illos
556 2651 690 2704 Plautinos
728 2657 780 2707 cet.
801 2684 829 2693 -
848 2657 973 2722 Quieecee]
991 2659 1058 2710 Cum
1076 2661 1178 2710 comice
1194 2671 1253 2724 gre-

163 2738 195 2777 ec
213 2723 376 2786 Lucilianum
395 2725 441 2789 qui
458 2727 507 2790 ipsi
524 2725 597 2776 haud
611 2727 689 2778 nimie
728 2732 808 2781 vitute
832 2732 910 2782 lctus
939 2730 1113 2794 brevissime,
1144 2731 1253 2796 singulis

163 2798 318 2864 placebant,
347 2798 464 2863 ideoque
490 2798 525 2850 eb
553 2801 595 2851 liis
619 2801 690 2851 tam-
727 2818 812 2870 propo
834 2805 925 2857 verbis
946 2819 1073 2870 porceue¹
1095 2807 1250 2872 respondet.

163 2887 245 2938 quem
262 2886 392 2926 enervem
409 2873 600 2939 clumbemqne
622 2879 690 2940 po'e·
728 2881 845 2943 (4444444444
860 2881 933 2931 idem
956 2880 1012 2931 iere
1031 2883 1073 2931 est
1095 2880 1169 2943 quod
1186 2880 1253 2930 «de-

164 2951 218 3000 lum
234 2948 431 3012 reprehensum
454 2961 524 2999 esse·
561 2947 614 3000 Cir·
633 2950 687 3000 Sal·
727 2957 825 3007 sinus».
868 2951 973 3007 Terent.
998 2956 1081 3007 Andr.
1108 2955 1176 3006 Prol.
1200 2957 1250 3008 22:

164 3031 193 3092 4,
212 3031 260 3091 40,
274 3029 314 3081 43.
330 3057 358 3068 -
371 3029 466 3095 muci]
482 3030 607 3082 enendo.
621 3031 688 3096 Epp.
726 3032 836 3092 Dehinc,
853 3037 882 3082 444
898 3033 1026 3094 meant
1038 3045 1134 3095 porro,
1152 3045 1250 3094 moneo,

162 3105 688 3171 i‚l‚225:ienuideeluctupoiinotafllc.
727 3110 750 3155 et
766 3106 880 3155 4444444444
895 3106 1052 3156 Maledicere.
1074 3133 1101 3142 -
1123 3107 1252 3157 Pneem-

163 3177 462 3240 ovid.1>0nt.⁴,e‚43:
482 3179 691 3232 luciorcleelucere
727 3178 828 3243 sicet]
846 3179 899 3230 Cir.
918 3180 1016 3241 sati,
1035 3179 1066 3240 9,
1085 3179 1125 3231 ³8.
1142 3205 1167 3218 -
1184 3181 1252 3242 Opti·

161 3267 271 3305 4444444444.
290 3253 380 3303 iuven.
394 3252 476 3315 7‚el.
490 3254 627 3319 depecta:
642 3257 691 3318 oui
726 3252 810 3318 44444444]
841 3252 890 3304 ned
920 3253 1077 3305 devitandae
1098 3254 1252 3306 insectatio-

162 3329 224 3378 etiil
239 3327 381 3390 ecpoettten
398 3328 476 3378 4444444
493 3329 621 3380 (lennem.
648 3331 690 3380 Sic
727 3341 776 3379 nes
797 3328 948 3392 iniquorum
969 3340 1120 3380 meorum.»
1141 3357 1169 3367 -
1186 3331 1251 3393 erat]

164 3403 257 3454 Graeci
276 3397 385 3473 κρόκην
401 3399 546 3469 κατάγειν.
581 3405 688 3454 Lucien.
727 3402 803 3454 coni.
821 3415 847 3452 v.
867 3403 907 3453 46.
928 3403 1087 3468 -dennirel
1106 3403 1161 3465 «Si,
1180 3416 1250 3467 queo

162 3475 390 3537 Dielmeretnti,
415 3477 438 3526 4.
465 3476 691 3529 Similiterclucere
727 3477 817 3526 enimo
838 3474 941 3538 voluto,
966 3476 1090 3528 versibus
1114 3476 1251 3528 includere

163 3551 215 3600 Set.
229 3552 259 3612 4,
279 3549 320 3611 ill,
338 3549 380 3602 44.
401 3576 430 3587 -
452 3550 557 3615 nous]
575 3551 605 3602 C.
623 3553 690 3602 Tre·
726 3553 817 3613 vctor‚
836 3549 904 3602 adeo
915 3552 1060 3616 inquietor,
1073 3553 1251 3604 utincomniie

163 3623 250 3675 nntius
267 3624 359 3685 Teste.
386 3624 473 3675 iunior
491 3625 594 3677 enricus
612 3626 690 3676 Cice-
727 3623 846 3688 fatiger.»
884 3624 932 3676 nin
954 3625 1100 3691 explicent:
1129 3638 1251 3691 «nequeo

163 3699 249 3760 runis,
269 3697 325 3763 [qui
341 3697 375 3748 od
393 3698 465 3750 Fam.
478 3698 508 3760 Ἰ,
527 3701 556 3762 o,
575 3699 600 3749 3.
624 3701 691 3750 Cec-
727 3711 848 3760 cessare,
867 3701 938 3750 inere
955 3713 1042 3751 esee.»
1066 3700 1168 3751 Verum
1184 3701 1252 3750 Tre-

163 3773 217 3823 eeri
239 3771 275 3823 de
296 3785 330 3823 eo
355 3772 520 3837 spondebat,
545 3773 690 3837 probiorem
726 3772 815 3824 botius
832 3775 905 3826 corte
922 3775 1029 3840 proprie
1047 3773 1158 3836 occepit.

163 3845 300 3909 4444444444,
317 3846 445 3897 4444444444
459 3847 557 3909 omen,
574 3849 690 3910 muden-
759 3848 815 3898 7-9.
843 3847 889 3898 Ter
898 3849 967 3898 4444444
979 3846 1144 3911 4444444444]
1155 3848 1249 3911 lunge:

163 3921 252 3972 44444444
268 3933 318 3972 ecee
333 3921 464 3972 4444444444.
497 3922 598 3974 Accedit
613 3924 690 3974 44444444
728 3923 774 3973 Ter
783 3928 947 3984 immeto,
960 3934 1027 3973 non:
1043 3921 1089 3973 Ter
1098 3921 1176 3972 4444444.
1203 3922 1251 3974 llio

162 3995 239 4044 --in
255 3995 314 4046 iure
329 3995 687 4060 eumcopmemmmwrta,
726 4009 835 4061 quoque
861 3995 952 4060 legum
979 4007 1135 4047 sermonem
1164 3995 1251 4048 laceto

163 4079 261 4119 nenena
277 4067 404 4133 micetio.)
421 4068 543 4122 tribuum
560 4068 597 4135 pl.
615 4083 640 4121 e.
660 4084 686 4121 u.
726 4072 852 4122 imitetur.
887 4071 1013 4134 vegetius
1036 4069 1070 4120 de
1092 4071 1128 4121 lte
1146 4069 1200 4121 mil.
1219 4073 1249 4133 4,

164 4154 187 4193 c.
199 4143 268 4206 ton,
290 4144 400 4194 euotore
417 4145 490 4194 certe
508 4145 598 4207 Pighio
616 4145 644 4195 T.
661 4145 685 4195 3.
726 4145 773 4196 to:
798 4145 908 4196 Rmnoni
922 4149 1028 4206 ueteres,
1055 4158 1117 4208 quoe
1132 4150 1168 4196 tot
1188 4145 1252 4196 telle

164 4229 189 4280 p.
207 4215 277 4279 454,
295 4229 320 4268 e.
333 4229 360 4267 u.
374 4229 399 4268 c.
411 4216 469 4269 724.
488 4231 571 4270 senex
583 4218 689 4270 circiter
725 4223 750 4270 et
765 4219 885 4270 4444444444
904 4219 1021 4281 perinte
1040 4221 1076 4270 cri
1095 4233 1193 4271 4444444444
1213 4221 1252 4272 rei

165 4291 396 4356 septuagenarius,
416 4289 459 4343 vol
471 4291 543 4357 ipee,
561 4294 584 4344 si
595 4294 689 4345 etiem·
704 4340 709 4354 ,
724 4293 844 4345 4444444444
859 4293 1005 4347 mentm
1015 4299 1111 4357 4444444,
1129 4295 1252 4358 Corpore
