3090 4974
609 445 669 496 las
690 445 835 495 POETICA.
1201 439 1262 506 719

217 603 394 688 Interpres,
418 619 480 668 nee
501 599 633 667 desilies
657 599 795 666 imitator
817 600 848 664 in
871 607 987 673 artum,

216 721 307 788 Unde
329 721 447 809 pedem
470 721 614 808 prolerre
638 720 743 808 pudor
765 729 851 788 vetet
873 730 928 787 aut
948 721 1057 807 operis
1079 719 1139 786 lex.
1200 719 1261 785 434

239 954 295 1006 434.
314 954 405 1004 diritius
421 956 451 1006 Β.
472 981 499 990 -
520 953 576 1004 434.
595 955 690 1018 referre
707 955 739 1012 L,
758 954 787 1004 ut
805 954 902 1016 begins
919 965 989 1004 unus
1007 956 1034 1004 et
1051 955 1152 1005 Monac.
1171 967 1225 1004 sec.

209 1058 235 1065 -
253 1043 357 1093 4444444
373 1029 438 1079 Cod.
458 1031 559 1079 Monac.
579 1041 633 1079 sec.

175 1245 254 1308 Epist.
268 1244 307 1294 47.
322 1243 357 1294 de
369 1241 478 1294 Hilario:
498 1244 629 1294 44444444
643 1242 699 1304 pia·
737 1243 799 1292 tatio
817 1243 1013 1307 spectatoribus
1025 1243 1118 1296 inscita
1130 1258 1162 1296 ec
1174 1248 1260 1296 teme-

172 1320 250 1370 rimas
271 1319 298 1368 ia
323 1319 442 1368 44444444
465 1319 540 1368 uertit
560 1331 574 1368 e
591 1319 696 1379 444444,
737 1317 804 1366 rarle
820 1316 1178 1380 videntureosquelaedat.»
1197 1320 1260 1382 (bia-

172 1407 217 1443 444
232 1393 324 1444 assedit
339 1392 437 1444 litteras
453 1393 599 1442 4444444444
610 1397 633 1442 et
645 1406 697 1453 pa-
737 1389 831 1442 niiestu
848 1393 939 1442 autem
953 1393 1039 1455 prima
1051 1394 1186 1456 praecepti
1199 1407 1261 1457 pars

172 1468 388 1518 tidanutimnua
398 1469 601 1529 interpretatione
611 1480 637 1517 44
647 1472 697 1518 tor·
736 1465 786 1515 Nee
806 1465 882 1516 verbo
903 1468 954 1516 cet.
973 1465 1007 1516 ad
1031 1479 1091 1516 earn
1108 1467 1260 1520 imitationis

171 1545 216 1604 sit,
233 1544 358 1606 44444444
372 1543 697 1604 captivosaeaeasiasuam
735 1541 841 1602 partem
858 1540 983 1604 pertinet,
1003 1552 1055 1603 qua
1069 1540 1213 1602 interdum,
1232 1545 1261 1591 ut

171 1618 287 1682 44444444
301 1617 404 1667 44444444
418 1618 474 1666 iore
490 1617 650 1678 4444444444.
665 1641 693 1654 -·
736 1625 817 1676 supra
833 1613 949 1664 vidimus
966 1615 992 1664 in
1004 1613 1047 1664 illo
1058 1613 1117 1664 4444
1131 1616 1258 1684 Enniano,

170 1693 245 1742 uerbo
260 1691 373 1753 verbum]
391 1691 429 1741 Cl.
443 1690 477 1740 ad
491 1691 556 1754 Epp.
571 1692 597 1750 4,
612 1690 657 1752 49,
670 1691 694 1740 u.
736 1689 852 1753 singulos
870 1704 964 1742 versus
976 1689 1091 1741 fideliter
1102 1694 1259 1744 convertere

174 1793 201 1802 -
220 1765 320 1816 carabis
334 1763 446 1828 reddere]
465 1777 546 1823 «uec.
569 1765 591 1814 si
616 1767 694 1828 poeta
735 1765 858 1816 solebant
874 1766 971 1826 Latini,
995 1764 1077 1816 altera
1094 1778 1157 1830 pars
1174 1769 1258 1818 totum

172 1841 278 1892 44444444
296 1843 323 1890 44
340 1851 400 1890 esse
418 1840 446 1890 et
464 1840 594 1890 nominari
610 1838 695 1900 voles,
735 1839 769 1890 ad
787 1843 973 1902 argumentum
988 1842 1104 1904 spectat,
1123 1855 1155 1892 eo
1167 1841 1257 1906 modo,

172 1915 198 1965 in
215 1928 248 1965 eo
266 1914 431 1972 elaborabis,
450 1915 578 1977 utquam
596 1913 694 1964 fidelis·
735 1925 816 1976 quern
828 1915 964 1977 proposui.
980 1915 1259 1980 blinimeautempro-

171 1989 238 2039 sime
256 1991 388 2039 Graecum
403 1986 511 2051 aliquod
522 1987 659 2052 exemplar
670 1989 695 2038 in
733 1985 799 2038 bare
823 2000 933 2052 possum
955 1989 1126 2039 novissimam
1148 1989 1258 2041 Gonodii

171 2063 291 2112 Latinum
313 2065 469 2122 convertam
496 2075 559 2113 nam
583 2074 695 2126 pravum
733 2061 822 2112 mlii.
833 2062 1093 2126 interpretationem:
1107 2065 1259 2127 N'eiiezpas

171 2137 222 2186 hoc
239 2137 357 2188 studium
374 2137 456 2188 4444444
473 2137 552 2188 etiam
564 2137 696 2187 sermonis
733 2151 783 2186 444
797 2137 856 2198 plau
870 2150 933 2186 4444
946 2137 1033 2198 placer
1049 2151 1095 2188 sur
1109 2153 1145 2188 44
1161 2141 1258 2190 erema

171 2210 316 2274 elegantiae
335 2215 363 2262 et
378 2211 503 2276 pusillum
520 2212 609 2276 prodit
625 2213 696 2274 inge-
732 2214 790 2272 trop
806 2211 971 2271 dtroit,·c'est
986 2211 1005 2261 d
1021 2213 1075 2263 dire
1085 2213 1258 2276 4444444444

171 2286 270 2336 nium.»
293 2313 320 2322 —
340 2285 493 2336 Secundum
511 2285 562 2335 boe
580 2287 638 2336 erat
654 2286 695 2334 vi·
732 2283 838 2336 44444444
853 2297 903 2335 aas
919 2287 1002 2336 action
1019 2291 1075 2348 trop
1089 2288 1256 2348 4444444444,

171 2361 245 2420 tium,
264 2360 382 2424 adquod
398 2361 692 2425 444444444444444444,
733 2364 756 2408 44
776 2373 827 2421 por
851 2365 1013 2422 4444444444,
1043 2373 1093 2422 peu
1116 2362 1258 2424 4444444444

170 2447 231 2486 eum
245 2437 361 2485 Graecos
373 2435 552 2494 imitarentur;
565 2433 626 2486 vide
639 2447 696 2485 mo-
732 2433 889 2496 d'iecideatr,
913 2439 968 2497 trop
985 2436 1069 2486 4444444
1084 2449 1114 2486 44
1131 2435 1257 2500 details»)

170 2509 205 2559 do
216 2508 328 2560 Medeae
340 2509 474 2559 Ennianae
486 2508 622 2572 reliquias.
637 2509 695 2572 issu·
734 2535 762 2546 -
776 2511 913 2572 detepuit
925 2511 976 2572 444]
994 2511 1173 2576 «οἰκονομία,
1190 2511 1257 2562 ordo

169 2584 219 2648 rip.
233 2584 302 2634 bled.
313 2585 374 2634 boe:
392 2581 453 2634 Νῦν
464 2579 694 2655 retroductam
732 2595 764 2633 44
776 2583 920 2648 descriptio
932 2586 990 2635 eius
1002 2586 1161 2648 tragoediae,
1175 2599 1257 2650 quam

170 2653 276 2728 πότερα
293 2655 365 2728 πρὸς
382 2653 490 2729 πατρὸς
505 2655 624 2723 δόμους,
637 2653 694 2720 Οὓς
732 2658 888 2709 imitandam
904 2660 1056 2724 sumpsisti;
1083 2661 1256 2710 oeconomica

169 2733 218 2783 444
235 2729 384 2802 προδοῦσα
399 2733 450 2783 aad
467 2729 577 2803 πάτραν
590 2727 694 2794 ἀφικό-
732 2731 868 2794 dispositio
892 2732 1016 2782 omnibus
1037 2735 1100 2782 nota
1122 2722 1149 2782 et
1171 2748 1186 2783 a
1204 2745 1256 2797 qua

168 2822 245 2872 perper
256 2803 295 2858 Ἢ
303 2803 374 2879 πρὸς
388 2805 525 2870 ταλαίνας
534 2803 694 2868 flaccidae,-
731 2805 875 2856 deflectere
892 2805 935 2855 vix
952 2807 1067 2869 poteris,
1087 2820 1157 2867 cum,
1171 2807 1256 2858 sibae

169 2882 282 2932 Ennius:
302 2881 611 2944 roamtcmevortam?
628 2883 694 2942 quod
731 2879 819 2930 iacere
842 2878 956 2938 audeas,
981 2880 1256 2948 mutaud0,imprimis

169 2957 216 3008 iter
232 2958 353 3020 incipiam
369 2955 490 3020 ingredi?
519 2957 629 3006 44444444
643 2969 693 3018 44-
730 2947 937 3023 καταστροφὴν
949 2955 1029 3016 atque
1041 2956 1139 3005 exitum
1152 2957 1257 3020 sapien·

169 3032 317 3082 4444444444
333 3044 399 3081 anae
409 3031 535 3081 adPeiioe
543 3030 629 3095 4444444
640 3031 693 3080 Βο-
731 3031 771 3079 ter
780 3041 795 3077 4
805 3031 906 3078 Graeco
914 3030 993 3092 po'etn
1005 3029 1186 3091 constitutum,
1200 3033 1256 3082 sta-

169 3107 214 3157 tbe
226 3121 251 3170 p.
264 3106 316 3170 44.)
329 3135 356 3144 -
369 3105 692 3171 444444444484444444444
730 3103 777 3154 tim
795 3115 889 3152 omnes
906 3103 1029 3166 imperite
1051 3106 1077 3154 te
1095 3105 1183 3167 egisse
1200 3105 1256 3156 cla-

170 3180 405 3232 vldeturlabellam
413 3179 599 3245 Aesopiamda
612 3195 693 3246 capra
731 3179 830 3228 ment.»
863 3175 997 3241 (Plerique
1015 3179 1102 3229 minus
1120 3183 1209 3242 reete,
1226 3183 1257 3230 ut

169 3258 196 3306 in
213 3259 322 3320 puteum
335 3255 482 3306 desilianie.
498 3257 531 3305 ·V.
543 3256 642 3306 desilire
652 3257 693 3306 te·
730 3253 833 3316 opinor,
852 3265 877 3300 v.
891 3252 973 3312 operis
989 3265 1042 3301 non
1057 3251 1091 3302 de
1103 3265 1155 3302 una
1168 3251 1255 3318 aliqua

168 3331 320 3380 maritalem
336 3329 395 3380 tulis
412 3330 511 3394 incepti
527 3331 610 3380 notat.
626 3331 693 3380 -ia
730 3325 878 3389 tragoedia,
898 3325 946 3376 sed
963 3325 997 3376 da
1015 3327 1139 3377 univerae
1156 3339 1255 3390 genera

167 3404 607 3469 artam1uibueian.llerm0t.63:
626 3419 693 3456 444-
729 3401 829 3462 tragice
847 3403 989 3463 exponunt.
1018 3399 1110 3451 lielius
1128 3401 1181 3451 iam
1198 3399 1253 3451 alii:

168 3475 295 3530 siadvew
318 3477 351 3540 ἐς
377 3475 488 3528 στενόν.
526 3479 582 3529 4444
610 3479 690 3530 dicit:
732 3488 762 3524 ua
773 3477 799 3524 te
812 3474 910 3538 incepti
922 3475 1010 3538 operis
1021 3475 1198 3538 institutum‚a
1219 3477 1257 3528 aie

169 3556 215 3604 «Si
240 3556 266 3604 in
287 3553 370 3605 rebus
392 3568 423 3604 ee
443 3555 630 3624 περιπετείαις
649 3555 691 3618 (da
727 3549 790 3612 4444
802 3549 1051 3614 4444444444444·
1073 3549 1191 3613 (decedi,
1206 3552 1255 3602 nisi

168 3628 258 3680 verbis
275 3630 353 3679 antea
370 3629 521 3692 monuerat)
547 3631 636 3680 statim
658 3628 691 3678 ab
730 3623 804 3688 quod
827 3637 889 3674 mea
910 3623 1093 3688 interpretatio
1115 3625 1199 3686 banc,
1225 3629 1255 3676 ut

168 3703 240 3754 initio
257 3703 335 3755 nimis
353 3704 378 3752 te
396 3700 571 3766 applicaveris
587 3705 693 3767 tragos·
730 3699 852 3764 apparet,
880 3699 906 3747 in
932 3711 962 3748 se
983 3699 1117 3762 recipiens
1140 3698 1254 3750 cundem

168 3778 228 3828 diue
253 3775 331 3826 alicui
352 3777 484 3838 Graecae,
512 3779 536 3826 te
560 3778 692 3829 coartabis
730 3775 879 3827 accuratius
890 3773 996 3835 delinit,
1010 3775 1139 3824 rationem
1151 3773 1254 3826 habens

168 3853 225 3917 ipse
250 3854 277 3902 et
299 3851 375 3914 quasi
392 3848 496 3900 vincula
513 3849 560 3900 tibi
578 3851 690 3910 iniicies;
730 3851 810 3900 etiam
836 3849 929 3899 Graeci
955 3847 1128 3914 exemplaris,
1155 3849 1252 3912 quale,

168 3939 200 3978 ex
214 3939 267 3990 quo
280 3923 338 3984 liet,
358 3926 387 3974 ut
398 3936 460 3974 mor
471 3924 594 3987 proprius
606 3924 693 3988 pudor
729 3927 919 3988 praeterquam
941 3925 968 3974 in
987 3924 1174 3988 praetextatis,
1199 3925 1254 3975 sin-

167 4004 193 4051 te
214 3999 353 4064 impediat,
376 4011 410 4048 ne
433 3996 541 4048 liberius
558 3997 691 4048 interdum
729 3997 795 4062 gulis
812 3999 838 4046 in
851 3997 993 4070 tragoediis
1005 3997 1187 4061 sequebantur
1199 4002 1254 4050 tra-

167 4076 326 4139 exspaiiere.
353 4073 415 4124 Tuis
432 4073 504 4122 enim
521 4073 578 4134 ipse
592 4070 692 4121 viribus
730 4072 883 4134 gieiLatini.
909 4072 996 4134 Operis
1013 4073 1254 4135 ergoieeesteoi-

168 4147 230 4198 nibil
248 4147 386 4198 conlidens
404 4159 456 4196 non
474 4144 587 4196 audebis
603 4157 691 4208 nequa
730 4145 855 4208 κονομία
880 4147 909 4194 44
930 4145 1089 4209 exemplaris
1112 4148 1205 4197 Graeci
1227 4149 1254 4198 et

168 4222 268 4272 addere
286 4220 433 4284 quidquam
451 4232 501 4270 nec
518 4218 629 4270 demere
641 4232 692 4270 nee
731 4217 882 4270 imitationis
900 4219 974 4280 tuae,
993 4217 1056 4268 illud
1068 4220 1146 4270 nimis
1158 4233 1252 4285 presse

168 4299 286 4358 mutare,
306 4295 412 4358 timens,
425 4295 581 4359 aequaevis
594 4295 692 4346 immu—
730 4291 903 4357 sequentis»)
