3192 4974
655 427 716 478 lie.
734 429 753 478 l.
793 429 890 480 Enisr.
909 431 939 479 ll.

296 582 410 650 Iliacos
433 584 515 648 intra
538 603 648 650 muros
670 594 824 671 peccatur
847 594 880 651 et
901 595 1000 652 extra.

295 708 433 783 Rursus,
456 705 536 794 quid
557 706 659 775 virtus
682 715 713 772 et
735 704 815 794 quid
837 706 995 794 sapientia
1017 708 1131 795 possit,

294 826 376 896 Utile
398 827 567 916 proposuit
588 825 682 892 nobis
705 827 869 915 exemplar
891 827 1017 906 Ulixen,
1155 797 1163 818 ⁸

295 949 357 1028 Qui
380 948 519 1016 domitor
541 949 654 1014 Troiae
676 947 850 1015 multorum
871 949 1027 1037 providus
1049 951 1149 1018 urbes

294 1072 333 1137 Et
353 1090 462 1137 mores
485 1070 650 1137 hominum
671 1070 823 1158 inspexit,
846 1069 1011 1161 latumque
1032 1093 1093 1160 per
1114 1093 1252 1163 aequor,
1296 1076 1338 1140 20

294 1194 379 1258 Dum
401 1192 478 1268 sibi,
501 1190 579 1258 dum
600 1192 697 1258 sociis
720 1191 859 1259 reditum
880 1203 986 1281 parat,
1015 1215 1131 1282 aspera
1153 1183 1252 1262 multa

293 1313 441 1391 Pertulit,
465 1312 611 1380 adversis
635 1334 744 1380 rerum
766 1313 992 1382 immersabilis
1014 1315 1120 1382 undis.

317 1551 357 1600 ⁴7.
384 1551 492 1600 liwnrm
509 1561 570 1599 cnm
588 1561 628 1613 pr.
647 1565 666 1598 κ
687 1547 830 1601 Bentleius.
860 1579 887 1588 -
916 1552 955 1601 t8.
985 1549 1073 1602 illinon
1094 1563 1188 1605 omnes
1205 1555 1259 1606 mei
1276 1553 1304 1606 el

282 1625 411 1685 Pettierii,
430 1626 495 1676 item
511 1622 646 1676 Bentleius
664 1627 691 1676 et
707 1625 740 1675 0:
761 1625 868 1689 Ulyssem
884 1627 949 1689 net,
970 1629 1066 1679 uttam
1083 1629 1134 1680 Fu.
1157 1656 1182 1667 -
1202 1631 1243 1681 ἥ.
1262 1631 1304 1680 in-

281 1698 499 1750 rmrsobttisbse.

248 1905 358 1957 abduxit
370 1919 420 1958 neo
432 1909 522 1959 tamen
534 1919 595 1957 eam
612 1907 703 1970 tetigit.
727 1907 773 1958 ui·
810 1919 862 1956 uon
880 1905 1006 1958 debebat.
1030 1935 1057 1946 -
1073 1907 1134 1958 little
1146 1933 1183 1946 --
1194 1910 1334 1977 eventplor]

248 1995 297 2032 nus
309 1985 384 2034 reete
395 1979 514 2034 nonnulli
525 1995 550 2032 v.
560 1983 625 2032 tune
636 1981 670 2032 ad
682 1981 772 2032 Aehil-
810 1981 934 2043 «dignum
952 1980 1197 2046 quodimitemur.»
1226 1985 1334 2036 Siciam

246 2055 299 2108 iem
318 2055 477 2107 rettulerunt
496 2059 605 2121 propter
625 2054 672 2106 0d,
688 2057 719 2116 2,
740 2055 769 2118 A,
808 2053 959 2106 Alcidamas
976 2057 1156 2120 reprehensus
1173 2060 1283 2123 propter
1300 2059 1333 2110 fl·-

246 2130 274 2180 3:
301 2132 393 2180 Briseis
408 2133 480 2181 nium
497 2132 579 2181 colore
595 2131 674 2182 Movit
689 2131 771 2181 Aelii·
807 2141 890 2192 gurae
923 2129 1090 2182 insolentiam
1123 2131 1157 2180 ah
1192 2132 1332 2184 Aristotele

245 2205 307 2266 len,
326 2207 353 2256 et
368 2204 442 2255 lliad.
455 2221 480 2267 ι,
500 2205 567 2266 dli„
586 2203 768 2257 ubiAehilles:
807 2203 882 2254 anet.
896 2205 926 2264 3,
939 2205 970 2266 3,
988 2205 1013 2257 l.
1042 2198 1333 2269 τὴνὈδύσσειανκω-

244 2276 299 2348 ἐγώ
324 2277 378 2346 τήν
395 2275 445 2330 Ἐκ
462 2273 560 2345 θυμοῦ
582 2277 685 2342 φίλεον
701 2277 769 2331 doo—
806 2273 858 2328 λὸν
880 2271 1063 2351 ἀνθρωπίνου
1084 2279 1152 2340 βίον
1169 2279 1332 2355 κάτοπτρον

243 2353 380 2426 ρικνητήν
397 2371 450 2426 nep
466 2350 583 2407 ³ioooem
612 2356 767 2406 Vemmhie
806 2353 960 2417 appellarat.
977 2383 1004 2392 -
1023 2356 1087 2406 Mire
1104 2357 1253 2410 Wakefield
1270 2358 1332 2409 iun·

243 2444 350 2495 quoque
376 2431 517 2495 respicitur
541 2429 628 2480 iliadis
655 2431 766 2481 initium.
805 2430 854 2479 xit:
880 2431 941 2492 quid
956 2431 1016 2481 utile
1030 2432 1115 2492 possit.
1137 2459 1165 2468 -
1184 2434 1233 2495 Qui
1249 2433 1332 2484 domi-

244 2533 272 2543 -
290 2506 352 2570 urit]
370 2509 400 2556 ut
417 2505 512 2556 similia
529 2505 642 2570 (ardere,
660 2505 765 2566 semera,
804 2505 918 2566 torret]
936 2505 1031 2556 Libere
1044 2507 1070 2556 in
1086 2508 1209 2558 Latinum
1220 2520 1332 2558 conver·

242 2582 417 2647 inflammare,
435 2582 578 2641 incertiore,
596 2581 719 2644 doprore)
732 2580 766 2629 de
804 2578 835 2627 tit
851 2579 988 2641 Odysseae
1007 2579 1158 2643 exordium,
1186 2585 1216 2632 ut
1237 2595 1330 2634 rursus

241 2654 363 2706 violentis
397 2656 477 2706 animi
510 2653 765 2719 perturbationibus.
804 2651 1044 2704 eliminaret:
1072 2655 1120 2704 Dte
1142 2657 1216 2718 mut,
1239 2657 1328 2719 Alma,

241 2729 294 2780 sat.
317 2732 346 2790 t,
371 2731 400 2792 9,
425 2731 474 2780 66:
499 2742 582 2780 matu·
602 2730 673 2778 tecte
692 2741 767 2778 orere
802 2729 898 2790 virum,
925 2734 1015 2791 captae
1028 2734 1085 2791 poet
1106 2735 1221 2792 tempora
1240 2731 1329 2782 Troiae

241 2804 308 2867 bnis,
327 2805 415 2869 «quod
432 2804 547 2855 verbum
562 2803 596 2854 de
608 2803 766 2854 ardentissi-
804 2803 852 2866 Qui
867 2816 949 2852 mores
971 2803 1099 2853 tomtnam
1114 2803 1251 2854 matonam
1266 2805 1330 2856 vidit

241 2893 301 2941 mo,
336 2881 381 2943 qui
409 2880 547 2931 homiuem
576 2880 692 2938 cruciat,
722 2877 764 2928 vel
802 2883 825 2928 ei
841 2876 922 2927 urbes.
937 2904 965 2914 -
980 2877 1111 2941 prouidus]
1127 2878 1274 2941 respondet
1284 2877 1329 2930 ali-

240 2968 332 3006 amore
354 2953 396 3005 vel
418 2957 457 3005 ira
475 2956 644 3018 usurpatur.»
672 2955 762 3003 Onera.
802 2953 934 3015 quatenus
950 2948 1282 3022 vocabulorrolrlsponog.
1299 2981 1327 2990 -
1421 2963 1424 2968 ·

239 3029 399 3080 Doederlein
411 3029 505 3092 speon.
518 3029 560 3079 IV.
572 3043 597 3094 p.
608 3027 670 3079 air:
690 3041 765 3078 «cru-
800 3028 834 3077 Et
849 3040 931 3076 morea
941 3051 956 3062 -
967 3026 1084 3088 inspexit]
1102 3027 1152 3078 καὶ
1163 3023 1233 3076 νόον
1243 3021 1326 3094 ἔγνω.

239 3105 292 3155 ciat
309 3103 424 3168 ideoque
442 3105 551 3154 irritat.»
567 3129 594 3140 -
612 3103 762 3166 plectuntor]
802 3103 859 3152 Non
881 3102 923 3151 est
943 3099 1099 3165 simpliciter
1121 3101 1260 3165 «videre,»
1278 3103 1327 3155 sed

239 3191 355 3244 «poenas
367 3179 467 3236 luunt»,
483 3179 676 3244 pleettproprie
691 3191 765 3228 aver·
803 3187 980 3239 «cognoscere
1006 3176 1086 3238 atque
1112 3178 1237 3226 aoeurate
1260 3189 1325 3226 exa·

237 3253 349 3305 heribus
372 3255 485 3318 puniri.»
514 3255 568 3304 sai.
587 3255 617 3315 2,
645 3255 673 3315 7,
701 3253 762 3304 ⁴05:
802 3251 933 3300 minare·
954 3277 981 3286 -
1000 3250 1129 3312 hiatuque
1149 3263 1198 3312 per
1222 3251 1326 3316 aequor]

238 3329 316 3393 Terpo
330 3329 433 3391 plector.
456 3357 483 3365 —
500 3328 594 3393 dolavi]
616 3329 682 3378 Miro
698 3339 764 3377 acu·
801 3325 844 3376 ἐπ’
855 3317 940 3395 εὐρέα
951 3320 1028 3374 νῶτα
1038 3322 1201 3391 θαλάσσης.
1218 3353 1245 3362 -
1257 3327 1327 3376 Daan

237 3405 310 3454 mine
326 3405 378 3454 hoo
394 3417 453 3454 voc.
463 3404 571 3467 populos
586 3404 711 3454 universe
729 3405 765 3453 si·
800 3400 847 3450 sibi
863 3401 926 3464 oet]
941 3393 1109 3471 Ἀρνύμενος
1127 3395 1164 3466 ἧν
1180 3415 1211 3451 re
1221 3395 1327 3466 ψυχὴν

236 3478 355 3542 gnificari
367 3491 455 3542 eoque
465 3480 546 3529 etiam
559 3479 680 3528 Troianos
690 3491 763 3528 com-
800 3475 849 3526 καὶ
866 3471 972 3525 νόστον
984 3473 1113 3546 ἑταίρων.
1126 3502 1153 3512 -
1163 3475 1328 3539 asperam

235 3553 368 3619 prehendi
379 3556 454 3604 ratus
465 3556 508 3606 est
519 3554 762 3613 Daoierius3immo
799 3555 827 3599 ta
848 3549 960 3614 Potuit]
983 3546 1075 3600 πολλὰ
1096 3548 1120 3600 d’
1136 3541 1179 3617 ὃν
1202 3548 1233 3602 ἐν
1255 3545 1326 3600 πόν-

235 3630 316 3691 poeta
332 3629 442 3691 respicit
461 3626 639 3692 pestilentiam
656 3627 761 3678 Achivis
798 3637 838 3690 τῳ
864 3620 957 3674 πάθεν
975 3617 1072 3692 ἄλγεα.
1094 3653 1121 3663 -
1142 3623 1325 3688 ῑηνηονεαὺίὶὶε]

235 3701 270 3751 ab
296 3700 416 3766 Apolline
440 3703 551 3766 propter
576 3702 699 3764 Chrysen
726 3701 761 3752 ab
800 3712 898 3763 «quem
921 3712 965 3749 ree
986 3699 1117 3750 adversae
1140 3700 1283 3762 damarum
1298 3699 1325 3750 iu

235 3779 435 3839 Agamemnone
458 3777 589 3827 reiectum
616 3777 684 3826 irato
710 3776 762 3825 im·
798 3770 989 3844 δυσχείμερόν
1013 3789 1046 3844 γε
1067 3771 1190 3839 πέλαγος
1214 3767 1325 3844 ἀτηρᾶς

234 3853 345 3902 missam
369 3853 528 3914 ceterasque
546 3850 710 3902 calamItates
729 3863 761 3899 ex
798 3843 871 3914 δύης
888 3847 1019 3912 (Aeschyi.
1033 3850 1121 3898 From.
1135 3848 1213 3910 nist,
1232 3850 1325 3913 oppri-

233 3937 328 3988 regum
346 3926 383 3975 ira
401 3927 483 3976 ortas.
798 3937 873 3975 mere
886 3935 1023 3987 nunquam
1040 3925 1209 3988 potuerunt.»
1235 3923 1283 3974 0d.
1296 3923 1322 3985 A,

267 3999 355 4048 47-26.
385 3999 487 4063 liureio}
513 3999 652 4062 Antiquior
676 3997 761 4048 forma
799 3997 830 4057 i,
849 3998 894 4046 65:
924 3998 1017 4047 Mereor
1028 3997 1170 4060 moriendo:
1192 3998 1324 4059 pulchrior

233 4070 762 4137 estrursaan,nama11eraapudPlau-
798 4072 873 4122 exiet
903 4070 1108 4134 Pindrytns,
1127 4071 1173 4122 80:
1198 4067 1323 4133 ἀβάπτι-

233 4159 291 4207 tum
320 4160 374 4197 non
401 4149 543 4212 reperitur.
584 4147 671 4211 Reisig
703 4148 760 4198 Lot.
800 4142 870 4208 στός
887 4145 959 4210 εἰμι,
977 4141 1084 4207 φελλὸς
1094 4139 1134 4207 (ὃς
1146 4139 1217 4218 ὑπὲρ
1228 4140 1321 4218 ἕρκος,

231 4221 364 4284 Sprecmo.
374 4235 401 4286 p.
411 4223 470 4272 tii.
489 4221 542 4272 Sed
553 4221 597 4271 hie
609 4223 762 4272 certecou-
788 4211 903 4285 ἅλμας.
929 4217 1043 4270 Achilles
1060 4221 1116 4270 Tat.
1134 4220 1158 4272 3.
1176 4235 1203 4287 p.
1221 4223 1261 4272 68.
1279 4224 1323 4273 ia-

232 4299 273 4350 tra
281 4297 396 4361 optimos
406 4296 490 4348 Codd.
501 4295 599 4347 intrudi
610 4309 625 4346 a
638 4295 755 4347 Bentleio
801 4295 879 4345 oobs:
893 4289 996 4358 πλήθει
1006 4291 1203 4360 βαπτισθῆναι
1214 4293 1320 4348 κακῶν.
