3082 4968
564 425 624 475 ara.
642 425 662 474 1.
698 427 766 476 sar.
785 427 827 476 vr.
909 505 912 512 Ι
1186 429 1248 496 lit

205 583 283 648 Esse
305 582 338 646 in
360 580 537 648 amicorum
560 603 705 650 numero.
750 583 898 670 Magnum
920 582 982 652 hoc
1004 607 1065 674 ego
1089 587 1190 665 duco,

120 777 124 783 ,
206 703 300 784 Quod
322 702 429 792 placui
451 703 523 780 tibi,
547 705 603 792 qul
627 705 711 792 turpi
734 705 878 772 secernis
901 705 1086 786 honestum,

204 828 272 893 Non
295 836 387 915 patre
401 825 591 914 praeclaro,
614 826 673 894 sed
695 829 759 894 vita
781 839 813 894 et
834 841 966 918 pectore
988 851 1080 918 puro.

203 949 297 1037 Atqui
320 950 349 1014 si
370 949 455 1015 vitiis
477 948 698 1016 mediocribus
720 971 758 1018 ac
780 971 853 1019 mea
874 953 987 1039 paucis
1209 957 1249 1020 65

204 1071 360 1138 llendosa
381 1081 432 1138 est
453 1081 580 1150 natura,
605 1070 724 1160 alioqui
748 1083 850 1151 reeta,
875 1073 962 1140 velut
983 1076 1011 1140 si

203 1193 341 1282 Egregia
364 1194 530 1282 inspersos
552 1193 773 1284 reprehendas
796 1215 933 1284 corpore
956 1217 1092 1274 naevos

203 1316 236 1382 Si
259 1335 369 1403 neque
393 1316 559 1382 avaritiam
581 1337 689 1405 neque
712 1317 827 1385 sordes
849 1329 904 1384 aut
926 1319 1009 1386 mala
1030 1317 1130 1386 lustra

201 1437 345 1506 Obiiclct
366 1460 444 1506 vere
466 1439 640 1527 quisquam
662 1439 753 1518 mihi,
777 1462 879 1529 purus
901 1451 934 1508 et
954 1442 1065 1510 insons
1084 1481 1127 1492 —

199 1560 242 1628 iit
261 1581 316 1626 me
340 1558 522 1627 collaudem
542 1598 586 1609 —
607 1563 634 1626 si
659 1573 691 1627 et
712 1563 786 1628 vivo
808 1583 904 1630 carus
927 1564 1053 1630 amicis:
1210 1565 1251 1630 70

227 1788 268 1838 62.
287 1789 342 1853 ego]
360 1787 421 1837 aubi
437 1801 464 1852 p.
485 1813 512 1824 -
533 1787 574 1840 64.
592 1790 660 1840 vitae
671 1795 773 1852 pectore
789 1792 815 1841 in
833 1803 926 1842 rasura
943 1790 971 1841 b.
992 1821 1020 1828 -
1039 1792 1079 1841 65.
1100 1798 1144 1841 aut
1160 1805 1217 1842 rrrea

186 1877 219 1928 p,
236 1867 292 1913 tres
310 1863 436 1914 Pettierii.
457 1891 484 1900 -
503 1863 544 1914 66,
563 1865 676 1926 attoqar'n
693 1863 757 1915 bSd.
778 1893 805 1902 —
825 1865 865 1917 67.
885 1867 1012 1928 inspersos
1028 1865 1047 1916 b
1068 1869 1094 1916 et
1111 1879 1179 1917 corr.
1199 1867 1216 1915 d

189 1938 328 2001 (inspersos
352 1950 393 2001 pr.
421 1937 456 2000 d).
486 1965 514 1974 -
539 1940 678 2000 reprendas
702 1940 755 1990 LCt
780 1943 808 1990 et
831 1939 973 1991 Bentleius.
996 1968 1023 1977 -
1042 1942 1083 1992 68.
1102 1955 1133 1991 ae
1149 1943 1220 1991 mala

188 2013 283 2078 bScdp
301 2016 329 2064 et
346 2026 440 2065 omnes
458 2015 590 2076 Patienti,
613 2017 657 2074 Lt,
678 2029 723 2064 aec
743 2015 815 2064 mata
835 2029 866 2064 ex
885 2015 950 2065 Ced.
969 2014 1060 2065 Bland.
1080 2017 1218 2080 antiquiss.

190 2089 223 2138 C.
244 2089 299 2150 (cat
317 2087 431 2140 debetur
448 2090 544 2139 aaroni
562 2081 743 2154 manuscripto
761 2102 803 2153 ap.
828 2089 912 2140 Bentl.
936 2093 963 2140 et
990 2090 1097 2141 editioni
1123 2092 1216 2141 Venet.

190 2162 276 2227 4490.)
297 2191 324 2199 -
344 2164 384 2213 70.
398 2164 486 2213 aciae
497 2169 520 2214 et
532 2164 625 2226 LC.(Ut
642 2177 705 2226 nos,
724 2163 834 2228 bScdp.)

154 2376 202 2412 ren
217 2361 394 2411 ammaon.
426 2361 469 2410 Sic
480 2358 564 2411 Plant.
576 2359 644 2410 ilud.
657 2359 683 2422 4,
722 2373 784 2412 rum
809 2361 911 2412 adibus
937 2362 1040 2414 aditum
1066 2377 1249 2429 expugnasse,

155 2437 186 2496 2,
206 2435 254 2487 29:
281 2435 380 2497 Oppida
396 2436 492 2486 circaea
507 2433 631 2485 aecmbor.
654 2462 682 2472 -
722 2437 753 2484 ut
778 2435 866 2486 iacere
892 2435 943 2487 sibi
969 2443 1146 2502 proposuerat
1169 2440 1250 2490 bomo

155 2512 310 2562 Saturam
329 2537 345 2547 -
361 2537 377 2548 -
396 2509 508 2571 caballo]
533 2509 682 2570 Saturium,
721 2508 765 2561 ille
782 2511 951 2575 importunus
963 2513 1017 2562 Set.
1031 2513 1059 2574 t,
1078 2513 1106 2574 9,
1125 2515 1171 2565 ts:
1189 2519 1251 2565 tem-

156 2587 264 2637 Horatio
280 2586 439 2645 sacrosan,
463 2586 531 2634 teste
548 2583 684 2649 Stephana
718 2599 786 2648 pora
797 2599 937 2648 quaeram·
956 2588 1095 2638 Oewrrarn
1110 2589 1137 2637 ia
1154 2589 1250 2648 trivia·

155 2661 219 2724 Byz.
238 2661 309 2710 inv.
328 2655 483 2731 Zaca‘peov:
509 2653 591 2730 χώρα
610 2656 685 2724 πλη·
721 2663 851 2712 dedecora.
872 2686 901 2700 -
923 2663 1162 2725 tupi-toreama]
1186 2676 1248 2727 gen.

155 2737 222 2786 ator
239 2734 402 2806 Τάραντος,
428 2730 463 2785 τὸ
485 2729 602 2786 ethezea
626 2734 684 2788 Σα-
722 2749 807 2788 masc.
827 2761 856 2774 -
875 2738 918 2787 sed
933 2737 988 2788 vita
1003 2742 1027 2788 et
1047 2742 1151 2799 pectore
1171 2737 1249 2804 prere]

155 2815 270 2883 τυρτνος
291 2811 342 2861 καὶ
363 2806 513 2881 seraper.
549 2811 683 2860 Memora·
722 2823 833 2862 «varum
850 2811 911 2875 quia
929 2812 956 2861 in
973 2824 1019 2863 me
1036 2813 1094 2876 ipso
1117 2825 1249 2875 agnosce-

157 2886 269 2936 turriam
286 2887 314 2936 in
331 2883 440 2936 oraculo
457 2882 603 2935 Phalantho
621 2883 683 2935 dato
721 2884 770 2937 bas
788 2887 914 2936 civitam
930 2899 1026 2950 puram
1044 2889 1071 2935 et
1086 2889 1182 2949 pectus
1197 2899 1248 2950 pu-

156 2960 226 3024 apud
242 2958 331 3014 strab.
351 2959 375 3021 6,
394 2959 419 3020 3,
433 2960 461 3010 2:
479 2955 622 3029 Σατύριόν
638 2973 684 3008 τοι
720 2973 791 3011 ram.
835 2962 877 3011 esi
902 2959 976 3024 quod
993 2961 1063 3012 inest
1080 2961 1246 3022 discrimen,

155 3031 233 3086 δῶκα
258 3030 393 3106 Τάρσπά
416 3048 448 3084 τε
476 3035 563 3084 πίονα
588 3029 683 3099 δῆμον
719 3036 772 3085 rita
790 3035 825 3086 ad
837 3036 998 3086 exteriorem
1009 3047 1116 3086 morum
1127 3037 1248 3100 speciem

156 3107 288 3176 Οὰῆσαι.
325 3109 436 3160 Videtur
461 3110 543 3162 inisse
569 3123 682 3174 campus
720 3111 800 3172 atque
818 3109 1040 3160 existimationem
1057 3110 1187 3173 pertinet,
1203 3123 1247 3171 pe·

155 3198 284 3237 amoenus
302 3198 334 3234 ac
356 3182 447 3236 fertilis
469 3197 553 3249 prope
579 3185 680 3236 Taren-
718 3189 772 3234 otta
783 3184 870 3247 potius
881 3182 916 3233 ad
928 3195 999 3244 eam,
1018 3195 1100 3246 quam
1112 3196 1160 3234 nos
1173 3197 1245 3234 nunc

155 3263 225 3322 tum,
243 3260 291 3310 ubi
307 3259 473 3324 procedente
486 3263 608 3323 tempore
620 3272 682 3310 con·
718 3269 847 3308 vocamus
869 3258 971 3309 «vitam
994 3257 1160 3318 internam»,
1183 3259 1246 3310 iuti-

156 3334 237 3386 dibam
264 3336 306 3386 est
330 3334 458 3399 oppidum
484 3333 564 3385 bodie
587 3334 681 3385 Satara
719 3346 794 3383 mum
811 3333 944 3392 animum,
968 3331 1081 3382 aliorum
1097 3331 1180 3384 acuis
1197 3333 1246 3384 mi-

155 3409 255 3460 dietom
279 3408 377 3473 (media
400 3407 478 3472 longa
502 3411 612 3473 propter
633 3422 681 3459 ac-
718 3421 768 3460 nus
789 3407 949 3472 expositum.

155 3483 439 3546 centumGraecuml,
458 3483 600 3534 andelam
617 3485 681 3534 Ser·
751 3481 839 3534 68-74.
868 3495 947 3544 aeqrre
963 3507 978 3518 -
994 3495 1073 3544 aeque
1090 3507 1104 3520 -
1121 3482 1176 3547 cat]
1202 3483 1244 3534 Sic
1350 3503 1354 3508 ·

155 3559 210 3608 vius
231 3558 267 3608 ad
288 3559 385 3617 Ge.2,
408 3558 471 3608 497:
500 3559 635 3608 Tarentum
658 3563 682 3608 et
718 3556 807 3618 0d.3,
828 3557 872 3618 42,
892 3558 915 3607 l.
935 3556 1028 3619 Mil,
1048 3558 1072 3607 o.
1102 3558 1198 3617 sati,
1218 3558 1243 3619 9,

154 3632 473 3682 saraiamoieiaaesaat
492 3633 626 3684 Calabriae
642 3635 681 3684 ei-
717 3631 758 3682 et.
788 3633 818 3692 2,
846 3633 875 3692 4,
903 3632 942 3682 43.
975 3633 1006 3692 2,
1032 3633 1061 3692 i,
1089 3633 1135 3682 2²:
1165 3643 1245 3691 aeque

154 3708 247 3758 ames.
269 3735 297 3744 -
316 3721 382 3758 aceo
395 3712 453 3769 poet
467 3708 557 3773 meaa]
576 3707 681 3759 Scilicet
717 3711 800 3756 osaea
816 3708 867 3757 Nec
878 3720 967 3756 scam
978 3706 1165 3769 aut--tagoia
1188 3705 1241 3756 Cir.

154 3781 224 3834 Bruti
242 3781 380 3832 tribunum
403 3784 552 3833 accuratius
575 3785 681 3848 perspi·
717 3782 794 3833 Hand
818 3783 894 3833 Turs.
914 3784 944 3832 11.
963 3795 990 3846 p.
1009 3781 1058 3831 536
1075 3793 1136 3844 sqq.
1158 3781 1242 3830 Haase

155 3869 214 3906 cere
236 3855 320 3908 voluit
342 3857 483 3908 Maecenas
506 3861 587 3921 atque
610 3856 680 3909 olom
717 3857 751 3908 ad
768 3858 855 3920 Reisig
871 3858 926 3906 Lat.
943 3856 1073 3919 Spraoitw.
1091 3868 1118 3919 p.
1132 3853 1189 3905 liii.
1211 3879 1239 3892 -

155 3932 282 3996 experiri,
302 3934 392 3982 utrum
412 3933 436 3982 ei
454 3931 591 3982 fidendum
607 3935 681 3983 esset
716 3932 808 3997 rades]
826 3933 992 3994 sctmatsiger
1014 3931 1084 3980 Geir.
1105 3957 1133 3966 -
1153 3929 1242 3994 tratre]

155 4019 250 4067 necue,
270 4007 370 4070 quique
388 4007 497 4058 omnino
515 4009 606 4057 esseut
623 4007 679 4058 eius
715 4008 814 4059 oreada
830 4009 886 4057 bea
901 4005 984 4070 (Plaut
1001 4005 1079 4056 Cure.
1094 4002 1118 4065 4,
1136 4004 1162 4068 2,
1180 4005 1243 4068 it),

154 4093 242 4133 mores
257 4083 339 4145 atque
357 4080 501 4144 ingenium.
537 4082 679 4131 Praeterea
715 4081 867 4146 lupanaria,
886 4080 1015 4140 fornices,
1032 4077 1243 4129 adolescentium
1325 4121 1327 4124 .

153 4157 283 4220 significet
312 4159 400 4208 semet
430 4157 518 4220 ipsum
548 4157 680 4220 patienter
715 4156 883 4222 perditorum
911 4152 1099 4218 receptacula,
1129 4153 1176 4217 qui
1205 4151 1243 4202 ibi

154 4233 340 4296 exspectasse,
366 4229 453 4282 donec
470 4243 564 4282 rursus
581 4231 679 4282 admit·
716 4245 768 4283 non
791 4229 878 4282 solum
903 4227 1002 4280 libidini
1027 4226 1240 4288 satisfaciebant,

153 4307 264 4368 teretur,
283 4318 373 4370 neque
389 4304 679 4360 verosolitisadulato-
715 4305 764 4356 sed
790 4305 870 4354 etiam
902 4302 1087 4355 heluabantur.
1129 4303 1241 4365 Propter
