3116 4968
212 389 276 458 238
591 345 921 446 uomrnsnrunnuri

255 549 398 618 Primum
412 569 487 614 nam
501 548 677 637 inquiram,
701 546 780 636 quid
793 547 834 614 sit
847 548 973 616 furere:
997 547 1059 616 hoo
1073 548 1101 614 si
1117 549 1178 618 erit
1192 549 1222 616 in
1238 559 1269 615 te

256 671 348 750 Soio,
371 649 544 748 nii'verbi‚
567 689 685 758 pereas
707 669 786 758 quin
807 669 945 748 sortiter,
969 669 1096 738 addam.

256 795 361 874 Quem
382 791 467 860 mala
488 790 619 858 stultitia
640 801 673 858 et
693 811 922 879 quemcunque
944 791 1069 859 inscitia
1089 793 1159 858 veri

257 916 397 984 Caecum
419 914 496 1001 agit,
521 913 668 980 insanum
690 912 862 1001 Chrysippi
883 911 1028 999 porticus
1050 922 1083 979 et
1103 933 1182 1000 grex

255 1038 413 1103 hummat.
448 1037 537 1102 Haec
551 1033 704 1124 populos,
721 1033 803 1101 haec
816 1054 952 1122 magnos
963 1032 1100 1102 formula
1111 1054 1208 1122 reges
1255 1038 1296 1100 45

255 1160 396 1248 Excepto
419 1157 564 1245 sapiente
587 1166 683 1224 tenet.
727 1157 819 1224 Nunc
841 1155 966 1244 accipe,
989 1176 1092 1243 quaro

255 1280 421 1367 Desipiant
442 1299 555 1346 omnes
577 1297 684 1366 aeque
706 1297 745 1344 ac
766 1286 816 1356 tu,
839 1277 896 1365 qui
918 1277 975 1344 tibi
996 1297 1115 1346 nomen

255 1403 371 1468 insano
393 1419 545 1489 posuere.
588 1398 680 1468 Velut
701 1396 806 1477 silvis,
830 1396 885 1463 uhi
907 1398 1030 1486 passim

255 1521 404 1590 Palantes
425 1542 519 1588 error
539 1531 628 1589 certo
652 1520 694 1588 de
717 1520 842 1588 tramite
863 1517 967 1608 pellit,

255 1642 311 1710 Ille
334 1643 568 1721 sinistrorsum,
590 1641 644 1710 hic
665 1642 870 1710 dextrorsum
892 1643 972 1711 abit:
996 1664 1081 1710 unus
1102 1644 1231 1732 utrique
1256 1645 1298 1708 50

277 1938 318 1990 43.
338 1951 500 2002 quacumque
516 1949 585 1988 unus
602 1937 719 1988 Potherii
736 1935 774 1999 (N.
794 1934 855 2000 th),
874 1936 985 1988 Zarotus
1002 1938 1030 1988 et
1045 1935 1094 1988 Ed.
1112 1937 1264 2002 lupentius,

245 2025 394 2076 quacunque
409 2013 503 2064 Bothe.
523 2038 552 2050 -
570 2010 611 2062 48.
629 2014 715 2063 imant
733 2012 760 2062 L.
781 2039 809 2048 -
828 2011 868 2064 to.
886 2012 1000 2074 mque
1015 2023 1057 2077 pr.
1076 2015 1131 2064 cet
1147 2025 1217 2064 corr.
1236 2012 1265 2073 b,

244 2085 288 2138 ciii
305 2087 400 2148 codd..
418 2087 519 2138 Veneta
538 2085 611 2136 4484.

213 2320 286 2386 quod
318 2318 391 2372 saivo
418 2321 505 2370 metro
536 2331 614 2371 suam
642 2319 737 2372 eedem
773 2318 969 2384 amplectitur.»
998 2347 1024 2360 -
1051 2321 1152 2386 lucu]
1181 2322 1212 2374 iit
1236 2319 1301 2374 oiim

212 2395 335 2448 obtinere
351 2397 465 2460 poteret.
550 2447 560 2456 ,
774 2394 962 2446 nominabatur
985 2397 1140 2458 ticonius,
1167 2397 1207 2448 sic
1229 2409 1301 2448 nunc

245 2469 334 2522 ii-oo.
362 2469 475 2520 Prtmmn
499 2467 563 2532 cet]
589 2469 738 2520 Stoicomm
774 2471 851 2534 inops
876 2470 962 2522 iactus
986 2472 1099 2522 insonus.
1130 2471 1184 2522 Cir.
1201 2485 1227 2521 v.
1240 2471 1299 2522 298.

212 2558 288 2599 more
306 2557 322 2594 a
338 2543 492 2594 definitione
513 2543 548 2605 (h.
569 2541 586 2594 i.
604 2541 736 2606 stultitiae>
775 2570 804 2582 -
817 2545 920 2610 possen]
940 2545 1047 2596 «hucet
1063 2545 1138 2608 iiiuc,
1157 2547 1214 2598 siue
1225 2549 1302 2597 certo

213 2619 312 2683 incipit.
326 2644 353 2656 -
363 2617 432 2682 omn]
446 2616 485 2668 ei.
495 2629 520 2668 v.
531 2616 572 2668 20.
585 2645 612 2654 -
622 2617 660 2667 nii
669 2617 738 2668 certi
774 2619 908 2670 consilio·
934 2620 1008 2672 ovid.
1022 2622 1130 2673 Metam,
1143 2623 1171 2682 4,
1191 2621 1234 2672 oi:
1256 2621 1302 2670 iiis

212 2689 550 2756 --acdcrni-nuiioverbo
566 2692 736 2756 impediam»,
775 2694 877 2756 (ventui
901 2707 998 2756 quoque
1019 2709 1071 2746 noo
1091 2696 1189 2757 possint
1212 2695 1301 2744 mundi

213 2768 333 2832 quincei.
347 2765 422 2818 Coui.
433 2767 486 2816 Sat.
499 2767 559 2828 m,
570 2765 611 2818 23.
626 2793 655 2803 -
667 2766 739 2816 nmio
771 2767 912 2831 subdector
929 2769 1070 2820 hchctdcm
1085 2770 1155 2821 Atra
1175 2769 1299 2832 perium.

212 2841 325 2906 cratitio]
338 2841 377 2892 De
385 2839 462 2890 brevi
470 2839 556 2891 vocali
565 2842 626 2891 ante
637 2839 738 2891 litteras
776 2871 804 2881 -
821 2844 946 2908 Palm]
970 2845 1023 2896 Fen
1044 2847 1072 2896 et
1091 2845 1159 2896 Voss
1181 2846 1247 2896 mire
1265 2843 1301 2896 de

212 2916 437 2980 stuonproducta
448 2915 518 2968 coni.
535 2917 588 2966 Sei.
608 2917 633 2978 4,
651 2917 676 2976 4,
694 2915 736 2965 30.
773 2919 872 2980 bobus,
891 2917 983 2970 iiiiilor
1000 2918 1017 2971 i.
1034 2917 1051 2970 i.
1064 2920 1099 2970 de
1111 2921 1200 2970 ovium
1212 2921 1302 2982 gregi-

214 3017 243 3030 —
257 2992 388 3054 eleusippi
397 2989 517 3054 porticus]
535 2985 609 3040 στοὰ
621 2988 737 3057 ποικίλη
773 2993 825 3044 hus
850 2991 1048 3053 intellexerunt,
1075 3007 1138 3044 eum
1160 2993 1301 3046 manifesto

212 3067 335 3128 Athenis,
353 3067 380 3116 in
397 3078 450 3128 quc
467 3065 537 3115 Zeno
549 3065 662 3128 eiusque
674 3077 738 3116 suc-
774 3068 895 3119 homines
920 3081 970 3132 per
991 3067 1071 3120 silvas
1096 3069 1147 3120 iter
1172 3069 1301 3120 iacientes

212 3153 336 3194 cessores
353 3141 511 3191 docueruut.
540 3139 615 3191 Coui.
634 3141 688 3190 Sat.
707 3141 736 3199 4,
773 3157 806 3194 ac
822 3145 895 3193 recta
912 3143 955 3194 via
972 3144 1129 3194 deermntes
1148 3143 1301 3206 significen-

213 3215 242 3274 3,
261 3216 318 3266 tii.
338 3241 367 3252 -
385 3213 459 3278 pre-c]
478 3213 553 3264 Coni.
572 3213 637 3276 Epp.
656 3214 684 3274 t,
707 3212 736 3273 4,
774 3219 829 3279 tur,
848 3219 878 3267 ut
894 3217 1082 3269 demonstrant
1098 3219 1299 3270 vinu-nic.

213 3289 254 3340 io.
274 3315 302 3324 -
321 3288 446 3351 minorat]
463 3288 535 3337 utin
553 3287 658 3337 Pacuvii
682 3288 738 3337 Du·
776 3317 804 3328 -
821 3291 930 3357 utripre]
956 3290 1149 3354 statuarque,
1176 3296 1204 3344 et
1228 3295 1302 3344 amat

213 3361 311 3414 ioreate
329 3363 381 3426 (ed.
393 3361 485 3426 Bothe)
504 3362 545 3411 Fr.
558 3361 604 3412 32:
630 3360 681 3412 Aut
699 3363 738 3412 hic
773 3365 801 3414 iu
823 3366 874 3416 hoc
890 3379 916 3416 v.
933 3366 1057 3418 Horatius
1073 3379 1217 3419 numerum
1238 3366 1302 3433 piu-

213 3441 249 3488 ou
264 3441 310 3484 cui
328 3437 368 3486 iiic
384 3437 465 3497 affore
486 3439 599 3486 mimum
615 3441 737 3487 wemno:
774 3438 870 3501 ratem,
889 3443 983 3492 utSat.
998 3443 1026 3504 4,
1045 3441 1075 3504 8,
1093 3443 1134 3492 cu.
1153 3447 1302 3506 prostrar-

214 3507 356 3570 «aifirmat
375 3508 468 3566 diciu-
491 3521 558 3559 uon:
586 3511 737 3574 «opinatur,
774 3527 901 3577 paunus
919 3517 1080 3568 hirchuenrs
1092 3517 1302 3568 mavoltutrcne·

214 3588 332 3646 censet»
343 3587 373 3636 ut
383 3583 519 3636 interdum
533 3583 598 3636 iclso
609 3587 740 3650 usurpant
774 3601 830 3650 pue.
957 3589 962 3597 “

213 3661 386 3712 recentiores.
412 3657 490 3723 Apud
501 3658 584 3710 Plani.
597 3661 693 3712 Pseud.
706 3661 737 3723 4,
807 3663 896 3712 tit-56.
916 3664 1151 3730 omia-partitur]
1169 3667 1302 3730 «Uterque

214 3738 242 3798 t,
258 3735 290 3786 20
308 3749 366 3798 seq.
379 3733 429 3784 sihi
445 3736 615 3798 opponuntur
630 3741 701 3799 nepot
712 3739 739 3788 et
775 3737 875 3800 pariter
891 3741 976 3800 errat,
1003 3739 1096 3790 sedin
1113 3753 1146 3791 eo
1163 3741 1303 3794 dumtaxat

213 3815 333 3860 marocci.
368 3808 421 3860 Cir.
445 3806 509 3859 ceti.
531 3809 561 3859 N.
580 3809 610 3860 Α.
634 3809 679 3871 tt,
706 3809 737 3872 3,
775 3811 939 3876 discrepent,
966 3813 1039 3878 quod
1056 3814 1176 3868 divemas
1193 3817 1220 3868 in
1237 3829 1302 3881 par·

213 3883 270 3936 4-6.
294 3909 322 3920 -
338 3883 457 3946 [sumu]
475 3895 516 3948 pr.
531 3895 641 3934 mamea
659 3882 736 3948 tegis,
774 3888 816 3938 tes
832 3899 848 3936 a
865 3889 939 3939 recto
962 3889 1068 3940 tramite
1085 3889 1218 3951 cheucu-
1242 3893 1302 3943 siue

213 3958 241 4009 h.
254 3955 271 4007 i.
290 3958 421 4020 definitio,
443 3953 547 4010 κανών.
582 3959 738 4012 Huiusmodi
774 3962 901 4026 imagine:
929 3963 1052 4015 «uvemo
1075 3965 1185 4028 quidem
1202 3965 1300 4028 modo,

213 4035 305 4083 eutem
314 4031 481 4084 definitiones
491 4045 737 4098 perauocessomm
774 4036 823 4087 scd
839 4051 927 4102 aeque
938 4041 1029 4090 errant
1044 4039 1120 4092 multi
1132 4053 1255 4092 omnes·
1270 4067 1300 4079 -

214 4104 320 4158 scholas
341 4105 488 4160 identidem
509 4109 637 4172 repetitus
657 4121 739 4174 para-
773 4112 819 4162 ioc
834 4115 1302 4180 te-oudo1Haecreepondeutiiii

169 4187 172 4194 ·
213 4179 290 4232 doxis
307 4181 362 4230 suis
378 4183 457 4232 stoici
478 4193 588 4248 semper
609 4185 739 4248 praemit·
777 4187 846 4237 Vetat
870 4189 904 4251 (r.
925 4187 986 4252 ia).
1015 4213 1044 4226 -
1070 4191 1180 4242 cendum
1204 4190 1300 4256 emet]

214 4257 272 4308 tere
289 4252 420 4308 solebant.
441 4283 468 4296 -
488 4258 565 4323 unct]
588 4259 736 4324 «κατέχει,
774 4273 839 4312 nou:
859 4263 1013 4327 mmquem
1023 4262 1105 4324 hosp·
1120 4267 1151 4316 ut
1162 4268 1301 4331 exponunt
