3082 4968
267 405 327 472 apg
647 411 777 462 vionnru
795 411 977 464 surinaauu

307 571 369 636 Aut
391 568 528 656 scripto',
553 567 642 655 quod
663 589 717 634 me
740 569 871 636 tacitum
894 569 996 647 iuvet,
1019 589 1124 657 ungor
1145 568 1244 646 olivo,

308 693 378 758 Non
400 712 466 779 quo
488 690 643 756 fraudatis
665 690 852 780 immundus
874 693 965 758 Natta
986 691 1135 760 lucernis.

307 816 365 879 Ast
385 812 440 880 ubi
463 833 514 880 me
536 813 659 880 fessum
680 812 738 880 sol.
752 813 861 882 acrior
883 814 930 880 ire
952 812 1092 880 lavatum
1296 813 1358 882 425

307 935 497 1012 Admonuit,
521 935 608 1024 fugio
632 936 790 1023 Campum
811 935 989 1023 lusumque
1010 936 1178 1024 trigonem.

307 1058 448 1123 Pransus
470 1077 535 1123 non
557 1056 669 1134 avide,
693 1067 850 1145 quantum
872 1056 1054 1145 interpellet
1073 1058 1159 1124 inani

331 1227 387 1279 423.
406 1229 477 1278 iuuat
493 1242 511 1293 p
529 1230 556 1279 et
573 1231 699 1292 quattuor
715 1229 842 1280 Pottieril.
858 1256 886 1266 -
900 1228 956 1280 424.
970 1233 1047 1278 aucta
1059 1227 1208 1280 Turnebus.
1225 1258 1252 1266 -
1266 1231 1323 1282 426.

296 1303 367 1368 sagio
391 1303 486 1354 rabiosi
511 1308 625 1365 tempora
649 1305 715 1368 alprat
740 1303 830 1368 bScdp
851 1303 931 1366 atque
949 1316 1044 1354 omnes
1062 1305 1129 1354 Feae
1147 1307 1174 1354 et
1191 1305 1323 1368 Pottierii,

298 1381 363 1430 item
381 1380 468 1430 Acron
485 1381 513 1430 et
529 1379 704 1444 Porphyrion.
723 1376 877 1443 (nouamque
893 1379 1015 1444 trigonam
1032 1378 1142 1430 Bentleii
1160 1380 1297 1444 suspicio.)

265 1527 373 1580 ablativi
398 1526 530 1591 absoluti,
556 1529 587 1577 ut
610 1539 692 1592 saepe
719 1527 789 1592 apud
828 1540 893 1578 num
905 1527 969 1578 mihi
981 1529 1212 1592 suspectissimum
1224 1529 1289 1580 nibil
1300 1543 1359 1581 mo

266 1603 386 1654 Tacitum
403 1603 501 1664 caedito,
520 1609 645 1665 amsperto
657 1605 709 1653 cet.
730 1603 788 1652 Vid.
827 1603 891 1666 ror),
910 1604 938 1653 in
955 1601 998 1653 illo
1015 1605 1107 1655 umen
1125 1605 1268 1669 suppositis
1286 1618 1358 1670 pun-

265 1677 301 1728 ad
317 1679 371 1728 Sat.
391 1678 419 1738 l,
440 1679 470 1738 l,
489 1677 530 1730 94.
546 1705 574 1714 -
587 1677 699 1741 mutum]
719 1691 792 1728 ame·
829 1679 877 1728 ctis
900 1676 1058 1742 volgataque
1080 1677 1194 1729 lectione
1215 1679 1356 1730 adnotata:

265 1752 395 1803 ditantem
412 1765 457 1812 ea¹
477 1765 546 1817 quae
563 1751 629 1816 legi,
647 1751 691 1803 vel
707 1752 741 1802 dc
759 1751 792 1802 li·
827 1753 897 1816 sapio
914 1751 1009 1802 raotoot
1031 1757 1146 1814 tempora
1162 1753 1242 1816 opat,
1269 1755 1360 1804 mani-

265 1827 384 1888 mandis,
398 1840 467 1890 quae
479 1828 588 1892 scripsi,
601 1828 789 1892 cogitantem.»
828 1826 927 1876 festum
951 1825 1002 1877 boo
1026 1826 1131 1890 signum
1155 1829 1212 1886 ast,
1239 1826 1358 1892 reliquos

268 1930 296 1940 -
313 1902 447 1966 ιναιιιιαιιι]
463 1902 527 1953 Oleo
546 1904 602 1953 mm
621 1901 666 1952 vili
687 1905 715 1952 et
732 1915 792 1952 ran·
829 1913 924 1954 omncs
941 1901 976 1952 ad
993 1915 1042 1952 nos
1066 1903 1227 1966 propagatos
1244 1917 1305 1956 esse
1325 1917 1358 1954 ex

266 1977 339 2038 cido,
363 1978 393 2027 ut
415 1975 530 2028 lucernis
553 1975 695 2040 implendis
712 1978 791 2028 unice
828 1978 985 2028 recensione
998 1976 1087 2026 critici
1099 1974 1209 2026 alicuius
1220 2015 1226 2038 ,
1239 1977 1285 2041 qui
1295 1990 1359 2028 ver-

266 2052 394 2102 iaservire
417 2054 524 2115 posset,
548 2051 591 2101 hic
613 2064 643 2102 so
664 2053 789 2116 ungebat.
828 2064 889 2102 sum
905 2049 947 2100 vel
965 2050 1015 2102 sibi
1033 2063 1086 2100 non
1098 2049 1314 2102 intellectumve}
1328 2053 1355 2103 ln

267 2152 296 2163 -
315 2125 403 2189 Natta]
423 2127 515 2175 «Notat
532 2127 638 2176 Nattam
655 2125 791 2189 quendam
829 2124 990 2190 exemplari,
1003 2138 1056 2189 quo
1069 2125 1126 2189 lpse
1138 2124 1276 2188 utebatur,
1295 2140 1359 2178 eve-

232 2187 241 2202 '
266 2201 467 2252 tenacissimum
496 2202 523 2250 et
550 2199 790 2252 sordidissimum.»
829 2199 921 2250 nidum
947 2202 1028 2264 atque
1055 2199 1236 2251 oblitteratum
1258 2203 1292 2251 ita
1315 2203 1359 2252 ln-

267 2276 418 2328 Conamen.
453 2275 589 2337 [Ceterum
611 2276 706 2325 Pinarii
728 2275 792 2326 Nat-
828 2273 969 2339 terpolavit
984 2275 1038 2325 iam
1055 2277 1118 2325 ante
1136 2273 1296 2326 scholiastae
1306 2289 1358 2326 ve-

266 2353 308 2401 tae
326 2351 403 2400 erant
419 2350 521 2414 patricii
538 2363 570 2400 ec
587 2349 699 2400 nobiles.
734 2350 789 2401 Cic.
828 2351 916 2411 teres,
935 2350 980 2413 qui
999 2347 1092 2400 lalsam
1109 2348 1252 2401 lectionem
1270 2349 1357 2416 expll-

266 2426 301 2476 de
313 2426 398 2476 Divin.
411 2427 436 2486 2,
455 2426 501 2484 24,
519 2425 560 2477 li.
584 2425 671 2475 Potuit
681 2423 792 2488 quidem
829 2424 899 2473 cant.
935 2425 1013 2474 Certe
1037 2423 1106 2474 adeo
1129 2423 1199 2474 bano
1216 2437 1356 2476 commen-

266 2501 347 2552 Notto
363 2499 444 2550 etiam
462 2498 528 2550 alius
546 2501 632 2562 gentis
643 2511 792 2562 cognomen
829 2497 920 2548 deum
931 2511 992 2548 esse
1010 2497 1148 2550 latendum
1160 2500 1210 2548 erit
1226 2500 1252 2548 in
1265 2501 1359 2550 Gram-

267 2587 340 2634 esse;
360 2574 408 2626 sed
426 2573 498 2639 apud
515 2576 657 2624 Gruterum
674 2576 747 2624 certe
766 2575 793 2623 et
829 2574 990 2623 maticorum
1001 2571 1112 2636 scholis,
1131 2575 1161 2622 ut
1173 2586 1237 2623 vera
1250 2576 1357 2625 extrusa

265 2650 440 2701 Muretorium
462 2651 555 2698 Nattae
576 2662 629 2698 non
651 2649 793 2712 reperiun—
828 2646 956 2711 paulatim
973 2649 1000 2698 in
1017 2660 1111 2699 omnes
1129 2649 1237 2700 codices
1255 2650 1358 2713 recipe-

266 2725 328 2788 tur.)
350 2725 416 2776 ilinc
426 2723 499 2774 idem
509 2735 607 2774 nomen
617 2723 792 2786 desumpsere
830 2725 916 2783 retur,
943 2723 965 2774 si
990 2723 1032 2772 cui
1049 2723 1137 2774 minam
1155 2721 1294 2787 probabile
1315 2725 1357 2774 vi-

266 2802 339 2851 Pors.
353 2799 383 2860 3,
397 2799 437 2849 34.
457 2799 549 2848 luven.
562 2798 593 2858 8„
610 2797 650 2848 95.
675 2795 792 2847 Turnebi
830 2797 937 2848 debitur
948 2799 1059 2848 cunctos
1076 2801 1184 2862 praeter
1196 2795 1269 2848 illum
1280 2797 1358 2850 lilan-

265 2879 343 2924 uaata
358 2875 435 2924 Festo
452 2875 520 2923 teste
538 2871 699 2936 signiticaret
714 2869 794 2923 lullo·
830 2873 884 2925 din.
903 2887 937 2924 ex
953 2887 1007 2924 uno
1029 2873 1180 2937 eodemque
1203 2867 1357 2944 ἀρχετύπῳ

266 2963 330 3000 nem
347 2963 363 2998 a
379 2962 406 2999 v.
424 2945 523 3011 νάκος.
829 2949 947 3000 fluxisse.
974 2949 1010 2999 Ex
1024 2947 1358 3000 becverobisidemlan·

300 3024 358 3074 426.
386 3023 457 3086 litato
469 3023 591 3085 Cadmum
607 3021 793 3084 lmompustri-
829 3024 984 3089 guidisslmo
1001 3021 1115 3074 diceret:
1142 3023 1206 3077 «Ubi
1222 3023 1285 3076 eolis
1309 3039 1357 3076 ae-

265 3099 366 3164 poaem]
393 3111 442 3162 pro
467 3096 670 3162 «trigonalcmm
700 3097 792 3162 Tripoli
829 3101 886 3151 stus
912 3112 956 3150 me
982 3099 1074 3148 monet
1098 3100 1137 3148 ire
1162 3099 1188 3148 in
1214 3097 1355 3162 balneum,

267 3175 300 3237 (a.
318 3187 345 3223 v.
362 3173 517 3244 τριγωνος),
543 3185 627 3237 genus
650 3170 719 3236 pilae
743 3173 792 3223 mi·
830 3188 894 3238 ego,
920 3177 951 3224 ut
973 3175 1183 3224 consentaneum
1204 3175 1258 3235 est,
1285 3173 1356 3236 fugio

266 3249 369 3310 nimae,
388 3247 471 3298 durae
489 3249 516 3298 et
532 3247 610 3298 firmo
627 3245 680 3311 pilo
697 3247 789 3308 lartae;
829 3250 934 3299 aestum
945 3247 1051 3298 dierum
1067 3247 1287 3308 canicularium»
1305 3259 1356 3299 nec

265 3335 365 3374 nomen
388 3321 449 3371 inde
467 3321 592 3380 ductum,
620 3320 692 3383 quod
709 3334 723 3370 a
743 3322 792 3370 tri-
827 3336 893 3373 vero
911 3323 1026 3382 diceret,
1045 3322 1109 3385 quid
1126 3324 1187 3387 post
1202 3323 1356 3374 unctionem

265 3397 318 3448 bus
340 3395 493 3447 ludentibus
517 3395 664 3446 iactabatur
681 3396 708 3445 et
731 3396 793 3458 qul·
829 3395 917 3447 iacere
935 3396 1081 3446 consuerit.
1116 3399 1260 3449 Praeterea
1271 3396 1357 3461 loqui·

265 3471 329 3522 dem
347 3471 381 3520 ita
393 3469 540 3533 dispositis,
559 3472 590 3518 ut
599 3467 723 3532 trianguli
733 3469 792 3520 ior·
827 3473 872 3522 tur
881 3471 916 3522 do
932 3472 1004 3521 vitae
1016 3483 1083 3522 suae
1095 3473 1197 3523 rationo
1209 3475 1295 3523 totum
1306 3485 1357 3537 per

265 3557 339 3596 mem
357 3544 503 3595 eilicerent.
531 3543 570 3593 Cl.
589 3541 698 3594 standai.
711 3542 740 3605 4,
759 3545 788 3606 9,
828 3559 929 3598 annum
945 3547 1065 3607 servata,
1085 3560 1138 3597 non
1150 3546 1237 3598 solum
1249 3546 1283 3598 de
1295 3546 1356 3598 die-

266 3621 306 3670 to.
337 3621 382 3682 42,
400 3618 447 3680 83,
471 3618 495 3669 3.
526 3617 600 3668 ldem
625 3615 655 3678 ’4,
683 3617 729 3678 72,
757 3618 788 3668 9:
827 3621 879 3673 bus
891 3619 1356 3686 canicularibus3idquodanimad·

265 3696 307 3746 Sic
319 3695 435 3758 palmam
452 3693 496 3744 tibi
512 3694 542 3744 do
552 3694 650 3757 triam
659 3693 726 3742 audo
739 3694 790 3742 Ua·
826 3699 935 3748 vertens
947 3697 1059 3748 0uvens
1070 3698 1101 3747 N.
1115 3697 1146 3748 ll.
1159 3711 1186 3762 p.
1196 3696 1253 3748 tto.
1267 3697 1357 3761 volga-

264 3775 320 3820 ctae
333 3771 373 3820 det
387 3770 464 3833 favor
473 3767 569 3818 arbiter
578 3779 700 3828 coronae,
718 3767 790 3818 unde
828 3773 883 3822 tam
896 3773 934 3823 sic
950 3770 1102 3836 explicavit:
1124 3770 1260 3836 «relinquo
1274 3773 1357 3823 Cam·

265 3848 323 3895 orta
341 3847 383 3894 est
398 3842 508 3894 Bentleii
521 3842 637 3906 suspicio
648 3843 791 3904 uacunque
827 3858 892 3911 pum
910 3846 1000 3910 ibique
1019 3846 1119 3897 morari
1136 3846 1224 3897 devito
1242 3843 1285 3897 illo
1302 3847 1356 3899 diei

265 3933 280 3970 a
300 3919 392 3969 Vossio
404 3918 538 3983 adoptata.
564 3917 633 3967 Cum
645 3917 713 3967 miro
726 3931 790 3968 casu
827 3925 965 3986 tempore,
985 3934 1039 3984 quo
1056 3921 1119 3972 solis
1136 3923 1227 3972 aestus
1239 3923 1356 3974 maxime

265 3995 333 4044 baec
350 4005 415 4043 vera
431 3992 510 4043 lectio
527 3991 615 4042 adhuc
632 3993 739 4056 reperta
757 3994 791 4043 sit
827 3998 942 4048 suavita
969 3999 999 4046 ut
1014 3997 1114 4060 ιιςιιιιιιι
1134 4009 1187 4046 non
1204 3996 1300 4048 sirium
1318 3997 1356 4047 ai-

266 4069 293 4119 in
324 4065 431 4118 duobus
463 4067 601 4118 dumtaxat
628 4067 789 4130 codicibus,
828 4071 947 4136 gnificat,
970 4070 1021 4122 sed
1041 4069 1163 4122 absolute
1182 4067 1286 4122 dicatur
1306 4083 1355 4136 pno

267 4143 376 4206 cruquti
387 4141 478 4193 bland.
488 4143 671 4207 antiquissimo
683 4145 711 4192 et
722 4142 788 4194 Cod.
828 4145 899 4208 sole,
929 4145 1159 4210 quemadmodum
1186 4143 1249 4196 alibi
1277 4147 1353 4196 ιιιιιιι.

267 4217 343 4267 Goth.
360 4217 390 4278 2,
415 4230 439 4268 a.
465 4219 524 4270 Sec.
546 4219 600 4270 XV.
619 4232 663 4283 ap.
681 4218 788 4272 Kircho.
827 4221 902 4272 ovid.
922 4223 952 4271 Λ.
971 4221 1001 4270 Α.
1021 4219 1051 4281 4,
1070 4219 1133 4270 ’423τ
1152 4221 1270 4282 aegaoiv's
1285 4222 1356 4272 oadal

265 4293 297 4342 Ν.
318 4292 346 4354 Q.
364 4291 453 4345 Horat.
473 4305 499 4358 p.
518 4293 559 4344 23.
580 4294 650 4356 (nam
663 4291 791 4345 Valartia-
828 4294 904 4346 Debet
924 4299 947 4346 ιι
970 4307 988 4344 ιι
1009 4295 1089 4345 radiis
1109 4295 1198 4346 aldais
1213 4307 1264 4352 essa
1282 4296 1356 4360 aiper
