3116 4968
597 445 657 498 Llll.
675 445 707 500 ll.
742 445 810 498 Slt'l'.
829 447 860 498 11.

582 815 879 878 Simu·

225 963 316 1041 Quae
339 959 441 1026 virtus
466 968 499 1026 et
519 967 655 1046 quanta
678 956 772 1035 boni,
796 957 838 1023 sit
858 957 968 1024 vivere
991 977 1108 1044 parvo,
1131 997 1174 1010 -

225 1085 291 1150 Nec
312 1102 407 1150 meus
429 1080 481 1148 hic
503 1100 611 1148 sermo
633 1087 698 1158 est,
722 1077 783 1146 sed
804 1099 889 1166 quae
911 1080 1080 1168 praecepit
1101 1079 1205 1148 Otella

248 1263 316 1312 Sti.
343 1261 375 1311 ll.
410 1261 433 1310 l.
458 1258 528 1308 bools
550 1259 569 1308 F
594 1270 609 1308 e
635 1255 819 1322 compluribus
846 1257 930 1309 Codd.
967 1257 1007 1321 (lit
1022 1271 1087 1322 nos,
1110 1261 1194 1310 nostri
1212 1263 1240 1312 et

215 1336 331 1386 Pottierii
349 1333 463 1396 omnes.)
483 1357 513 1370 -
539 1333 564 1384 2.
592 1345 665 1394 pom
681 1333 807 1396 quattuor
825 1333 956 1395 Pottierii,
982 1333 1044 1386 LCt.
1063 1334 1140 1399 (poue
1155 1337 1238 1387 nostri

215 1422 322 1468 omnem
341 1406 475 1458 Bentleius
492 1407 595 1471 recepit
604 1419 619 1457 e
628 1405 714 1457 trihus
724 1404 861 1458 codicibus
875 1407 1024 1470 torrentii.)
1037 1435 1065 1446 -
1079 1409 1236 1474 Oscltuccrr.

216 1486 247 1544 S,
265 1483 337 1534 unde
355 1481 465 1533 Bentleii
483 1483 680 1544 coniecturam,
698 1495 769 1532 nunc
786 1480 935 1544 munaum,
954 1485 1063 1534 secutus
1080 1496 1141 1534 sum
1158 1483 1239 1534 ethic

217 1559 243 1606 et
257 1569 303 1606 vv.
321 1556 363 1607 53.
383 1556 439 1606 lli.
460 1555 522 1606 ⁴33:
550 1555 642 1619 Ofellus
658 1555 712 1620 bcp
729 1557 757 1606 et
772 1567 814 1620 pr.
833 1555 864 1616 S,
882 1555 950 1617 act,
976 1556 1112 1608 Bentleius
1129 1557 1156 1608 ln
1174 1569 1240 1608 con-

215 1631 301 1692 textu,
320 1630 387 1682 l'lll.

214 1771 244 1820 ΙΙ,
262 1770 361 1822 Tenuis
378 1771 406 1819 ct
416 1767 529 1834 simplex
539 1769 635 1829 metus,
654 1779 708 1832 quo
745 1767 837 1818 lisano.
856 1768 958 1832 Scripta
974 1767 1080 1824 videtur
1096 1781 1121 1819 a.
1133 1781 1161 1822 u.
1175 1784 1198 1821 c.
1212 1771 1269 1821 7⁴7.

180 1845 287 1894 veteres
304 1844 414 1894 liomani
431 1843 493 1895 inde
505 1841 540 1892 ab
557 1841 626 1893 urbe
643 1853 709 1892 con·
744 1841 905 1903 ilirchnero,
924 1855 948 1892 a.
965 1843 1023 1894 7⁴9.
1043 1842 1225 1907 Grotetendlo,
1244 1858 1269 1894 a.

180 1917 234 1968 dita
250 1931 302 1982 per
318 1919 437 1982 quinque
454 1916 546 1970 secula
563 1917 605 1968 usi
617 1917 706 1978 erant,
744 1915 802 1968 72⁰.
816 1916 936 1967 stantia.

180 1993 280 2044 llcratii
302 1995 390 2043 aetate
412 1993 438 2042 ln
460 1992 502 2043 his
520 1991 652 2056 corruptis
669 1991 708 2041 ci·
777 1989 801 2038 t.
814 1989 839 2040 2.
863 1989 928 2053 cml]
947 1988 1000 2040 cn.
1018 1991 1072 2040 Sat.
1088 1990 1118 2050 ἱ,
1137 1991 1165 2052 6,
1184 1991 1225 2042 st.
1244 1994 1272 2042 et

180 2068 253 2116 mum
269 2079 382 2118 suorum
403 2065 522 2118 moribus
543 2064 622 2131 plane
643 2079 708 2116 eua-
744 2063 785 2113 95.
814 2063 880 2128 Epp.
897 2065 927 2125 2,
951 2065 980 2126 2,
999 2063 1039 2115 37.
1075 2063 1143 2114 Nihil
1168 2063 1271 2130 langui·

180 2143 283 2192 uuerat.
320 2140 373 2191 Cir.
387 2138 478 2191 Vellei.
492 2141 521 2202 Ξ,
540 2141 565 2190 l.
594 2140 708 2190 Kartha-
744 2139 804 2191 dius
820 2142 862 2190 est
881 2137 965 2190 altera
981 2137 1095 2190 lectione
1111 2139 1193 2202 bono,
1212 2145 1271 2191 orta

180 2217 247 2279 ginis
258 2215 406 2277 excidium,
421 2217 531 2266 Graecis
542 2213 707 2279 voluptatum
744 2227 776 2265 ex
793 2215 971 2280 geminatione
988 2213 1091 2266 litterae
1114 2217 1169 2267 sin
1187 2216 1271 2268 verbo

180 2292 266 2342 omnia
298 2289 404 2353 generis
432 2291 558 2354 magistra
586 2292 614 2340 et
645 2289 707 2340 asia
742 2289 782 2340 eit.
804 2291 896 2340 -Neo
911 2289 989 2353 merc]
1007 2291 1111 2342 Primus
1121 2291 1270 2343 versiculus

180 2364 381 2430 opulentissima
415 2363 558 2425 subactae,
594 2364 706 2414 Orientis
744 2377 806 2416 cum
828 2365 928 2416 lrabeat
951 2363 1003 2416 loci
1028 2367 1180 2417 communis
1197 2365 1270 2417 colo-

180 2452 260 2503 gezae
281 2441 393 2488 Romam
410 2439 568 2504 deportatae
590 2439 707 2489 incredl-
744 2452 817 2501 rem,
836 2441 924 2490 statim
939 2451 999 2490 sese
1011 2452 1044 2489 eo
1056 2442 1178 2503 excusat,
1198 2441 1270 2506 quod

180 2512 261 2566 bilem
282 2512 414 2564 luxuriam
431 2516 459 2564 et
481 2513 618 2565 mollitiem
635 2513 707 2579 apud
743 2526 834 2564 sermo
846 2514 889 2564 hic
900 2513 1036 2563 aitrustici
1048 2515 1171 2576 Romani,
1187 2527 1270 2578 quem

180 2589 296 2638 victores
317 2590 485 2651 pepererant.
521 2587 575 2638 Sed
596 2591 626 2638 ut
647 2587 707 2652 ple-
744 2589 859 2638 maxima
871 2586 968 2638 deceat
978 2586 1142 2651 simplicitas.
1156 2587 1269 2652 -qoool

181 2675 295 2726 rumque
313 2661 452 2712 conuariis
469 2662 537 2712 vitiis
555 2675 639 2725 genus
659 2663 708 2713 liu-
743 2661 831 2713 Altera
857 2661 935 2712 lectio
956 2675 1030 2723 quon
1050 2663 1191 2715 manifesto
1212 2665 1270 2713 orta

181 2748 291 2786 manum
309 2733 344 2784 ab
356 2737 469 2799 utraque
486 2738 563 2799 parte
574 2733 652 2786 simul
664 2749 708 2786 ur·
744 2740 787 2788 est
802 2750 835 2787 ex
846 2749 921 2787 mera
933 2736 1182 2787 accommodatione
1194 2737 1229 2788 sd
1241 2751 1269 2787 v.

180 2812 234 2874 geri
244 2808 328 2870 solet,
347 2809 382 2858 ita
394 2810 420 2858 in
437 2810 488 2860 hac
501 2812 638 2864 communi
649 2811 706 2862 tere
743 2824 833 2861 senno
871 2811 998 2860 Ceterum
1023 2812 1225 2874 argumentum
1238 2823 1270 2861 ae

179 2884 344 2950 prodigentia
356 2896 409 2933 non
426 2883 581 2946 doluerunt,
602 2885 648 2948 qul
665 2884 707 2935 ni·
744 2885 890 2936 sententias
901 2897 931 2935 se
943 2882 1148 2949 desumptarum
1160 2885 1224 2936 dicit
1234 2884 1270 2936 ab

180 2960 260 3009 rniam
270 2957 463 3023 parsimoniam
473 2959 554 3022 aupue
565 2957 634 3008 adeo
645 2970 706 3008 sor-
744 2957 838 3020 Otella,
866 2970 966 3022 easque
991 2970 1041 3008 suo
1058 2959 1140 3010 modo
1157 2971 1270 3024 expres-

181 3031 269 3083 didnm
305 3032 442 3083 arandam
472 3033 702 3084 consectarentur.
744 3046 846 3093 surum,
860 3033 908 3083 cir.
918 3034 1048 3098 imprimis
1056 3035 1149 3084 ulli.
1160 3033 1270 3086 Ofellam

180 3107 252 3159 Nulla
264 3119 310 3158 res
322 3106 408 3170 magis
420 3109 530 3171 poetae,
549 3105 631 3157 seculi
642 3109 704 3158 vitia
743 3111 835 3157 autem
846 3108 934 3171 ipsum
945 3105 1099 3172 loquentem
1111 3107 1213 3160 inducit
1223 3110 1271 3161 de·

181 3182 370 3243 emendaturo,
401 3181 475 3232 cordi
504 3194 564 3233 esse
593 3180 703 3245 debuit,
744 3194 818 3232 mum
829 3182 925 3232 ulid.
954 3180 1139 3246 aliquidem,
1158 3185 1270 3235 utDtin·

181 3271 260 3322 quam
281 3257 350 3307 haec
374 3257 432 3320 ipsa
457 3255 544 3316 labes,
571 3256 620 3307 sed
642 3270 705 3310 oum
744 3259 814 3316 tzer,
844 3256 934 3306 omnis
961 3258 1069 3321 praeter
1096 3257 1269 3328 παράθεσιν

180 3332 341 3382 Maecenatis
361 3333 389 3382 et
406 3331 525 3382 virorum
547 3329 610 3382 huic
631 3333 706 3383 slmi-
743 3344 787 3382 vv.
799 3330 824 3380 2.
838 3329 863 3380 3.
892 3328 989 3381 Otellae
1007 3329 1139 3393 tribnrmt,
1158 3344 1212 3382 non
1225 3345 1270 3382 co·

180 3404 243 3457 lium
266 3406 450 3457 convictorem
475 3418 571 3470 parum
596 3405 706 3457 deceret
743 3406 869 3469 gitamm,
888 3417 971 3468 quam
987 3405 1111 3470 putidum
1121 3406 1270 3458 luissetrn·

181 3482 302 3532 censoria
319 3481 463 3531 severitate
484 3480 511 3529 ln
532 3479 585 3530 hoc
606 3493 704 3544 genere
743 3481 810 3531 stico
828 3479 940 3542 sapienti
956 3479 1075 3531 tribuere
1090 3481 1269 3544 cognitionem

180 3557 229 3618 uti,
255 3554 308 3606 sub
329 3553 441 3616 Olellae,
467 3555 559 3604 rustici
580 3556 703 3619 aemam,
743 3555 888 3605 effrenatae
901 3555 995 3606 ditium
1012 3553 1131 3606 luxuriae
1143 3553 1270 3619 temper·

179 3641 294 3694 persona
305 3631 451 3692 praecepta
462 3627 554 3690 tradit,
574 3629 628 3692 qui,
646 3629 706 3680 nul·
742 3629 841 3680 lectam
858 3641 890 3679 ac
906 3628 1009 3693 singula
1026 3630 1083 3680 tere
1100 3641 1269 3693 persequen-

180 3703 228 3755 llus
247 3702 401 3768 philosophi
418 3702 555 3753 doctrines
573 3704 704 3766 addictus,
742 3706 812 3764 tem;
845 3705 1006 3768 praesertim
1034 3715 1115 3766 quam
1147 3703 1268 3767 ineptum

179 3779 314 3844 perversis
339 3777 433 3828 aetatis
458 3789 523 3828 snae
552 3778 706 3831 hominibus
742 3775 1042 3842 stultumquelloratius
1062 3775 1182 3827 timisast
1198 3775 1268 3827 Olel-

180 3856 301 3904 veterem
316 3851 389 3902 illam
406 3850 595 3907 abstinentiam
612 3855 640 3903 et
653 3853 707 3904 iru-
742 3851 811 3914 lam,
837 3852 934 3904 talibus
951 3866 967 3902 a
986 3853 1056 3902 vitiis
1077 3863 1211 3916 pauperes
1236 3863 1268 3902 ac

180 3925 315 3992 guttatam
335 3925 472 3977 liberrimo
493 3927 705 3993 gravissimoque
742 3925 877 3991 simplices
900 3939 963 3978 suos
986 3927 1095 3976 vicenos
1120 3924 1268 3977 dehortan-

180 4015 305 4054 sermone
323 3999 507 4063 commendat,
526 4013 607 4065 quam
624 4003 706 4053 virtu·
742 4003 813 4062 tem,
832 4015 885 4067 quo
898 4002 1050 4052 acroamate
1066 4001 1202 4065 procerte
1213 4012 1267 4050 non

179 4079 234 4128 tem
253 4077 313 4140 ipse
334 4075 463 4139 optimam
483 4075 641 4127 adiutricem
658 4089 705 4126 ex·
743 4075 870 4141 egebant,
888 4078 918 4126 nt
934 4075 1125 4140 temperantiae
1141 4074 1267 4125 nuenton

179 4152 271 4215 pertus
288 4151 348 4200 erat
363 4148 398 4200 ad
417 4149 498 4201 beate
514 4150 660 4202 uiuendum
678 4153 706 4202 et
742 4152 825 4202 totam
848 4151 995 4214 pervitam
1012 4149 1082 4200 ultro
1099 4150 1264 4200 exercerent.

180 4223 220 4274 vel
245 4224 326 4274 totius
350 4225 396 4275 rei
417 4222 550 4276 familiaris
575 4224 705 4276 iacturam
745 4251 772 4262 -
786 4224 873 4288 Ofello]
886 4225 975 4275 Lectio
988 4225 1080 4289 Ofellus
1095 4224 1210 4276 librariis
1220 4223 1267 4274 de-

180 4311 266 4362 aeqno
287 4299 378 4350 animo
394 4299 542 4351 terendam.
577 4301 651 4352 Znnn.
671 4311 705 4350 ex
742 4297 834 4361 betur,
852 4298 950 4362 quihus
967 4300 1118 4354 terminatio
1135 4300 1190 4350 cin
1208 4299 1266 4350 viro
