3192 4974
644 485 702 534 un.
722 485 741 534 1.
778 484 876 535 aersr.
896 487 916 535 r.
1265 487 1327 552 373

280 637 426 724 Pupillis,
452 657 535 725 quos
558 639 640 705 dura
663 641 780 728 premit
801 641 950 708 custodia
972 653 1123 710 matrum:

279 759 333 826 Sic
355 758 431 824 mihi
455 759 546 827 tarda
567 759 670 827 lluunt
691 762 882 851 ingrataque
905 773 1066 852 tempora,
1092 788 1177 853 quae
1194 788 1287 855 spem

282 881 524 970 Consiliumque
548 894 713 950 morantur
735 884 851 972 agendi
875 886 998 952 naviter
1021 885 1069 964 id,
1099 888 1187 976 quod

279 1006 390 1091 Aeque
417 1004 617 1092 pauperibus
640 1006 788 1094 prodest,
813 1006 1028 1096 locupletibus
1051 1029 1171 1098 aeque,
1284 1015 1325 1080 25

279 1128 391 1212 Aeque
415 1125 595 1217 neglectum
617 1131 728 1215 pueris
751 1130 949 1218 senibusque
972 1131 1118 1199 nocebit:

301 1295 342 1346 ai.
360 1297 459 1346 mutter
475 1296 576 1358 bS,LC:
595 1300 712 1361 qrtauiter
728 1299 851 1364 optatio
869 1303 897 1351 et
913 1300 1056 1353 Bentleius.
1072 1330 1099 1339 -
1113 1305 1154 1354 att.
1168 1305 1296 1368 lomrplttt-

269 1369 314 1422 bus
329 1377 406 1434 atque
422 1371 507 1423 Codd.
526 1371 626 1436 aliquot
643 1372 738 1426 nullius
755 1376 918 1427 auctoritatis
935 1376 1006 1441 apud
1029 1375 1174 1430 Obbarium
1187 1382 1215 1429 et
1225 1379 1292 1430 Edd.

271 1445 413 1497 nonnullae
431 1449 547 1498 veteres.

235 1585 383 1648 eiusmodi,
411 1589 558 1646 nterea,
586 1589 637 1638 etsi
654 1589 761 1640 diverso
799 1590 948 1654 migrarent.
969 1591 1095 1656 (Cicpro
1113 1591 1203 1644 Caelio
1220 1595 1250 1654 7,
1276 1594 1326 1657 ta.)

235 1661 330 1721 modo,
350 1662 430 1711 etiam
441 1662 567 1726 Aristippi
585 1662 706 1728 discipuli
721 1665 762 1714 vi·
799 1665 941 1715 Praeterea
959 1678 1021 1715 cum
1039 1679 1100 1717 raro
1119 1666 1209 1728 lieret,
1231 1670 1261 1717 ut
1284 1671 1327 1718 tu·
1373 1709 1375 1712 .

235 1740 290 1788 tam
308 1735 442 1786 moderari
454 1738 597 1800 potuerint.
620 1739 762 1802 Reetcigi-
798 1741 872 1788 tores
902 1740 952 1802 ipsi
983 1738 1144 1804 pupillorum
1175 1742 1326 1792 educationi

235 1815 279 1861 tur
287 1812 339 1862 iam
350 1812 551 1861 Commentator
559 1813 683 1876 Cruquii:
698 1815 763 1864 «lie-
798 1825 830 1862 ac
848 1811 1001 1878 disciplinae
1020 1815 1185 1866 domesticae
1206 1815 1327 1880 invigila-

234 1886 286 1937 bus
303 1889 365 1936 utor
380 1887 430 1946 ila,
449 1887 478 1935 ut
491 1887 529 1936 eis
542 1887 688 1950 imperem,
708 1901 761 1938 non
797 1889 870 1948 rent,
885 1887 1114 1952 quemadmodum
1127 1889 1248 1942 lecerunt
1260 1893 1326 1943 Cato

235 1964 340 2022 autem,
359 1963 389 2010 ut
406 1962 445 2011 eis
457 1962 574 2011 serviam
591 1964 621 2012 ut
638 1975 759 2014 avarus.»
798 1963 943 2024 eiCicero,
964 1961 1063 2013 Luculli
1080 1966 1155 2028 pueri
1168 1967 1270 2018 tutores
1283 1967 1325 2029 (de

235 2035 300 2084 Tota
311 2037 401 2085 autem
414 2033 454 2085 illa
467 2036 651 2099 interpretatio
662 2039 759 2100 Stoica,
798 2037 870 2088 Finn.
884 2038 915 2101 3,
934 2037 980 2100 A),
1000 2051 1031 2088 ea
1050 2051 1114 2090 cura
1132 2042 1275 2105 praecipue
1291 2042 1326 2092 ad

235 2110 277 2158 cui
295 2122 366 2160 nunc
383 2108 503 2174 plerique
521 2109 624 2171 lavent,
651 2111 760 2162 fluxisse
797 2114 899 2163 rnatras
927 2113 1087 2177 pertinebat.
1132 2115 1198 2165 cod.
1222 2116 1278 2166 Lib.
1300 2118 1325 2166 5.

235 2184 339 2234 videtur
360 2198 392 2234 ex
414 2185 500 2234 Vossii
525 2185 758 2250 interpretatione:
797 2187 845 2236 Tit.
859 2186 904 2248 iti,
919 2188 946 2236 i:
966 2187 1090 2238 Educatio
1105 2189 1261 2250 papilionem
1273 2194 1327 2239 tuo-

237 2259 350 2310 l'rcebt'
369 2260 414 2310 icb
430 2261 488 2309 mir
504 2261 658 2310 selberdie
672 2262 758 2324 Walt,
795 2274 855 2310 rum
872 2261 933 2310 uuili
948 2263 1031 2325 mepta
1043 2275 1120 2324 quam
1136 2265 1322 2326 metricorum,

235 2335 324 2384 uicltt
340 2336 396 2384 dar
414 2335 492 2384 Welt
507 2335 589 2385 mich
609 2340 762 2386 unterzu-
796 2336 884 2386 duan
898 2337 1017 2388 uterium
1033 2340 1068 2388 eis
1088 2339 1228 2401 induami,
1256 2353 1326 2390 coru-

235 2409 348 2474 bieqeu.
795 2412 917 2462 mittenda
939 2417 982 2462 est.
1026 2413 1072 2463 Est
1097 2413 1190 2475 igitur:
1218 2415 1325 2465 «Omnis

797 2499 882 2537 annus
901 2487 963 2550 (non
980 2486 1081 2550 solum,
1107 2489 1135 2538 ut
1158 2487 1323 2550 albuciani,

267 2559 353 2609 soso.
372 2561 760 2626 uoalonpo--diaaquelonpa
795 2559 938 2625 pupillatiis
963 2560 1080 2624 ultimus)
1106 2561 1323 2614 adolescentibus

232 2635 339 2696 uidetur]
359 2634 484 2686 Eiusdem
496 2635 618 2686 vocabuli
636 2637 759 2701 repetitio
796 2633 901 2686 lascivis
918 2634 987 2686 solet
1002 2637 1087 2686 videri
1104 2635 1211 2701 longus,
1236 2637 1325 2689 donec

234 2709 425 2774 impatientiam
434 2713 461 2759 et
470 2711 605 2773 amatoris,
617 2712 659 2761 cui
671 2710 759 2776 puella
796 2723 908 2760 severae
939 2711 1033 2762 matris
1063 2711 1200 2762 custodiae
1229 2713 1325 2777 (Aus-

233 2785 394 2847 promissam
415 2785 522 2834 noctem
547 2799 600 2835 uon
626 2789 757 2850 praestat,
796 2784 890 2848 siclt)
913 2785 1023 2835 tandem
1040 2797 1071 2836 se
1088 2783 1272 2836 subtrahant.»
1294 2815 1321 2824 .-

233 2860 260 2908 et
277 2859 391 2923 operarii
408 2857 486 2922 longe
504 2857 599 2910 melius
621 2861 757 2926 exprimit,
793 2859 884 2924 [luunt]
902 2859 928 2908 b.
942 2858 959 2909 i.
976 2860 1010 2910 de
1028 2858 1099 2910 lento
1117 2862 1204 2921 motu,
1228 2863 1258 2910 ut
1279 2863 1324 2911 Iu-

233 2945 314 2997 quam
331 2932 423 2996 putida
447 2931 490 2983 illa
510 2935 622 2984 variatio
639 2935 759 2998 lonpcu
795 2945 856 2984 ven.
879 2934 909 2995 Ἰ,
936 2934 982 2984 ³2:
1013 2935 1098 2998 desiuit
1122 2939 1200 2985 uetur.
1227 2963 1255 2972 —
1280 2937 1321 2998 td,

233 3008 318 3058 Lentu.
348 3009 379 3057 A.
394 3009 421 3057 P.
435 3008 496 3058 292:
515 3009 760 3072 cumocurepreltm-
796 3009 861 3070 quod
884 3009 948 3071 cet]
971 3021 1072 3060 avarae
1095 3011 1241 3074 sapientiae
1264 3013 1324 3062 atu-

232 3083 294 3144 dlta,
319 3084 385 3144 quod
407 3097 458 3133 uon
473 3085 556 3135 Multa
572 3085 624 3134 dies
640 3090 663 3134 et
678 3085 759 3134 multo
796 3081 882 3142 dium,
902 3083 974 3146 quod
991 3087 1064 3133 omni
1082 3085 1168 3134 ordini
1186 3087 1266 3149 atque
1279 3099 1324 3135 ae-

232 3157 311 3208 tituro
333 3160 451 3208 coercuit.
480 3185 507 3195 -
526 3173 588 3226 opus
609 3160 757 3225 moralibus]
795 3157 842 3206 tati
865 3169 951 3220 aeque
976 3159 1087 3222 prodest
1113 3163 1181 3210 cet.»
1211 3162 1323 3225 Propter

231 3233 390 3296 praesertim
403 3231 517 3296 ancillis,
534 3233 632 3298 quibua
644 3247 758 3298 pensum
794 3233 849 3283 vim
866 3234 1029 3296 sententiae,
1056 3247 1127 3298 quae
1150 3233 1249 3284 nullum
1273 3235 1322 3286 ad-

232 3306 357 3357 diurnum
370 3307 535 3370 assignatum
548 3311 598 3370 est,
612 3309 677 3359 item
689 3321 758 3359 men
794 3308 873 3358 mittit
890 3310 1090 3372 exceptionem,
1118 3313 1159 3360 ter
1180 3323 1322 3371 aequore-

231 3382 345 3432 eeuariis
357 3383 383 3432 in
395 3397 468 3445 opere
479 3385 588 3434 rustico.
605 3411 631 3419 —
645 3385 759 3434 ctutodic
793 3383 900 3447 petitur.
944 3384 1068 3435 Similiter
1091 3385 1223 3449 Diogenes
1246 3385 1317 3449 apud

230 3459 358 3519 matrum]
384 3457 469 3507 Probe
492 3458 560 3509 haec
578 3459 697 3510 custodia
716 3459 757 3509 di·
793 3459 867 3522 Diog.
887 3461 973 3509 Latirt.
988 3461 1017 3522 6,
1036 3461 1082 3511 68:
1111 3457 1171 3526 Τὴν
1188 3457 1319 3512 παιδείαν

231 3532 388 3594 stinguende
408 3531 534 3594 alutem,
554 3536 758 3596 quaeamatri-
793 3527 854 3583 εἶπε
881 3534 1025 3598 (Diogenes
1051 3535 1151 3601 Sinopl
1177 3541 1239 3598 τοῖς
1263 3535 1319 3602 μὲν

231 3604 282 3656 bus
299 3604 384 3656 aliena
402 3611 467 3658 erat.
503 3609 603 3658 Seneca
622 3607 656 3658 ad
674 3610 754 3660 blare.
793 3609 869 3672 νέοις
886 3607 1097 3681 σωφροσύνην,
1121 3615 1183 3674 τοῖς
1202 3609 1234 3662 ot
1253 3625 1321 3682 ups-

229 3679 279 3730 et:
297 3681 409 3744 Pupillus
423 3683 524 3732 relictae
536 3682 613 3746 (tilius
631 3684 700 3746 tuus)
712 3685 756 3734 sub
793 3681 945 3756 οβοτέροις
956 3687 1154 3757 παραμυθίαν,
1163 3690 1225 3748 τοῖς
1233 3683 1265 3736 δὲ
1274 3687 1321 3736 πέ-

230 3759 671 3821 tutonancttrcusquauddacimum
679 3773 757 3822 quur-
792 3773 860 3825 νηοι
877 3757 1019 3823 πλοῦτον,
1043 3767 1104 3824 τοῖς
1120 3759 1152 3812 δὲ
1169 3760 1320 3824 πλουσίοις

229 3835 283 3881 tum
299 3832 470 3897 uunwnfutt,
488 3835 633 3884 submotrts
643 3837 756 3885 custodio
792 3831 906 3901 κόσμον
918 3832 999 3888 eluat.
1028 3837 1081 3888 Cir.
1093 3838 1198 3902 Epicuri
1209 3850 1321 3902 praece·

229 3919 337 3970 scrupea
360 3921 418 3958 cum
438 3909 539 3960 tubuel
559 3923 616 3960 suos
636 3915 753 3973 penates,
793 3912 868 3974 ptum
885 3910 949 3961 ibid.
969 3913 1012 3973 ro,
1033 3913 1089 3963 iti.
1111 3940 1138 3948 -
1161 3913 1322 3974 locupletibus

228 3981 533 4045 relinqueretuosuolutl.
569 3985 754 4049 ltaqueetiam
793 3986 882 4050 cautu]
912 3985 968 4036 Noli
997 3986 1121 4042 dubitare
1147 3987 1181 4037 de
1208 3989 1319 4039 veritate

230 4069 291 4108 eum
314 4060 349 4108 od
368 4071 442 4108 mam
464 4059 569 4109 tutelam
587 4059 756 4122 peruenissent
793 4061 871 4112 buius
900 4061 1034 4124 lectionis,
1064 4074 1146 4126 quarn
1177 4065 1246 4114 lecte
1270 4077 1320 4115 ne-

229 4132 292 4194 [Cic.
311 4132 345 4183 de
363 4134 406 4183 Or.
422 4135 450 4196 i,
470 4133 515 4194 39,
536 4134 602 4198 480.)
621 4135 678 4186 sive
695 4149 756 4186 usca
792 4137 848 4187 scio
861 4137 996 4200 quomodo
1009 4137 1172 4188 infirmatum
1185 4139 1231 4189 ivit
1242 4139 1319 4191 Hand

228 4207 319 4259 tutelae
334 4209 396 4272 sacti
414 4214 491 4259 cuent
509 4211 577 4272 (San.
597 4211 677 4274 Epist.
691 4211 753 4274 33.i,
792 4213 867 4263 Tura.
882 4214 900 4261 i.
915 4225 941 4276 p.
961 4211 1017 4262 iai.
1046 4211 1112 4264 Nihil
1130 4219 1203 4264 certe
1222 4215 1265 4265 bic
1278 4215 1319 4266 iu-

227 4284 404 4335 remanebaut
420 4283 471 4335 sub
489 4287 606 4335 matrum
623 4287 753 4350 custodia,
790 4287 880 4338 utilius
907 4301 939 4338 ac
964 4285 1078 4338 debilius
1104 4302 1186 4353 quam
1210 4292 1320 4353 loeuple-

228 4371 323 4423 saepe,
342 4361 495 4425 mopinot,
515 4360 602 4412 donec
619 4361 654 4412 ab
672 4363 702 4413 iis
719 4376 756 4413 re
792 4363 856 4414 libau
868 4368 958 4426 aloru,
976 4363 1120 4426 Aequaret.
1147 4359 1316 4417 Conil‘acit.
