3156 4972
605 420 664 470 ua.
684 419 715 470 ll.
750 419 817 470 SA'l'.
836 418 889 470 vti.
1236 415 1298 480 345

252 575 381 641 Furtiva
403 585 504 641 mutat
528 574 656 662 strigili:
680 577 736 664 qni
758 575 890 664 praedia
914 574 1037 648 vendit,
1237 573 1298 638 440

251 695 298 762 Nil
322 695 454 775 servile,
481 696 575 784 gulae
600 717 735 785 parens,
760 697 881 764 habet?
907 695 1011 774 Adde,
1035 695 1125 784 quod
1148 695 1235 764 idem

251 819 320 884 Non
342 817 455 885 horam
478 828 584 885 tecum
609 839 684 886 esse
707 829 816 906 potes,
840 841 904 886 non
927 819 990 886 otia
1014 829 1102 885 recte

252 942 393 1016 Ponere,
419 950 516 1028 teque
541 941 646 1028 ipsum
669 939 765 1018 vitas,
790 940 941 1028 fugitivus
964 950 997 1007 et
1018 961 1109 1016 erro,

256 1063 321 1128 lam
343 1062 418 1128 vino
441 1081 622 1150 quaerens,
647 1062 710 1128 iam
733 1083 847 1130 somno
869 1062 980 1129 lallere
1002 1083 1129 1131 ouram:

252 1185 400 1263 Frustra3
415 1204 490 1250 nam
503 1205 613 1251 comes
629 1195 697 1251 atra
709 1185 825 1272 premit
839 1185 1052 1274 sequiturque
1064 1185 1220 1273 fugacem.
1237 1186 1304 1252 445-

253 1305 343 1374 Unde
359 1305 435 1372 mihi
452 1305 620 1394 lapidem?
642 1308 806 1387 Quorsum
822 1279 872 1374 est
885 1307 992 1397 opus?
1016 1307 1108 1376 Unde
1123 1308 1278 1396 sagittas?

242 1503 314 1555 4484.
345 1528 373 1539 -
403 1504 459 1554 409.
488 1504 545 1554 tio.
563 1505 763 1554 woFrerlivam
778 1507 996 1572 micuistripilem
1018 1519 1033 1556 c
1057 1506 1141 1557 Codd.
1167 1518 1264 1557 novem

242 1578 397 1630 Lambinus.
417 1580 456 1640 llll
474 1592 536 1640 noa,
556 1581 640 1630 nostri
657 1583 684 1631 et
701 1581 835 1642 Pottierii.)
856 1607 883 1616 —-
904 1580 960 1630 443.
979 1595 1051 1632 arros
1069 1581 1094 1631 F.

207 1760 294 1810 ctione
312 1757 387 1808 verbi
398 1763 497 1808 mutare
509 1756 733 1822 (siolauscboo)
769 1758 921 1820 populonius
936 1759 1095 1820 conumuptts
1111 1759 1192 1808 aerim
1202 1759 1237 1808 od
1253 1759 1297 1808 do-

207 1832 301 1884 cl.0d.
322 1833 349 1893 4,
369 1834 413 1895 li,
431 1835 455 1883 2.
480 1833 509 1893 3,
528 1833 557 1892 4,
576 1832 616 1882 47.
647 1832 730 1896 Epod.
769 1832 866 1882 minum
886 1832 960 1881 rodit.
1003 1833 1076 1882 luter
1099 1845 1192 1884 servos
1218 1833 1297 1896 igitur

207 1909 218 1958 l
230 1947 235 1968 ‚
248 1906 289 1957 28.
303 1907 331 1966 9,
346 1907 386 1956 28.
407 1935 434 1943 —
459 1907 566 1971 stripili]
591 1905 732 1970 Strigilium
768 1907 868 1970 supitioi
880 1908 907 1956 el
918 1920 1019 1956 monas
1027 1906 1257 1970 distinguebantur
1269 1910 1299 1958 ul

206 1995 347 2032 aerearum
359 1985 420 2044 post
431 1980 558 2032 balneum
567 1981 732 2032 sudatorium
770 1981 840 2030 inter
856 1980 952 2031 milites
976 1983 1111 2031 desertores
1132 1983 1159 2031 ol
1181 1995 1296 2032 mirso·

208 2070 272 2107 usus
289 2059 347 2106 erat
367 2057 402 2106 ad
420 2058 514 2108 sordes
537 2059 582 2107 aut
604 2057 733 2106 humores
769 2069 822 2116 res,
850 2057 895 2120 qui
918 2055 964 2105 diu
986 2057 1072 2119 vagati
1094 2055 1128 2106 ud
1149 2059 1236 2107 castra
1253 2072 1299 2108 re-

206 2132 234 2182 in
252 2135 313 2181 cute
330 2131 454 2183 residuos
466 2131 645 2182 deradendos.
672 2131 732 2181 Vid.
770 2130 935 2194 gradiuntur.
959 2129 1026 2181 Male
1038 2133 1093 2182 tres
1106 2130 1190 2181 Codd.
1204 2129 1296 2182 Bland.

206 2207 235 2256 0.
256 2206 318 2256 lahn
337 2206 371 2255 ud
388 2208 462 2257 Pers.
484 2209 515 2268 5,
543 2206 600 2257 446.
629 2231 655 2242 -
677 2207 734 2254 Nou
771 2204 861 2256 etalii
884 2205 951 2256 Foao
974 2207 1202 2271 comparationem
1224 2208 1299 2257 intu-

205 2281 295 2331 borom
315 2285 396 2330 teman
417 2283 474 2343 mse]
502 2295 551 2330 une
577 2294 626 2344 per
651 2294 733 2331 unam
770 2279 858 2331 lerunt
883 2286 910 2330 ut
935 2295 1007 2342 erro,
1035 2283 1112 2346 peius
1138 2283 1228 2333 etiam·
1247 2284 1298 2332 l'ea

208 2354 318 2420 quidem
346 2356 440 2406 borum
470 2355 610 2419 tranquille
643 2357 732 2406 tecum
772 2369 834 2407 curn
852 2355 959 2407 duobus
978 2356 1099 2408 coddet
1118 2371 1204 2421 ornos,
1227 2370 1297 2420 quae

207 2432 310 2482 versari
328 2433 356 2482 el
372 2432 428 2481 sine
448 2432 573 2482 continua
590 2431 735 2493 animiagi·
772 2429 851 2480 lectio
875 2431 907 2480 iis
930 2430 1059 2491 debetur,
1088 2433 1132 2495 qui
1156 2445 1217 2482 cum
1235 2445 1299 2484 nos·

206 2505 306 2555 tatione
333 2505 455 2556 meditari
480 2507 557 2570 potes
582 2506 733 2569 sapientum
771 2509 831 2556 sent
856 2505 995 2556 dumtaxat
1015 2507 1131 2558 verbum
1154 2521 1200 2572 apo
1222 2521 1296 2567 erro,

205 2583 382 2646 praeceptam
409 2580 443 2631 de
461 2581 492 2632 iis
510 2593 578 2631 unus
596 2593 638 2640 es,
666 2593 733 2643 quos
770 2582 836 2642 boo,
855 2581 1297 2644 utiopinabantur‚ritinmccrrl-

206 2653 348 2720 descripsit
365 2656 497 2720 aristoph.
517 2657 565 2706 Av.
584 2655 649 2704 ⁴69:
669 2649 733 2704 ''Av-
771 2669 833 2719 gere
855 2655 962 2706 vellent.
986 2684 1013 2693 -
1032 2657 1130 2718 marom]
1159 2654 1246 2707 Alexis
1272 2655 1298 2706 iu

205 2730 323 2801 θρωπος
340 2724 420 2800 ὄρνις
437 2718 627 2795 ἀστάθμητοζ
647 2725 733 2780 πετό-
772 2731 851 2780 Grotll
877 2731 939 2780 Exc.
961 2743 988 2794 p.
1009 2731 1073 2780 59⁴:
1098 2723 1200 2793 ΙὝπνος
1225 2728 1298 2801 βρο-

204 2819 306 2870 μενος,
326 2798 526 2875 Ἀτέκμαρτος,
551 2799 635 2855 οὐδὲν
652 2797 733 2856 οὐδέ·
771 2807 868 2866 rator,
886 2795 911 2853 ὦ
927 2800 1015 2876 κόρη,
1038 2800 1172 2876 παυστήρ
1191 2803 1297 2854 πόνων.

206 2879 269 2930 ποτ’
286 2879 317 2930 ἐν
336 2873 429 2947 ταύτῷ
446 2879 550 2944 μένων.
587 2878 734 2943 ilntelliga—
774 2907 800 2917 -
819 2893 900 2930 corruo
919 2880 988 2944 ono]
1007 2879 1060 2929 Clr.
1080 2878 1170 2939 Odi,
1190 2880 1236 2940 46,
1255 2881 1297 2930 tl.

205 2968 267 3006 mus
289 2967 365 3015 cum,
392 2956 436 3019 qui
462 2953 571 3005 libidine
593 2958 734 3006 utrarum
771 2955 802 3016 3,
822 2956 852 3014 4,
871 2953 917 3005 lb:
943 2955 999 3004 Post
1024 2954 1130 3014 scrutor
1154 2953 1219 3004 cadet
1239 2959 1300 3004 otro

205 3027 309 3081 deliciis
327 3029 471 3080 distractus
488 3043 542 3080 non
559 3043 652 3080 secum
670 3031 732 3093 agit,
771 3043 844 3079 cora.

206 3103 256 3154 sed
268 3103 352 3154 aliena
365 3106 392 3154 et
403 3105 513 3154 externa
526 3107 639 3168 captat.»
658 3105 733 3154 lland
806 3102 941 3153 446-448.
974 3103 1041 3152 Unde
1065 3103 1126 3152 mibi
1150 3103 1297 3169 lapidari]

206 3180 282 3230 Turs.
296 3179 327 3228 ll.
340 3192 366 3243 p.
381 3179 438 3228 lca.
458 3175 649 3244 (Neoplatonici
662 3192 735 3230 com-
772 3191 894 3228 «sumam
906 3176 954 3227 tibi
971 3177 1174 3228 inliciendnm‘t»
1193 3180 1295 3229 Davus:

207 3253 336 3304 mendant
357 3247 390 3301 τὸ
414 3250 506 3319 ἑαυτῷ
534 3257 676 3316 συνεῖναι,
703 3252 734 3304 ἐν
773 3251 827 3302 «Nil
845 3265 939 3317 opus.»
974 3251 1104 3316 Exprimit
1120 3254 1199 3316 poeta
1217 3254 1298 3315 atque

206 3323 316 3393 ἑαυτῷ,
340 3329 405 3396 παρ’
423 3325 516 3394 ἑαυτῷ
532 3333 637 3393 patrm.
667 3330 734 3380 ltem
772 3328 865 3379 festive
892 3328 1010 3378 imitatur
1034 3327 1075 3378 lris
1100 3325 1224 3377 versibus
1249 3325 1299 3375 do-

207 3403 309 3452 Seneca
326 3403 409 3466 Epist.
423 3403 454 3452 2:
472 3405 585 3453 Primum
600 3417 736 3468 orymnen-
773 3405 876 3454 minum
889 3402 1079 3464 cerebrosum,
1098 3404 1124 3452 iu
1138 3415 1240 3465 servos,
1253 3399 1299 3452 ubi

206 3481 258 3527 tum
275 3478 427 3540 conpositae
440 3479 529 3528 mentis
540 3479 655 3528 martin
663 3491 735 3540 posse
770 3491 867 3529 verum
887 3477 977 3528 dicare
1000 3479 1113 3540 audent,
1140 3477 1299 3528 desaevien-

206 3553 489 3604 macerationum
513 3553 620 3604 morari.
651 3553 733 3618 Epist.
772 3555 837 3604 tem.
873 3553 1084 3616 Languidlssima
1101 3552 1300 3603 conualuisset

207 3625 252 3678 to:
280 3627 337 3676 Nori
357 3627 471 3689 lacento,
492 3641 549 3678 cum
566 3642 615 3690 qaeu
638 3633 662 3678 ta
676 3641 735 3678 mo-
771 3629 896 3680 vitiorum
919 3627 1052 3680 confessio
1073 3641 1105 3678 ac
1126 3628 1297 3692 poenitentia.
1367 3653 1371 3658 ·

206 3699 251 3750 lim
266 3713 317 3751 esse
334 3715 411 3763 ᾳιιαηι
427 3706 518 3752 tomam.
552 3705 637 3754 Acuta
662 3701 734 3754 idem
774 3733 802 3742 -
818 3705 885 3754 Unde
896 3702 1031 3768 acplttosll
1050 3703 1130 3763 Quasi
1149 3701 1298 3764 tragoedias

206 3777 322 3840 scriptor
347 3777 398 3827 boc
425 3777 531 3826 invertit
556 3778 604 3840 Ep.
626 3775 686 3828 tol:
715 3777 735 3827 0
772 3783 871 3830 movet.
893 3804 920 3815 ·-
936 3784 981 3830 out
996 3791 1083 3828 urrato
1098 3776 1169 3840 facit]
1188 3777 1214 3828 id
1226 3777 1298 3840 quod

207 3863 285 3912 quam
302 3851 429 3901 benacum
445 3851 595 3912 qubusdam
605 3857 733 3916 operetur,
773 3868 806 3904 ex
823 3853 947 3918 opinione
965 3851 1033 3916 volgi
1060 3854 1087 3903 el
1102 3853 1168 3902 Davi
1185 3849 1300 3904 alterurn

205 3926 260 3975 rio
276 3939 302 3975 se
324 3925 489 3977 obemarcrdl
514 3928 587 3977 lt'uoc
607 3928 735 3989 palmira
772 3942 822 3979 nec
841 3926 925 3979 levius
943 3941 1028 3992 genus
1045 3929 1087 3977 est
1104 3926 1231 3976 insaniae.
1258 3927 1300 3976 Si-

205 4001 271 4063 ipsos
288 4001 435 4062 sollicitant,
453 4007 635 4064 commutant,
658 4004 735 4052 torri-
772 4002 880 4066 gnificat
900 4015 930 4053 sa
954 4003 1033 4052 antea
1050 4012 1158 4065 quoque
1180 3999 1299 4055 lusorem

205 4079 269 4124 tant.
291 4101 318 4112 -
337 4075 403 4139 arro]
432 4073 531 4141 Ulpian.
553 4077 610 4142 llig.
633 4077 679 4140 24,
703 4078 732 4139 4,
771 4077 829 4127 heri
846 4089 942 4128 versus
959 4077 1144 4140 componentis
1160 4079 1299 4141 expertum

205 4149 255 4199 li:
284 4151 436 4200 Errooem
460 4151 495 4201 sic
520 4152 664 4215 mflnloua,
691 4153 734 4214 qui
772 4165 846 4213 esse,
868 4153 897 4203 ut
918 4150 1060 4215 aliquando
1078 4148 1224 4216 scriptores
1241 4153 1298 4201 Ser.

205 4224 455 4288 nonqutdornlootl,
473 4227 516 4276 sod
528 4227 735 4289 frequentarem
772 4227 871 4278 Galbae
889 4229 1038 4278 orationem
1060 4227 1212 4278 meditantis
1229 4225 1299 4276 male

204 4311 285 4350 causo
307 4303 420 4362 caputio
438 4306 463 4351 ot
483 4301 633 4364 termentum
649 4302 676 4352 tn
693 4314 733 4352 res
772 4300 882 4354 mulcati
900 4315 915 4352 e
933 4301 1066 4353 tesbudine
1089 4315 1152 4354 cum
1175 4313 1208 4352 co
1226 4301 1300 4352 exie-
