<?xml version="1.0" encoding="UTF-8"?>
<!DOCTYPE html PUBLIC "-//W3C//DTD XHTML 1.0 Transitional//EN"
    "http://www.w3.org/TR/xhtml1/DTD/xhtml1-transitional.dtd">
<html xmlns="http://www.w3.org/1999/xhtml" xml:lang="en" lang="en">
 <head>
  <title>
</title>
<meta http-equiv="Content-Type" content="text/html;charset=utf-8" />
  <meta name='ocr-system' content='tesseract 3.04.00' />
  <meta name='ocr-capabilities' content='ocr_page ocr_carea ocr_par ocr_line ocrx_word'/>
</head>
<body>
  <div class='ocr_page' id='page_1' title='image "./qhoratiusflaccu01baitgoog_0142.png"; bbox 0 0 3082 4968; ppageno 0'>
   <div class='ocr_carea' id='block_1_1' title="bbox 572 439 1252 505">
    <p class='ocr_par' dir='ltr' id='par_1_1' title="bbox 572 439 1252 505">
     <span class='ocr_line' id='line_1_1' title="bbox 572 439 1252 505; baseline 0.001 -13"><span class='ocrx_word' id='word_1_1' title='bbox 572 441 632 492; x_wconf 79' lang='lat' dir='ltr'>nis.</span> <span class='ocrx_word' id='word_1_2' title='bbox 652 441 670 491; x_wconf 87' lang='lat' dir='ltr'>i.</span> <span class='ocrx_word' id='word_1_3' title='bbox 706 443 772 493; x_wconf 77' lang='lat' dir='ltr'>sir.</span> <span class='ocrx_word' id='word_1_4' title='bbox 792 442 833 492; x_wconf 84' lang='lat' dir='ltr'>vr¹</span> <span class='ocrx_word' id='word_1_5' title='bbox 1190 439 1252 505; x_wconf 68' lang='lat'>427</span> 
     </span>
    </p>
   </div>
   <div class='ocr_carea' id='block_1_2' title="bbox 154 597 1254 4346">
    <p class='ocr_par' dir='ltr' id='par_1_2' title="bbox 154 597 1254 4346">
     <span class='ocr_line' id='line_1_2' title="bbox 161 597 1251 663; baseline 0 -13"><span class='ocrx_word' id='word_1_6' title='bbox 161 615 222 652; x_wconf 84' lang='lat' dir='ltr'>aera</span> <span class='ocrx_word' id='word_1_7' title='bbox 241 599 275 649; x_wconf 92' lang='lat' dir='ltr'>ad</span> <span class='ocrx_word' id='word_1_8' title='bbox 299 597 415 650; x_wconf 81' lang='lat' dir='ltr'>Flavium</span> <span class='ocrx_word' id='word_1_9' title='bbox 433 611 448 648; x_wconf 86' lang='lat' dir='ltr'>e</span> <span class='ocrx_word' id='word_1_10' title='bbox 466 597 602 663; x_wconf 78' lang='lat' dir='ltr'>discipulis</span> <span class='ocrx_word' id='word_1_11' title='bbox 619 600 702 650; x_wconf 80' lang='lat' dir='ltr'>reluta</span> <span class='ocrx_word' id='word_1_12' title='bbox 719 611 779 650; x_wconf 87' lang='lat' dir='ltr'>esse</span> <span class='ocrx_word' id='word_1_13' title='bbox 798 598 926 662; x_wconf 86' lang='lat' dir='ltr'>legamus.</span> <span class='ocrx_word' id='word_1_14' title='bbox 963 599 1015 649; x_wconf 85' lang='lat' dir='ltr'>llas</span> <span class='ocrx_word' id='word_1_15' title='bbox 1032 600 1122 648; x_wconf 90' lang='lat' dir='ltr'>autem</span> <span class='ocrx_word' id='word_1_16' title='bbox 1141 599 1251 663; x_wconf 84' lang='lat' dir='ltr'>quadri-</span> 
     </span>
     <span class='ocr_line' id='line_1_3' title="bbox 162 683 1250 748; baseline 0 -13"><span class='ocrx_word' id='word_1_17' title='bbox 162 688 275 735; x_wconf 87' lang='lat' dir='ltr'>mestres</span> <span class='ocrx_word' id='word_1_18' title='bbox 302 683 383 734; x_wconf 86' lang='lat' dir='ltr'>tuisse</span> <span class='ocrx_word' id='word_1_19' title='bbox 401 697 435 733; x_wconf 90' lang='lat' dir='ltr'>ne</span> <span class='ocrx_word' id='word_1_20' title='bbox 460 685 487 734; x_wconf 91' lang='lat' dir='ltr'>in</span> <span class='ocrx_word' id='word_1_21' title='bbox 510 684 662 733; x_wconf 88' lang='lat' dir='ltr'>coniectura</span> <span class='ocrx_word' id='word_1_22' title='bbox 684 683 795 748; x_wconf 90' lang='lat' dir='ltr'>quidem</span> <span class='ocrx_word' id='word_1_23' title='bbox 819 684 935 748; x_wconf 87' lang='lat' dir='ltr'>positum</span> <span class='ocrx_word' id='word_1_24' title='bbox 957 686 1012 744; x_wconf 88' lang='lat' dir='ltr'>est,</span> <span class='ocrx_word' id='word_1_25' title='bbox 1030 709 1044 720; x_wconf 90' lang='lat'><em>-</em></span> <span class='ocrx_word' id='word_1_26' title='bbox 1061 683 1115 734; x_wconf 91' lang='lat' dir='ltr'>-si</span> <span class='ocrx_word' id='word_1_27' title='bbox 1141 683 1250 746; x_wconf 90' lang='lat' dir='ltr'>quidem</span> 
     </span>
     <span class='ocr_line' id='line_1_4' title="bbox 159 765 1250 832; baseline -0.001 -14"><span class='ocrx_word' id='word_1_28' title='bbox 159 770 288 832; x_wconf 88' lang='lat' dir='ltr'>integram</span> <span class='ocrx_word' id='word_1_29' title='bbox 310 769 442 818; x_wconf 78' lang='lat' dir='ltr'><strong>aestatem</strong></span> <span class='ocrx_word' id='word_1_30' title='bbox 461 769 495 818; x_wconf 91' lang='lat' dir='ltr'>ad</span> <span class='ocrx_word' id='word_1_31' title='bbox 518 767 581 818; x_wconf 90' lang='lat' dir='ltr'>ldus</span> <span class='ocrx_word' id='word_1_32' title='bbox 598 781 684 832; x_wconf 80' lang='lat' dir='ltr'>usque</span> <span class='ocrx_word' id='word_1_33' title='bbox 706 767 836 818; x_wconf 79' lang='lat' dir='ltr'>Octobres</span> <span class='ocrx_word' id='word_1_34' title='bbox 852 765 1004 818; x_wconf 86' lang='lat' dir='ltr'>libertatem</span> <span class='ocrx_word' id='word_1_35' title='bbox 1020 781 1037 816; x_wconf 88' lang='lat' dir='ltr'>a</span> <span class='ocrx_word' id='word_1_36' title='bbox 1049 766 1250 831; x_wconf 88' lang='lat' dir='ltr'>ludimagistro-</span> 
     </span>
     <span class='ocr_line' id='line_1_5' title="bbox 159 849 1252 918; baseline 0 -16"><span class='ocrx_word' id='word_1_37' title='bbox 159 865 218 902; x_wconf 87' lang='lat' dir='ltr'>mm</span> <span class='ocrx_word' id='word_1_38' title='bbox 236 852 374 918; x_wconf 77' lang='lat' dir='ltr'>disciplina</span> <span class='ocrx_word' id='word_1_39' title='bbox 399 851 517 903; x_wconf 88' lang='lat' dir='ltr'>attulisse</span> <span class='ocrx_word' id='word_1_40' title='bbox 530 865 562 901; x_wconf 88' lang='lat' dir='ltr'>ex</span> <span class='ocrx_word' id='word_1_41' title='bbox 580 849 703 902; x_wconf 86' lang='lat' dir='ltr'>ltartialis</span> <span class='ocrx_word' id='word_1_42' title='bbox 718 852 909 916; x_wconf 78' lang='lat' dir='ltr'>epigrammate</span> <span class='ocrx_word' id='word_1_43' title='bbox 920 850 1043 902; x_wconf 84' lang='lat' dir='ltr'>videmus</span> <span class='ocrx_word' id='word_1_44' title='bbox 1055 852 1100 912; x_wconf 86' lang='lat' dir='ltr'>til,</span> <span class='ocrx_word' id='word_1_45' title='bbox 1120 852 1169 902; x_wconf 76' lang='lat'>62:</span> <span class='ocrx_word' id='word_1_46' title='bbox 1187 853 1252 902; x_wconf 80' lang='lat' dir='ltr'>Ludi</span> 
     </span>
     <span class='ocr_line' id='line_1_6' title="bbox 159 935 1251 1001; baseline -0.001 -14"><span class='ocrx_word' id='word_1_47' title='bbox 159 938 291 1001; x_wconf 66' lang='lat' dir='ltr'>macuto,</span> <span class='ocrx_word' id='word_1_48' title='bbox 306 950 388 999; x_wconf 83' lang='lat' dir='ltr'>parce</span> <span class='ocrx_word' id='word_1_49' title='bbox 402 937 509 999; x_wconf 81' lang='lat' dir='ltr'>simplici</span> <span class='ocrx_word' id='word_1_50' title='bbox 525 935 621 985; x_wconf 81' lang='lat' dir='ltr'>tortae.</span> <span class='ocrx_word' id='word_1_51' title='bbox 640 961 655 972; x_wconf 95' lang='lat'><em>-</em></span> <span class='ocrx_word' id='word_1_52' title='bbox 673 961 688 972; x_wconf 92' lang='lat'>-</span> <span class='ocrx_word' id='word_1_53' title='bbox 704 935 780 985; x_wconf 81' lang='lat' dir='ltr'>Albae</span> <span class='ocrx_word' id='word_1_54' title='bbox 795 937 875 985; x_wconf 84' lang='lat' dir='ltr'>Leone</span> <span class='ocrx_word' id='word_1_55' title='bbox 890 938 1006 1000; x_wconf 69' lang='lat' dir='ltr'>flammeo</span> <span class='ocrx_word' id='word_1_56' title='bbox 1023 935 1104 985; x_wconf 75' lang='lat' dir='ltr'>calent</span> <span class='ocrx_word' id='word_1_57' title='bbox 1121 936 1187 987; x_wconf 73' lang='lat' dir='ltr'>loces</span> <span class='ocrx_word' id='word_1_58' title='bbox 1204 937 1251 986; x_wconf 81' lang='lat' dir='ltr'>To·</span> 
     </span>
     <span class='ocr_line' id='line_1_7' title="bbox 158 1019 1250 1084; baseline 0.001 -14"><span class='ocrx_word' id='word_1_59' title='bbox 158 1025 271 1081; x_wconf 75' lang='lat' dir='ltr'>omenque</span> <span class='ocrx_word' id='word_1_60' title='bbox 284 1021 384 1084; x_wconf 75' lang='lat' dir='ltr'>seuere</span> <span class='ocrx_word' id='word_1_61' title='bbox 399 1021 500 1071; x_wconf 81' lang='lat' dir='ltr'>lolius</span> <span class='ocrx_word' id='word_1_62' title='bbox 516 1020 600 1080; x_wconf 81' lang='lat' dir='ltr'>coquit</span> <span class='ocrx_word' id='word_1_63' title='bbox 615 1032 732 1080; x_wconf 69' lang='lat' dir='ltr'>messem</span> <span class='ocrx_word' id='word_1_64' title='bbox 751 1019 854 1070; x_wconf 79' lang='lat' dir='ltr'>Cirrata</span> <span class='ocrx_word' id='word_1_65' title='bbox 869 1019 1048 1069; x_wconf 73' lang='lat' dir='ltr'>laetabor-ridie</span> <span class='ocrx_word' id='word_1_66' title='bbox 1058 1019 1166 1081; x_wconf 71' lang='lat' dir='ltr'>Sentisne</span> <span class='ocrx_word' id='word_1_67' title='bbox 1177 1021 1250 1082; x_wconf 80' lang='lat' dir='ltr'>pellis</span> 
     </span>
     <span class='ocr_line' id='line_1_8' title="bbox 158 1103 1252 1168; baseline 0 -14"><span class='ocrx_word' id='word_1_68' title='bbox 158 1131 172 1141; x_wconf 94' lang='lat'>-</span> <span class='ocrx_word' id='word_1_69' title='bbox 188 1130 203 1140; x_wconf 95' lang='lat'><em>-</em></span> <span class='ocrx_word' id='word_1_70' title='bbox 219 1105 375 1166; x_wconf 74' lang='lat' dir='ltr'>Feeuloepoe</span> <span class='ocrx_word' id='word_1_71' title='bbox 391 1106 484 1164; x_wconf 69' lang='lat' dir='ltr'>titane,</span> <span class='ocrx_word' id='word_1_72' title='bbox 503 1109 602 1166; x_wconf 77' lang='lat' dir='ltr'>sceptro</span> <span class='ocrx_word' id='word_1_73' title='bbox 614 1105 836 1168; x_wconf 76' lang='lat' dir='ltr'>poedopopomm,</span> <span class='ocrx_word' id='word_1_74' title='bbox 856 1103 952 1155; x_wconf 72' lang='lat' dir='ltr'>cessem</span> <span class='ocrx_word' id='word_1_75' title='bbox 967 1107 992 1153; x_wconf 82' lang='lat' dir='ltr'>et</span> <span class='ocrx_word' id='word_1_76' title='bbox 1006 1104 1065 1153; x_wconf 81' lang='lat' dir='ltr'>ldae</span> <span class='ocrx_word' id='word_1_77' title='bbox 1081 1104 1208 1154; x_wconf 77' lang='lat' dir='ltr'>dormient</span> <span class='ocrx_word' id='word_1_78' title='bbox 1224 1105 1252 1154; x_wconf 85' lang='lat' dir='ltr'>in</span> 
     </span>
     <span class='ocr_line' id='line_1_9' title="bbox 159 1185 1250 1250; baseline 0.001 -13"><span class='ocrx_word' id='word_1_79' title='bbox 159 1188 320 1247; x_wconf 84' lang='lat' dir='ltr'>Octobres;</span> <span class='ocrx_word' id='word_1_80' title='bbox 337 1190 435 1239; x_wconf 78' lang='lat' dir='ltr'>Aestate</span> <span class='ocrx_word' id='word_1_81' title='bbox 447 1189 523 1250; x_wconf 83' lang='lat' dir='ltr'>pueri</span> <span class='ocrx_word' id='word_1_82' title='bbox 539 1188 560 1236; x_wconf 77' lang='lat' dir='ltr'>ai</span> <span class='ocrx_word' id='word_1_83' title='bbox 576 1187 673 1248; x_wconf 80' lang='lat' dir='ltr'>uolent,</span> <span class='ocrx_word' id='word_1_84' title='bbox 692 1188 753 1236; x_wconf 80' lang='lat' dir='ltr'>solie</span> <span class='ocrx_word' id='word_1_85' title='bbox 764 1187 860 1238; x_wconf 77' lang='lat' dir='ltr'>discunt</span> <span class='ocrx_word' id='word_1_86' title='bbox 878 1185 931 1250; x_wconf 84' lang='lat' dir='ltr'>(ubi</span> <span class='ocrx_word' id='word_1_87' title='bbox 949 1189 1002 1237; x_wconf 90' lang='lat' dir='ltr'>lem</span> <span class='ocrx_word' id='word_1_88' title='bbox 1013 1187 1147 1238; x_wconf 82' lang='lat' dir='ltr'>liederus:</span> <span class='ocrx_word' id='word_1_89' title='bbox 1167 1189 1250 1238; x_wconf 74' lang='lat' dir='ltr'>«Nam</span> 
     </span>
     <span class='ocr_line' id='line_1_10' title="bbox 158 1270 1250 1334; baseline 0.001 -13"><span class='ocrx_word' id='word_1_90' title='bbox 158 1285 173 1320; x_wconf 94' lang='lat' dir='ltr'>a</span> <span class='ocrx_word' id='word_1_91' title='bbox 190 1270 254 1322; x_wconf 91' lang='lat' dir='ltr'>lulio</span> <span class='ocrx_word' id='word_1_92' title='bbox 267 1273 302 1322; x_wconf 91' lang='lat' dir='ltr'>ad</span> <span class='ocrx_word' id='word_1_93' title='bbox 315 1271 459 1323; x_wconf 80' lang='lat' dir='ltr'><strong>Octobrem</strong></span> <span class='ocrx_word' id='word_1_94' title='bbox 471 1285 556 1334; x_wconf 85' lang='lat' dir='ltr'>usque</span> <span class='ocrx_word' id='word_1_95' title='bbox 568 1271 676 1322; x_wconf 90' lang='lat' dir='ltr'>scholae</span> <span class='ocrx_word' id='word_1_96' title='bbox 689 1270 847 1332; x_wconf 87' lang='lat' dir='ltr'>cessabant,</span> <span class='ocrx_word' id='word_1_97' title='bbox 865 1272 903 1321; x_wconf 92' lang='lat' dir='ltr'>uti</span> <span class='ocrx_word' id='word_1_98' title='bbox 915 1274 943 1322; x_wconf 89' lang='lat' dir='ltr'>et</span> <span class='ocrx_word' id='word_1_99' title='bbox 953 1270 1145 1332; x_wconf 85' lang='lat' dir='ltr'>Satumelibus,</span> <span class='ocrx_word' id='word_1_100' title='bbox 1166 1273 1250 1331; x_wconf 88' lang='lat' dir='ltr'>Quin·</span> 
     </span>
     <span class='ocr_line' id='line_1_11' title="bbox 158 1353 1250 1420; baseline 0 -14"><span class='ocrx_word' id='word_1_101' title='bbox 158 1356 307 1420; x_wconf 84' lang='lat' dir='ltr'>quatmhus</span> <span class='ocrx_word' id='word_1_102' title='bbox 325 1359 353 1406; x_wconf 90' lang='lat' dir='ltr'>et</span> <span class='ocrx_word' id='word_1_103' title='bbox 370 1355 427 1406; x_wconf 89' lang='lat' dir='ltr'>allis</span> <span class='ocrx_word' id='word_1_104' title='bbox 443 1369 494 1420; x_wconf 89' lang='lat' dir='ltr'>per</span> <span class='ocrx_word' id='word_1_105' title='bbox 511 1367 611 1404; x_wconf 88' lang='lat' dir='ltr'>annum</span> <span class='ocrx_word' id='word_1_106' title='bbox 628 1355 747 1418; x_wconf 62' lang='lat' dir='ltr'>tertiani:</span> <span class='ocrx_word' id='word_1_107' title='bbox 766 1357 848 1420; x_wconf 85' lang='lat' dir='ltr'>utque</span> <span class='ocrx_word' id='word_1_108' title='bbox 866 1353 1028 1418; x_wconf 81' lang='lat' dir='ltr'>concedam,</span> <span class='ocrx_word' id='word_1_109' title='bbox 1056 1354 1130 1419; x_wconf 93' lang='lat' dir='ltr'>quod</span> <span class='ocrx_word' id='word_1_110' title='bbox 1149 1369 1182 1406; x_wconf 82' lang='lat' dir='ltr'>ex</span> <span class='ocrx_word' id='word_1_111' title='bbox 1199 1355 1250 1406; x_wconf 89' lang='lat' dir='ltr'>hoc</span> 
     </span>
     <span class='ocr_line' id='line_1_12' title="bbox 158 1437 1251 1505; baseline 0 -15"><span class='ocrx_word' id='word_1_112' title='bbox 158 1439 254 1491; x_wconf 86' lang='lat' dir='ltr'>eodem</span> <span class='ocrx_word' id='word_1_113' title='bbox 272 1441 466 1505; x_wconf 89' lang='lat' dir='ltr'>epigrammate</span> <span class='ocrx_word' id='word_1_114' title='bbox 484 1438 569 1502; x_wconf 76' lang='lat' dir='ltr'>colligi</span> <span class='ocrx_word' id='word_1_115' title='bbox 593 1437 670 1499; x_wconf 91' lang='lat' dir='ltr'>licet,</span> <span class='ocrx_word' id='word_1_116' title='bbox 696 1438 837 1490; x_wconf 85' lang='lat' dir='ltr'>nonnullos</span> <span class='ocrx_word' id='word_1_117' title='bbox 855 1441 1008 1503; x_wconf 88' lang='lat' dir='ltr'>magistros,</span> <span class='ocrx_word' id='word_1_118' title='bbox 1034 1439 1153 1490; x_wconf 89' lang='lat' dir='ltr'>urbanos</span> <span class='ocrx_word' id='word_1_119' title='bbox 1171 1453 1251 1504; x_wconf 89' lang='lat' dir='ltr'>prae·</span> 
     </span>
     <span class='ocr_line' id='line_1_13' title="bbox 157 1523 1251 1588; baseline 0 -14"><span class='ocrx_word' id='word_1_120' title='bbox 157 1525 262 1586; x_wconf 88' lang='lat' dir='ltr'>sertim,</span> <span class='ocrx_word' id='word_1_121' title='bbox 291 1523 358 1574; x_wconf 86' lang='lat' dir='ltr'>lucri</span> <span class='ocrx_word' id='word_1_122' title='bbox 384 1524 497 1575; x_wconf 83' lang='lat' dir='ltr'>lactendi</span> <span class='ocrx_word' id='word_1_123' title='bbox 519 1536 601 1574; x_wconf 89' lang='lat' dir='ltr'>causa</span> <span class='ocrx_word' id='word_1_124' title='bbox 617 1535 717 1587; x_wconf 89' lang='lat' dir='ltr'>pueros</span> <span class='ocrx_word' id='word_1_125' title='bbox 735 1523 816 1573; x_wconf 85' lang='lat' dir='ltr'>etiam</span> <span class='ocrx_word' id='word_1_126' title='bbox 833 1524 935 1574; x_wconf 88' lang='lat' dir='ltr'>aestivo</span> <span class='ocrx_word' id='word_1_127' title='bbox 952 1527 1073 1588; x_wconf 86' lang='lat' dir='ltr'>tempore</span> <span class='ocrx_word' id='word_1_128' title='bbox 1091 1523 1123 1573; x_wconf 92' lang='lat' dir='ltr'>ad</span> <span class='ocrx_word' id='word_1_129' title='bbox 1143 1523 1251 1576; x_wconf 90' lang='lat' dir='ltr'>disoen-</span> 
     </span>
     <span class='ocr_line' id='line_1_14' title="bbox 158 1605 1250 1670; baseline 0.003 -15"><span class='ocrx_word' id='word_1_130' title='bbox 158 1606 220 1656; x_wconf 90' lang='lat' dir='ltr'>dum</span> <span class='ocrx_word' id='word_1_131' title='bbox 245 1605 319 1670; x_wconf 86' lang='lat' dir='ltr'>epud</span> <span class='ocrx_word' id='word_1_132' title='bbox 347 1620 376 1656; x_wconf 84' lang='lat' dir='ltr'>ee</span> <span class='ocrx_word' id='word_1_133' title='bbox 400 1606 507 1670; x_wconf 90' lang='lat' dir='ltr'>adigere</span> <span class='ocrx_word' id='word_1_134' title='bbox 528 1606 677 1668; x_wconf 81' lang='lat' dir='ltr'>studuisse,</span> <span class='ocrx_word' id='word_1_135' title='bbox 705 1605 757 1656; x_wconf 92' lang='lat' dir='ltr'>hoc</span> <span class='ocrx_word' id='word_1_136' title='bbox 782 1609 872 1658; x_wconf 89' lang='lat' dir='ltr'>tamen</span> <span class='ocrx_word' id='word_1_137' title='bbox 897 1610 1125 1670; x_wconf 86' lang='lat' dir='ltr'>praetermorem</span> <span class='ocrx_word' id='word_1_138' title='bbox 1152 1607 1250 1658; x_wconf 89' lang='lat' dir='ltr'>iactum</span> 
     </span>
     <span class='ocr_line' id='line_1_15' title="bbox 156 1686 1251 1755; baseline 0.001 -16"><span class='ocrx_word' id='word_1_139' title='bbox 156 1701 216 1739; x_wconf 88' lang='lat' dir='ltr'>esse</span> <span class='ocrx_word' id='word_1_140' title='bbox 237 1688 283 1739; x_wconf 87' lang='lat' dir='ltr'>vel</span> <span class='ocrx_word' id='word_1_141' title='bbox 305 1686 367 1740; x_wconf 90' lang='lat' dir='ltr'>ideo</span> <span class='ocrx_word' id='word_1_142' title='bbox 390 1689 519 1754; x_wconf 83' lang='lat' dir='ltr'>suspicari</span> <span class='ocrx_word' id='word_1_143' title='bbox 542 1701 699 1755; x_wconf 87' lang='lat' dir='ltr'>possumus,</span> <span class='ocrx_word' id='word_1_144' title='bbox 729 1692 790 1754; x_wconf 91' lang='lat' dir='ltr'>quia</span> <span class='ocrx_word' id='word_1_145' title='bbox 808 1692 932 1743; x_wconf 74' lang='lat' dir='ltr'>Martialis</span> <span class='ocrx_word' id='word_1_146' title='bbox 950 1694 1052 1742; x_wconf 88' lang='lat' dir='ltr'>certam</span> <span class='ocrx_word' id='word_1_147' title='bbox 1068 1693 1158 1742; x_wconf 80' lang='lat' dir='ltr'>iduum</span> <span class='ocrx_word' id='word_1_148' title='bbox 1175 1693 1251 1740; x_wconf 87' lang='lat' dir='ltr'>Octo-</span> 
     </span>
     <span class='ocr_line' id='line_1_16' title="bbox 156 1773 1249 1838; baseline 0 -14"><span class='ocrx_word' id='word_1_149' title='bbox 156 1774 238 1824; x_wconf 84' lang='lat' dir='ltr'>lm&#39;um</span> <span class='ocrx_word' id='word_1_150' title='bbox 256 1774 330 1825; x_wconf 89' lang='lat' dir='ltr'>diem</span> <span class='ocrx_word' id='word_1_151' title='bbox 347 1777 492 1835; x_wconf 91' lang='lat' dir='ltr'>memorat,</span> <span class='ocrx_word' id='word_1_152' title='bbox 521 1775 547 1824; x_wconf 93' lang='lat' dir='ltr'>in</span> <span class='ocrx_word' id='word_1_153' title='bbox 565 1787 618 1838; x_wconf 84' lang='lat' dir='ltr'>qua</span> <span class='ocrx_word' id='word_1_154' title='bbox 635 1773 741 1826; x_wconf 87' lang='lat' dir='ltr'>scholas</span> <span class='ocrx_word' id='word_1_155' title='bbox 766 1774 893 1825; x_wconf 88' lang='lat' dir='ltr'>hibernas</span> <span class='ocrx_word' id='word_1_156' title='bbox 918 1775 1021 1825; x_wconf 92' lang='lat' dir='ltr'>initium</span> <span class='ocrx_word' id='word_1_157' title='bbox 1047 1774 1173 1825; x_wconf 90' lang='lat' dir='ltr'>habuisse</span> <span class='ocrx_word' id='word_1_158' title='bbox 1191 1777 1249 1824; x_wconf 89' lang='lat' dir='ltr'>veri</span> 
     </span>
     <span class='ocr_line' id='line_1_17' title="bbox 155 1857 1250 1922; baseline 0.002 -14"><span class='ocrx_word' id='word_1_159' title='bbox 155 1857 239 1909; x_wconf 81' lang='lat' dir='ltr'>simile</span> <span class='ocrx_word' id='word_1_160' title='bbox 254 1859 302 1918; x_wconf 73' lang='lat' dir='ltr'>sit,</span> <span class='ocrx_word' id='word_1_161' title='bbox 322 1858 432 1910; x_wconf 86' lang='lat' dir='ltr'>easdem</span> <span class='ocrx_word' id='word_1_162' title='bbox 444 1871 509 1908; x_wconf 83' lang='lat' dir='ltr'>vero</span> <span class='ocrx_word' id='word_1_163' title='bbox 527 1857 618 1909; x_wconf 91' lang='lat' dir='ltr'>ldibus</span> <span class='ocrx_word' id='word_1_164' title='bbox 635 1858 716 1909; x_wconf 84' lang='lat' dir='ltr'>luniis</span> <span class='ocrx_word' id='word_1_165' title='bbox 732 1857 821 1909; x_wconf 84' lang='lat' dir='ltr'>linitas</span> <span class='ocrx_word' id='word_1_166' title='bbox 833 1871 909 1921; x_wconf 81' lang='lat' dir='ltr'>ease,</span> <span class='ocrx_word' id='word_1_167' title='bbox 928 1871 1091 1922; x_wconf 85' lang='lat' dir='ltr'>quamquam</span> <span class='ocrx_word' id='word_1_168' title='bbox 1106 1871 1159 1908; x_wconf 92' lang='lat' dir='ltr'>non</span> <span class='ocrx_word' id='word_1_169' title='bbox 1173 1857 1250 1910; x_wconf 91' lang='lat' dir='ltr'>claris</span> 
     </span>
     <span class='ocr_line' id='line_1_18' title="bbox 155 1939 1250 2006; baseline 0.005 -18"><span class='ocrx_word' id='word_1_170' title='bbox 155 1939 246 1992; x_wconf 85' lang='lat' dir='ltr'>verbis</span> <span class='ocrx_word' id='word_1_171' title='bbox 265 1944 344 2006; x_wconf 80' lang='lat' dir='ltr'>poeta</span> <span class='ocrx_word' id='word_1_172' title='bbox 363 1941 438 2002; x_wconf 91' lang='lat' dir='ltr'>dicit,</span> <span class='ocrx_word' id='word_1_173' title='bbox 458 1944 547 1992; x_wconf 90' lang='lat' dir='ltr'>tamen</span> <span class='ocrx_word' id='word_1_174' title='bbox 566 1941 641 1992; x_wconf 89' lang='lat' dir='ltr'>iacile</span> <span class='ocrx_word' id='word_1_175' title='bbox 659 1942 721 1992; x_wconf 91' lang='lat' dir='ltr'>inde</span> <span class='ocrx_word' id='word_1_176' title='bbox 739 1943 875 2006; x_wconf 86' lang='lat' dir='ltr'>sequitur,</span> <span class='ocrx_word' id='word_1_177' title='bbox 902 1941 976 2006; x_wconf 88' lang='lat' dir='ltr'>quod</span> <span class='ocrx_word' id='word_1_178' title='bbox 994 1943 1048 1992; x_wconf 90' lang='lat' dir='ltr'>iam</span> <span class='ocrx_word' id='word_1_179' title='bbox 1063 1941 1155 1992; x_wconf 74' lang='lat' dir='ltr'>lollium</span> <span class='ocrx_word' id='word_1_180' title='bbox 1172 1954 1250 1993; x_wconf 91' lang='lat' dir='ltr'>men-</span> 
     </span>
     <span class='ocr_line' id='line_1_19' title="bbox 155 2023 1248 2090; baseline 0.002 -16"><span class='ocrx_word' id='word_1_181' title='bbox 155 2037 211 2076; x_wconf 87' lang='lat' dir='ltr'>sem</span> <span class='ocrx_word' id='word_1_182' title='bbox 235 2023 461 2076; x_wconf 89' lang='lat' dir='ltr'>scholasticorum</span> <span class='ocrx_word' id='word_1_183' title='bbox 486 2039 599 2076; x_wconf 92' lang='lat' dir='ltr'>numero</span> <span class='ocrx_word' id='word_1_184' title='bbox 622 2026 722 2076; x_wconf 82' lang='lat' dir='ltr'>eximit.</span> <span class='ocrx_word' id='word_1_185' title='bbox 741 2051 756 2062; x_wconf 94' lang='lat'>-</span> <span class='ocrx_word' id='word_1_186' title='bbox 772 2027 846 2076; x_wconf 87' lang='lat' dir='ltr'>-sic</span> <span class='ocrx_word' id='word_1_187' title='bbox 871 2026 960 2076; x_wconf 90' lang='lat' dir='ltr'>omnia</span> <span class='ocrx_word' id='word_1_188' title='bbox 984 2029 1057 2076; x_wconf 88' lang='lat' dir='ltr'>recte</span> <span class='ocrx_word' id='word_1_189' title='bbox 1080 2026 1248 2090; x_wconf 88' lang='lat' dir='ltr'>procedunt:</span> 
     </span>
     <span class='ocr_line' id='line_1_20' title="bbox 154 2108 1251 2176; baseline 0.002 -18"><span class='ocrx_word' id='word_1_190' title='bbox 154 2113 258 2158; x_wconf 80' lang='lat' dir='ltr'>octonae</span> <span class='ocrx_word' id='word_1_191' title='bbox 274 2109 334 2158; x_wconf 75' lang='lat' dir='ltr'>ideo</span> <span class='ocrx_word' id='word_1_192' title='bbox 350 2111 523 2160; x_wconf 84' lang='lat' dir='ltr'>sunteorum</span> <span class='ocrx_word' id='word_1_193' title='bbox 540 2110 690 2171; x_wconf 89' lang='lat' dir='ltr'>mensium,</span> <span class='ocrx_word' id='word_1_194' title='bbox 715 2111 762 2176; x_wconf 81' lang='lat' dir='ltr'>qui</span> <span class='ocrx_word' id='word_1_195' title='bbox 783 2109 892 2173; x_wconf 86' lang='lat' dir='ltr'>singulis</span> <span class='ocrx_word' id='word_1_196' title='bbox 908 2111 984 2160; x_wconf 84' lang='lat' dir='ltr'>annis</span> <span class='ocrx_word' id='word_1_197' title='bbox 1002 2108 1100 2162; x_wconf 89' lang='lat' dir='ltr'>scholis</span> <span class='ocrx_word' id='word_1_198' title='bbox 1118 2109 1251 2160; x_wconf 85' lang='lat' dir='ltr'>habendis</span> 
     </span>
     <span class='ocr_line' id='line_1_21' title="bbox 154 2190 1249 2256; baseline 0.003 -15"><span class='ocrx_word' id='word_1_199' title='bbox 154 2190 372 2254; x_wconf 83' lang='lat' dir='ltr'>destinabantur,</span> <span class='ocrx_word' id='word_1_200' title='bbox 391 2193 432 2243; x_wconf 90' lang='lat' dir='ltr'>his</span> <span class='ocrx_word' id='word_1_201' title='bbox 450 2195 541 2242; x_wconf 89' lang='lat' dir='ltr'>autem</span> <span class='ocrx_word' id='word_1_202' title='bbox 558 2191 676 2256; x_wconf 88' lang='lat' dir='ltr'>singulos</span> <span class='ocrx_word' id='word_1_203' title='bbox 693 2205 783 2255; x_wconf 88' lang='lat' dir='ltr'>asses,</span> <span class='ocrx_word' id='word_1_204' title='bbox 807 2195 897 2244; x_wconf 88' lang='lat' dir='ltr'>notam</span> <span class='ocrx_word' id='word_1_205' title='bbox 915 2196 995 2244; x_wconf 90' lang='lat' dir='ltr'>etiam</span> <span class='ocrx_word' id='word_1_206' title='bbox 1012 2193 1118 2244; x_wconf 87' lang='lat' dir='ltr'>aliunde</span> <span class='ocrx_word' id='word_1_207' title='bbox 1137 2194 1249 2244; x_wconf 90' lang='lat' dir='ltr'>didaetri</span> 
     </span>
     <span class='ocr_line' id='line_1_22' title="bbox 155 2275 1252 2340; baseline 0.002 -14"><span class='ocrx_word' id='word_1_208' title='bbox 155 2287 292 2326; x_wconf 85' lang='lat' dir='ltr'>summam</span> <span class='ocrx_word' id='word_1_209' title='bbox 310 2275 435 2338; x_wconf 84' lang='lat' dir='ltr'>(luvenel.</span> <span class='ocrx_word' id='word_1_210' title='bbox 449 2277 495 2337; x_wconf 81' lang='lat' dir='ltr'>eo,</span> <span class='ocrx_word' id='word_1_211' title='bbox 516 2277 580 2326; x_wconf 83' lang='lat' dir='ltr'>ire:</span> <span class='ocrx_word' id='word_1_212' title='bbox 601 2277 717 2339; x_wconf 67' lang='grc' dir='ltr'>(λιὶεᾳωίε</span> <span class='ocrx_word' id='word_1_213' title='bbox 727 2277 809 2328; x_wconf 83' lang='lat' dir='ltr'>adhuc</span> <span class='ocrx_word' id='word_1_214' title='bbox 824 2291 875 2327; x_wconf 83' lang='lat' dir='ltr'>ono</span> <span class='ocrx_word' id='word_1_215' title='bbox 888 2283 995 2340; x_wconf 86' lang='lat' dir='ltr'>portem</span> <span class='ocrx_word' id='word_1_216' title='bbox 1011 2279 1068 2328; x_wconf 87' lang='lat' dir='ltr'>colit</span> <span class='ocrx_word' id='word_1_217' title='bbox 1086 2291 1141 2328; x_wconf 78' lang='lat' dir='ltr'>osee</span> <span class='ocrx_word' id='word_1_218' title='bbox 1157 2280 1252 2329; x_wconf 69' lang='lat' dir='ltr'>Mine-</span> 
     </span>
     <span class='ocr_line' id='line_1_23' title="bbox 154 2358 1250 2426; baseline 0.003 -18"><span class='ocrx_word' id='word_1_219' title='bbox 154 2361 244 2426; x_wconf 85' lang='lat' dir='ltr'>oom.),</span> <span class='ocrx_word' id='word_1_220' title='bbox 265 2359 369 2411; x_wconf 85' lang='lat' dir='ltr'>Flavius</span> <span class='ocrx_word' id='word_1_221' title='bbox 387 2373 402 2410; x_wconf 91' lang='lat' dir='ltr'>a</span> <span class='ocrx_word' id='word_1_222' title='bbox 420 2358 555 2424; x_wconf 86' lang='lat' dir='ltr'>discipulis</span> <span class='ocrx_word' id='word_1_223' title='bbox 568 2361 624 2410; x_wconf 87' lang='lat' dir='ltr'>suis</span> <span class='ocrx_word' id='word_1_224' title='bbox 641 2372 690 2424; x_wconf 92' lang='lat' dir='ltr'>pro</span> <span class='ocrx_word' id='word_1_225' title='bbox 708 2360 834 2412; x_wconf 85' lang='lat' dir='ltr'>mercede</span> <span class='ocrx_word' id='word_1_226' title='bbox 846 2362 943 2426; x_wconf 90' lang='lat' dir='ltr'>accipit</span> <span class='ocrx_word' id='word_1_227' title='bbox 955 2364 1024 2412; x_wconf 82' lang='lat' dir='ltr'>cet.»</span> <span class='ocrx_word' id='word_1_228' title='bbox 1038 2389 1066 2398; x_wconf 88' lang='lat'>—</span> <span class='ocrx_word' id='word_1_229' title='bbox 1080 2363 1148 2413; x_wconf 90' lang='lat' dir='ltr'>Cum</span> <span class='ocrx_word' id='word_1_230' title='bbox 1161 2363 1250 2426; x_wconf 89' lang='lat' dir='ltr'>priore</span> 
     </span>
     <span class='ocr_line' id='line_1_24' title="bbox 156 2442 1251 2510; baseline 0.002 -16"><span class='ocrx_word' id='word_1_231' title='bbox 156 2443 204 2495; x_wconf 91' lang='lat' dir='ltr'>hac</span> <span class='ocrx_word' id='word_1_232' title='bbox 227 2445 378 2496; x_wconf 87' lang='lat' dir='ltr'>Hermanui</span> <span class='ocrx_word' id='word_1_233' title='bbox 396 2445 466 2495; x_wconf 89' lang='lat' dir='ltr'>Cura</span> <span class='ocrx_word' id='word_1_234' title='bbox 489 2442 652 2495; x_wconf 86' lang='lat' dir='ltr'>conterende</span> <span class='ocrx_word' id='word_1_235' title='bbox 676 2446 718 2495; x_wconf 85' lang='lat' dir='ltr'>eet</span> <span class='ocrx_word' id='word_1_236' title='bbox 740 2443 823 2495; x_wconf 88' lang='lat' dir='ltr'>altera</span> <span class='ocrx_word' id='word_1_237' title='bbox 845 2446 901 2496; x_wconf 85' lang='lat' dir='ltr'>sive</span> <span class='ocrx_word' id='word_1_238' title='bbox 924 2447 1091 2510; x_wconf 80' lang='lat' dir='ltr'>Responsum</span> <span class='ocrx_word' id='word_1_239' title='bbox 1109 2445 1143 2495; x_wconf 92' lang='lat' dir='ltr'>ad</span> <span class='ocrx_word' id='word_1_240' title='bbox 1161 2445 1251 2496; x_wconf 87' lang='lat' dir='ltr'>Obba-</span> 
     </span>
     <span class='ocr_line' id='line_1_25' title="bbox 155 2528 1251 2593; baseline 0.002 -15"><span class='ocrx_word' id='word_1_241' title='bbox 155 2529 221 2579; x_wconf 86' lang='lat' dir='ltr'>n&#39;um</span> <span class='ocrx_word' id='word_1_242' title='bbox 252 2528 366 2578; x_wconf 87' lang='lat' dir='ltr'>missum</span> <span class='ocrx_word' id='word_1_243' title='bbox 392 2528 419 2578; x_wconf 90' lang='lat' dir='ltr'>in</span> <span class='ocrx_word' id='word_1_244' title='bbox 440 2529 647 2578; x_wconf 88' lang='lat' dir='ltr'>Zimmermanni</span> <span class='ocrx_word' id='word_1_245' title='bbox 669 2528 806 2592; x_wconf 73' lang='lat' dir='ltr'>Zeitschritl</span> <span class='ocrx_word' id='word_1_246' title='bbox 823 2529 895 2580; x_wconf 73' lang='lat' dir='ltr'>itti.</span> <span class='ocrx_word' id='word_1_247' title='bbox 914 2542 941 2593; x_wconf 93' lang='lat' dir='ltr'>p.</span> <span class='ocrx_word' id='word_1_248' title='bbox 961 2529 1083 2580; x_wconf 69' lang='lat' dir='ltr'>ddi-252.</span> <span class='ocrx_word' id='word_1_249' title='bbox 1119 2529 1251 2592; x_wconf 83' lang='lat' dir='ltr'>Equidem</span> 
     </span>
     <span class='ocr_line' id='line_1_26' title="bbox 155 2610 1251 2676; baseline 0.003 -16"><span class='ocrx_word' id='word_1_250' title='bbox 155 2613 180 2662; x_wconf 93' lang='lat' dir='ltr'>in</span> <span class='ocrx_word' id='word_1_251' title='bbox 202 2611 311 2676; x_wconf 85' lang='lat' dir='ltr'>primae</span> <span class='ocrx_word' id='word_1_252' title='bbox 334 2610 381 2660; x_wconf 85' lang='lat' dir='ltr'>Ed.</span> <span class='ocrx_word' id='word_1_253' title='bbox 401 2611 566 2662; x_wconf 73' lang='lat' dir='ltr'>praelatione</span> <span class='ocrx_word' id='word_1_254' title='bbox 587 2624 615 2675; x_wconf 90' lang='lat' dir='ltr'>p.</span> <span class='ocrx_word' id='word_1_255' title='bbox 635 2611 699 2660; x_wconf 89' lang='lat' dir='ltr'>Vlll.</span> <span class='ocrx_word' id='word_1_256' title='bbox 723 2611 791 2662; x_wconf 89' lang='lat' dir='ltr'>haec</span> <span class='ocrx_word' id='word_1_257' title='bbox 812 2613 988 2676; x_wconf 80' lang='lat' dir='ltr'>scripseram:</span> <span class='ocrx_word' id='word_1_258' title='bbox 1017 2613 1088 2663; x_wconf 75' lang='lat' dir='ltr'>ellac</span> <span class='ocrx_word' id='word_1_259' title='bbox 1111 2615 1200 2663; x_wconf 89' lang='lat' dir='ltr'>tamen</span> <span class='ocrx_word' id='word_1_260' title='bbox 1224 2614 1251 2664; x_wconf 92' lang='lat' dir='ltr'>in</span> 
     </span>
     <span class='ocr_line' id='line_1_27' title="bbox 155 2693 1252 2760; baseline 0.001 -15"><span class='ocrx_word' id='word_1_261' title='bbox 155 2697 297 2759; x_wconf 87' lang='lat' dir='ltr'>opinione,</span> <span class='ocrx_word' id='word_1_262' title='bbox 315 2697 451 2746; x_wconf 88' lang='lat' dir='ltr'>octussem</span> <span class='ocrx_word' id='word_1_263' title='bbox 469 2695 608 2746; x_wconf 78' lang='lat' dir='ltr'>dumtaxat</span> <span class='ocrx_word' id='word_1_264' title='bbox 625 2693 769 2758; x_wconf 89' lang='lat' dir='ltr'>discipulos</span> <span class='ocrx_word' id='word_1_265' title='bbox 785 2697 926 2759; x_wconf 86' lang='lat' dir='ltr'>quotannis</span> <span class='ocrx_word' id='word_1_266' title='bbox 943 2695 1106 2760; x_wconf 86' lang='lat' dir='ltr'>pependisse</span> <span class='ocrx_word' id='word_1_267' title='bbox 1123 2695 1178 2746; x_wconf 93' lang='lat' dir='ltr'>ludi</span> <span class='ocrx_word' id='word_1_268' title='bbox 1196 2709 1252 2746; x_wconf 85' lang='lat' dir='ltr'>me-</span> 
     </span>
     <span class='ocr_line' id='line_1_28' title="bbox 156 2779 1251 2844; baseline 0 -14"><span class='ocrx_word' id='word_1_269' title='bbox 156 2780 252 2843; x_wconf 87' lang='lat' dir='ltr'>gistro,</span> <span class='ocrx_word' id='word_1_270' title='bbox 280 2791 325 2828; x_wconf 90' lang='lat' dir='ltr'>me</span> <span class='ocrx_word' id='word_1_271' title='bbox 347 2779 539 2829; x_wconf 87' lang='lat' dir='ltr'>assentientem</span> <span class='ocrx_word' id='word_1_272' title='bbox 562 2791 616 2830; x_wconf 92' lang='lat' dir='ltr'>non</span> <span class='ocrx_word' id='word_1_273' title='bbox 640 2779 722 2830; x_wconf 90' lang='lat' dir='ltr'>habet</span> <span class='ocrx_word' id='word_1_274' title='bbox 747 2780 926 2830; x_wconf 86' lang='lat' dir='ltr'>Hermannua.</span> <span class='ocrx_word' id='word_1_275' title='bbox 961 2781 1042 2842; x_wconf 82' lang='lat' dir='ltr'>Nam,</span> <span class='ocrx_word' id='word_1_276' title='bbox 1069 2783 1098 2828; x_wconf 91' lang='lat' dir='ltr'>ut</span> <span class='ocrx_word' id='word_1_277' title='bbox 1124 2781 1251 2844; x_wconf 89' lang='lat' dir='ltr'>magister</span> 
     </span>
     <span class='ocr_line' id='line_1_29' title="bbox 155 2861 1252 2928; baseline 0.002 -16"><span class='ocrx_word' id='word_1_278' title='bbox 155 2861 251 2928; x_wconf 85' lang='lat' dir='ltr'>aliquis</span> <span class='ocrx_word' id='word_1_279' title='bbox 268 2861 312 2912; x_wconf 83' lang='lat' dir='ltr'>vel</span> <span class='ocrx_word' id='word_1_280' title='bbox 330 2864 439 2914; x_wconf 90' lang='lat' dir='ltr'>centum</span> <span class='ocrx_word' id='word_1_281' title='bbox 456 2862 601 2928; x_wconf 89' lang='lat' dir='ltr'>discipulos</span> <span class='ocrx_word' id='word_1_282' title='bbox 618 2863 769 2924; x_wconf 86' lang='lat' dir='ltr'>habuisset,</span> <span class='ocrx_word' id='word_1_283' title='bbox 788 2863 886 2914; x_wconf 87' lang='lat' dir='ltr'>DCCC.</span> <span class='ocrx_word' id='word_1_284' title='bbox 905 2861 1022 2926; x_wconf 86' lang='lat' dir='ltr'>assibus,</span> <span class='ocrx_word' id='word_1_285' title='bbox 1042 2863 1068 2913; x_wconf 92' lang='lat' dir='ltr'>id</span> <span class='ocrx_word' id='word_1_286' title='bbox 1086 2865 1141 2922; x_wconf 91' lang='lat' dir='ltr'>est,</span> <span class='ocrx_word' id='word_1_287' title='bbox 1161 2876 1195 2913; x_wconf 89' lang='lat' dir='ltr'>ne</span> <span class='ocrx_word' id='word_1_288' title='bbox 1206 2877 1252 2914; x_wconf 88' lang='lat' dir='ltr'>se-</span> 
     </span>
     <span class='ocr_line' id='line_1_30' title="bbox 156 2946 1251 3012; baseline 0 -16"><span class='ocrx_word' id='word_1_289' title='bbox 156 2949 249 2997; x_wconf 89' lang='lat' dir='ltr'>stertio</span> <span class='ocrx_word' id='word_1_290' title='bbox 270 2946 381 3010; x_wconf 90' lang='lat' dir='ltr'>quidem</span> <span class='ocrx_word' id='word_1_291' title='bbox 398 2946 515 3010; x_wconf 87' lang='lat' dir='ltr'>singulos</span> <span class='ocrx_word' id='word_1_292' title='bbox 531 2961 582 3012; x_wconf 88' lang='lat' dir='ltr'>per</span> <span class='ocrx_word' id='word_1_293' title='bbox 598 2948 671 3009; x_wconf 91' lang='lat' dir='ltr'>dies,</span> <span class='ocrx_word' id='word_1_294' title='bbox 689 2948 771 2997; x_wconf 86' lang='lat' dir='ltr'>vitum</span> <span class='ocrx_word' id='word_1_295' title='bbox 789 2949 939 2998; x_wconf 90' lang='lat' dir='ltr'>sustentare</span> <span class='ocrx_word' id='word_1_296' title='bbox 954 2960 1007 2997; x_wconf 89' lang='lat' dir='ltr'>non</span> <span class='ocrx_word' id='word_1_297' title='bbox 1025 2946 1168 3010; x_wconf 88' lang='lat' dir='ltr'>potuisset:</span> <span class='ocrx_word' id='word_1_298' title='bbox 1189 2958 1251 2996; x_wconf 93' lang='lat' dir='ltr'>cum</span> 
     </span>
     <span class='ocr_line' id='line_1_31' title="bbox 156 3030 1251 3096; baseline 0 -16"><span class='ocrx_word' id='word_1_299' title='bbox 156 3031 214 3080; x_wconf 92' lang='lat' dir='ltr'>inde</span> <span class='ocrx_word' id='word_1_300' title='bbox 233 3043 252 3080; x_wconf 90' lang='lat' dir='ltr'>a</span> <span class='ocrx_word' id='word_1_301' title='bbox 270 3030 393 3081; x_wconf 89' lang='lat' dir='ltr'>Caesaris</span> <span class='ocrx_word' id='word_1_302' title='bbox 413 3033 535 3096; x_wconf 87' lang='lat' dir='ltr'>tempore</span> <span class='ocrx_word' id='word_1_303' title='bbox 552 3030 594 3082; x_wconf 79' lang='lat' dir='ltr'>rel</span> <span class='ocrx_word' id='word_1_304' title='bbox 617 3033 753 3096; x_wconf 87' lang='lat' dir='ltr'>gregarius</span> <span class='ocrx_word' id='word_1_305' title='bbox 771 3030 847 3082; x_wconf 90' lang='lat' dir='ltr'>miles</span> <span class='ocrx_word' id='word_1_306' title='bbox 865 3031 896 3082; x_wconf 90' lang='lat' dir='ltr'>ll.</span> <span class='ocrx_word' id='word_1_307' title='bbox 915 3043 990 3082; x_wconf 89' lang='lat' dir='ltr'>asses</span> <span class='ocrx_word' id='word_1_308' title='bbox 1008 3043 1116 3091; x_wconf 90' lang='lat' dir='ltr'>aereos,</span> <span class='ocrx_word' id='word_1_309' title='bbox 1143 3031 1251 3094; x_wconf 87' lang='lat' dir='ltr'>praeto-</span> 
     </span>
     <span class='ocr_line' id='line_1_32' title="bbox 155 3112 1249 3178; baseline 0.001 -15"><span class='ocrx_word' id='word_1_310' title='bbox 155 3113 247 3165; x_wconf 90' lang='lat' dir='ltr'>rianus</span> <span class='ocrx_word' id='word_1_311' title='bbox 274 3112 392 3178; x_wconf 88' lang='lat' dir='ltr'>singulos</span> <span class='ocrx_word' id='word_1_312' title='bbox 415 3114 542 3165; x_wconf 89' lang='lat' dir='ltr'>denarios</span> <span class='ocrx_word' id='word_1_313' title='bbox 559 3115 632 3178; x_wconf 83' lang='lat' dir='ltr'>(llvl.</span> <span class='ocrx_word' id='word_1_314' title='bbox 652 3114 755 3176; x_wconf 80' lang='lat' dir='ltr'>aereos)</span> <span class='ocrx_word' id='word_1_315' title='bbox 774 3113 891 3178; x_wconf 84' lang='lat' dir='ltr'>quotidie</span> <span class='ocrx_word' id='word_1_316' title='bbox 916 3118 1040 3164; x_wconf 89' lang='lat' dir='ltr'>mereret.</span> <span class='ocrx_word' id='word_1_317' title='bbox 1073 3113 1162 3176; x_wconf 85' lang='lat' dir='ltr'>(Tacit.</span> <span class='ocrx_word' id='word_1_318' title='bbox 1182 3116 1249 3164; x_wconf 79' lang='lat' dir='ltr'>hun.</span> 
     </span>
     <span class='ocr_line' id='line_1_33' title="bbox 157 3194 1249 3262; baseline 0.001 -17"><span class='ocrx_word' id='word_1_319' title='bbox 157 3199 182 3256; x_wconf 92' lang='lat' dir='ltr'>l,</span> <span class='ocrx_word' id='word_1_320' title='bbox 201 3197 255 3259; x_wconf 82' lang='lat'><strong>⁴7.)</strong></span> <span class='ocrx_word' id='word_1_321' title='bbox 285 3198 378 3261; x_wconf 84' lang='lat' dir='ltr'>ltaque</span> <span class='ocrx_word' id='word_1_322' title='bbox 395 3211 458 3247; x_wconf 83' lang='lat' dir='ltr'>cero</span> <span class='ocrx_word' id='word_1_323' title='bbox 476 3201 529 3249; x_wconf 91' lang='lat' dir='ltr'>cet.</span> <span class='ocrx_word' id='word_1_324' title='bbox 548 3200 582 3248; x_wconf 84' lang='lat' dir='ltr'>ita</span> <span class='ocrx_word' id='word_1_325' title='bbox 601 3198 806 3262; x_wconf 83' lang='lat' dir='ltr'>explicaverim:</span> <span class='ocrx_word' id='word_1_326' title='bbox 827 3199 955 3262; x_wconf 78' lang='lat' dir='ltr'>«Semper</span> <span class='ocrx_word' id='word_1_327' title='bbox 972 3194 1062 3246; x_wconf 78' lang='lat' dir='ltr'>lilibus</span> <span class='ocrx_word' id='word_1_328' title='bbox 1079 3195 1249 3257; x_wconf 88' lang='lat' dir='ltr'>Octobribus,</span> 
     </span>
     <span class='ocr_line' id='line_1_34' title="bbox 156 3277 1252 3345; baseline -0.002 -15"><span class='ocrx_word' id='word_1_329' title='bbox 156 3291 224 3343; x_wconf 89' lang='lat' dir='ltr'>quae</span> <span class='ocrx_word' id='word_1_330' title='bbox 244 3285 350 3331; x_wconf 72' lang='lat' dir='ltr'>nomene</span> <span class='ocrx_word' id='word_1_331' title='bbox 368 3283 430 3331; x_wconf 88' lang='lat' dir='ltr'>sunt</span> <span class='ocrx_word' id='word_1_332' title='bbox 446 3284 521 3342; x_wconf 88' lang='lat' dir='ltr'>anui,</span> <span class='ocrx_word' id='word_1_333' title='bbox 541 3294 622 3345; x_wconf 89' lang='lat' dir='ltr'>quem</span> <span class='ocrx_word' id='word_1_334' title='bbox 640 3295 689 3334; x_wconf 87' lang='lat' dir='ltr'>nos</span> <span class='ocrx_word' id='word_1_335' title='bbox 707 3283 836 3342; x_wconf 91' lang='lat' dir='ltr'>dicimus,</span> <span class='ocrx_word' id='word_1_336' title='bbox 855 3280 1004 3332; x_wconf 90' lang='lat' dir='ltr'>scholastici</span> <span class='ocrx_word' id='word_1_337' title='bbox 1022 3282 1049 3330; x_wconf 93' lang='lat' dir='ltr'>et</span> <span class='ocrx_word' id='word_1_338' title='bbox 1066 3279 1137 3344; x_wconf 90' lang='lat' dir='ltr'>apud</span> <span class='ocrx_word' id='word_1_339' title='bbox 1154 3277 1252 3330; x_wconf 78' lang='lat' dir='ltr'>homa·</span> 
     </span>
     <span class='ocr_line' id='line_1_35' title="bbox 156 3362 1251 3430; baseline 0.001 -17"><span class='ocrx_word' id='word_1_340' title='bbox 156 3377 203 3414; x_wconf 89' lang='lat' dir='ltr'>nos</span> <span class='ocrx_word' id='word_1_341' title='bbox 221 3367 252 3414; x_wconf 90' lang='lat' dir='ltr'>et</span> <span class='ocrx_word' id='word_1_342' title='bbox 269 3362 341 3427; x_wconf 89' lang='lat' dir='ltr'>apud</span> <span class='ocrx_word' id='word_1_343' title='bbox 365 3364 462 3414; x_wconf 92' lang='lat' dir='ltr'>horum</span> <span class='ocrx_word' id='word_1_344' title='bbox 479 3367 632 3429; x_wconf 88' lang='lat' dir='ltr'>tempomm</span> <span class='ocrx_word' id='word_1_345' title='bbox 650 3363 742 3426; x_wconf 91' lang='lat' dir='ltr'>ltalos,</span> <span class='ocrx_word' id='word_1_346' title='bbox 770 3366 847 3430; x_wconf 90' lang='lat' dir='ltr'>pueri</span> <span class='ocrx_word' id='word_1_347' title='bbox 864 3366 996 3429; x_wconf 82' lang='lat' dir='ltr'>magistris</span> <span class='ocrx_word' id='word_1_348' title='bbox 1014 3363 1126 3414; x_wconf 86' lang='lat' dir='ltr'>didactri</span> <span class='ocrx_word' id='word_1_349' title='bbox 1143 3364 1251 3415; x_wconf 86' lang='lat' dir='ltr'>nomine</span> 
     </span>
     <span class='ocr_line' id='line_1_36' title="bbox 156 3445 1251 3512; baseline -0.001 -14"><span class='ocrx_word' id='word_1_350' title='bbox 156 3447 300 3498; x_wconf 78' lang='lat' dir='ltr'>solvebant</span> <span class='ocrx_word' id='word_1_351' title='bbox 316 3460 370 3497; x_wconf 89' lang='lat' dir='ltr'>non</span> <span class='ocrx_word' id='word_1_352' title='bbox 387 3445 506 3510; x_wconf 85' lang='lat' dir='ltr'>singulos</span> <span class='ocrx_word' id='word_1_353' title='bbox 524 3461 614 3508; x_wconf 83' lang='lat' dir='ltr'>asses,</span> <span class='ocrx_word' id='word_1_354' title='bbox 633 3449 683 3500; x_wconf 87' lang='lat' dir='ltr'>sed</span> <span class='ocrx_word' id='word_1_355' title='bbox 701 3462 762 3500; x_wconf 88' lang='lat' dir='ltr'>eam</span> <span class='ocrx_word' id='word_1_356' title='bbox 778 3448 821 3499; x_wconf 90' lang='lat' dir='ltr'>vel</span> <span class='ocrx_word' id='word_1_357' title='bbox 845 3450 975 3500; x_wconf 87' lang='lat' dir='ltr'>maiorem</span> <span class='ocrx_word' id='word_1_358' title='bbox 992 3447 1034 3500; x_wconf 90' lang='lat' dir='ltr'>vel</span> <span class='ocrx_word' id='word_1_359' title='bbox 1051 3450 1184 3499; x_wconf 89' lang='lat' dir='ltr'>minorem</span> <span class='ocrx_word' id='word_1_360' title='bbox 1202 3461 1251 3512; x_wconf 88' lang='lat' dir='ltr'>pe-</span> 
     </span>
     <span class='ocr_line' id='line_1_37' title="bbox 157 3531 1252 3597; baseline 0.001 -17"><span class='ocrx_word' id='word_1_361' title='bbox 157 3533 252 3582; x_wconf 90' lang='lat' dir='ltr'>cuniae</span> <span class='ocrx_word' id='word_1_362' title='bbox 270 3543 420 3592; x_wconf 90' lang='lat' dir='ltr'>summam,</span> <span class='ocrx_word' id='word_1_363' title='bbox 445 3531 480 3582; x_wconf 92' lang='lat' dir='ltr'>de</span> <span class='ocrx_word' id='word_1_364' title='bbox 498 3545 549 3596; x_wconf 87' lang='lat' dir='ltr'>qua</span> <span class='ocrx_word' id='word_1_365' title='bbox 569 3532 639 3582; x_wconf 90' lang='lat' dir='ltr'>inter</span> <span class='ocrx_word' id='word_1_366' title='bbox 655 3533 705 3584; x_wconf 90' lang='lat' dir='ltr'>hos</span> <span class='ocrx_word' id='word_1_367' title='bbox 723 3535 750 3582; x_wconf 91' lang='lat' dir='ltr'>et</span> <span class='ocrx_word' id='word_1_368' title='bbox 767 3531 872 3584; x_wconf 88' lang='lat' dir='ltr'>illorum</span> <span class='ocrx_word' id='word_1_369' title='bbox 889 3535 1014 3597; x_wconf 87' lang='lat' dir='ltr'>parentes</span> <span class='ocrx_word' id='word_1_370' title='bbox 1031 3535 1167 3582; x_wconf 79' lang='lat' dir='ltr'>tutoresve</span> <span class='ocrx_word' id='word_1_371' title='bbox 1185 3545 1252 3582; x_wconf 90' lang='lat' dir='ltr'>con-</span> 
     </span>
     <span class='ocr_line' id='line_1_38' title="bbox 157 3615 1252 3681; baseline 0.004 -19"><span class='ocrx_word' id='word_1_372' title='bbox 157 3615 283 3676; x_wconf 79' lang='lat' dir='ltr'>venerat,</span> <span class='ocrx_word' id='word_1_373' title='bbox 303 3617 447 3679; x_wconf 86' lang='lat' dir='ltr'>antequam</span> <span class='ocrx_word' id='word_1_374' title='bbox 468 3617 601 3678; x_wconf 76' lang='lat' dir='ltr'>magistris</span> <span class='ocrx_word' id='word_1_375' title='bbox 613 3615 808 3666; x_wconf 82' lang='lat' dir='ltr'>traderentur.»</span> <span class='ocrx_word' id='word_1_376' title='bbox 827 3617 964 3667; x_wconf 90' lang='lat' dir='ltr'>Summam</span> <span class='ocrx_word' id='word_1_377' title='bbox 976 3629 1041 3666; x_wconf 86' lang='lat' dir='ltr'>vero</span> <span class='ocrx_word' id='word_1_378' title='bbox 1053 3617 1118 3666; x_wconf 91' lang='lat' dir='ltr'>satis</span> <span class='ocrx_word' id='word_1_379' title='bbox 1130 3617 1252 3681; x_wconf 85' lang='lat' dir='ltr'>exiguam</span> 
     </span>
     <span class='ocr_line' id='line_1_39' title="bbox 158 3696 1251 3764; baseline -0.001 -15"><span class='ocrx_word' id='word_1_380' title='bbox 158 3696 238 3749; x_wconf 87' lang='lat' dir='ltr'>tuisse</span> <span class='ocrx_word' id='word_1_381' title='bbox 257 3697 399 3762; x_wconf 86' lang='lat' dir='ltr'>significari</span> <span class='ocrx_word' id='word_1_382' title='bbox 420 3711 471 3763; x_wconf 90' lang='lat' dir='ltr'>per</span> <span class='ocrx_word' id='word_1_383' title='bbox 493 3712 553 3749; x_wconf 84' lang='lat' dir='ltr'>voc.</span> <span class='ocrx_word' id='word_1_384' title='bbox 573 3713 636 3750; x_wconf 84' lang='lat' dir='ltr'>aera</span> <span class='ocrx_word' id='word_1_385' title='bbox 653 3703 680 3750; x_wconf 91' lang='lat' dir='ltr'>et</span> <span class='ocrx_word' id='word_1_386' title='bbox 703 3700 745 3750; x_wconf 90' lang='lat' dir='ltr'>hic</span> <span class='ocrx_word' id='word_1_387' title='bbox 764 3702 791 3750; x_wconf 90' lang='lat' dir='ltr'>et</span> <span class='ocrx_word' id='word_1_388' title='bbox 808 3699 879 3764; x_wconf 90' lang='lat' dir='ltr'>apud</span> <span class='ocrx_word' id='word_1_389' title='bbox 905 3701 995 3750; x_wconf 85' lang='lat' dir='ltr'>iuven.</span> <span class='ocrx_word' id='word_1_390' title='bbox 1015 3699 1045 3760; x_wconf 82' lang='lat'>7,</span> <span class='ocrx_word' id='word_1_391' title='bbox 1069 3699 1126 3748; x_wconf 77' lang='lat' dir='ltr'>ill.</span> <span class='ocrx_word' id='word_1_392' title='bbox 1146 3701 1173 3749; x_wconf 90' lang='lat' dir='ltr'>et</span> <span class='ocrx_word' id='word_1_393' title='bbox 1194 3700 1251 3762; x_wconf 90' lang='lat' dir='ltr'>ipse</span> 
     </span>
     <span class='ocr_line' id='line_1_40' title="bbox 158 3779 1252 3848; baseline 0 -17"><span class='ocrx_word' id='word_1_394' title='bbox 158 3779 328 3832; x_wconf 90' lang='lat' dir='ltr'>llermannus</span> <span class='ocrx_word' id='word_1_395' title='bbox 345 3783 371 3831; x_wconf 95' lang='lat' dir='ltr'>in</span> <span class='ocrx_word' id='word_1_396' title='bbox 388 3780 471 3833; x_wconf 85' lang='lat' dir='ltr'>altera</span> <span class='ocrx_word' id='word_1_397' title='bbox 490 3795 538 3834; x_wconf 90' lang='lat' dir='ltr'>sua</span> <span class='ocrx_word' id='word_1_398' title='bbox 557 3785 627 3834; x_wconf 86' lang='lat' dir='ltr'>Cura</span> <span class='ocrx_word' id='word_1_399' title='bbox 646 3784 770 3834; x_wconf 88' lang='lat' dir='ltr'>concedit</span> <span class='ocrx_word' id='word_1_400' title='bbox 787 3787 813 3834; x_wconf 88' lang='lat' dir='ltr'>et</span> <span class='ocrx_word' id='word_1_401' title='bbox 836 3797 894 3848; x_wconf 85' lang='lat' dir='ltr'>ego.</span> <span class='ocrx_word' id='word_1_402' title='bbox 910 3785 946 3834; x_wconf 89' lang='lat' dir='ltr'>ita</span> <span class='ocrx_word' id='word_1_403' title='bbox 968 3783 1050 3833; x_wconf 90' lang='lat' dir='ltr'>tuisse</span> <span class='ocrx_word' id='word_1_404' title='bbox 1068 3795 1139 3832; x_wconf 89' lang='lat' dir='ltr'>reor.</span> <span class='ocrx_word' id='word_1_405' title='bbox 1175 3781 1252 3842; x_wconf 77' lang='lat' dir='ltr'>Quod</span> 
     </span>
     <span class='ocr_line' id='line_1_41' title="bbox 158 3864 1254 3930; baseline 0.001 -16"><span class='ocrx_word' id='word_1_406' title='bbox 158 3867 249 3916; x_wconf 88' lang='lat' dir='ltr'>autern</span> <span class='ocrx_word' id='word_1_407' title='bbox 273 3877 423 3930; x_wconf 85' lang='lat' dir='ltr'>repugnare</span> <span class='ocrx_word' id='word_1_408' title='bbox 445 3866 553 3917; x_wconf 80' lang='lat' dir='ltr'>videtur</span> <span class='ocrx_word' id='word_1_409' title='bbox 577 3866 652 3918; x_wconf 89' lang='lat' dir='ltr'>locus</span> <span class='ocrx_word' id='word_1_410' title='bbox 676 3866 802 3918; x_wconf 87' lang='lat' dir='ltr'>hlacrobli</span> <span class='ocrx_word' id='word_1_411' title='bbox 830 3869 935 3917; x_wconf 85' lang='lat' dir='ltr'>Seium.</span> <span class='ocrx_word' id='word_1_412' title='bbox 955 3868 983 3927; x_wconf 88' lang='lat' dir='ltr'>i,</span> <span class='ocrx_word' id='word_1_413' title='bbox 1004 3867 1043 3916; x_wconf 77' lang='lat' dir='ltr'>li.</span> <span class='ocrx_word' id='word_1_414' title='bbox 1062 3879 1089 3930; x_wconf 88' lang='lat' dir='ltr'>p.</span> <span class='ocrx_word' id='word_1_415' title='bbox 1108 3864 1171 3917; x_wconf 71' lang='lat'>243:</span> <span class='ocrx_word' id='word_1_416' title='bbox 1200 3867 1254 3915; x_wconf 84' lang='lat' dir='ltr'>lloc</span> 
     </span>
     <span class='ocr_line' id='line_1_42' title="bbox 157 3949 1254 4014; baseline 0.001 -15"><span class='ocrx_word' id='word_1_417' title='bbox 157 3959 239 3999; x_wconf 69' lang='lat' dir='ltr'>meree</span> <span class='ocrx_word' id='word_1_418' title='bbox 256 3951 365 4012; x_wconf 78' lang='lat' dir='ltr'>(Martio)</span> <span class='ocrx_word' id='word_1_419' title='bbox 382 3951 520 4001; x_wconf 83' lang='lat' dir='ltr'>mercedem</span> <span class='ocrx_word' id='word_1_420' title='bbox 537 3951 696 4001; x_wconf 72' lang='lat' dir='ltr'>exsolvebant</span> <span class='ocrx_word' id='word_1_421' title='bbox 712 3951 853 4014; x_wconf 75' lang='lat' dir='ltr'>ampietris,</span> <span class='ocrx_word' id='word_1_422' title='bbox 874 3963 950 4013; x_wconf 80' lang='lat' dir='ltr'>poam</span> <span class='ocrx_word' id='word_1_423' title='bbox 967 3949 1100 4011; x_wconf 76' lang='lat' dir='ltr'>conrpleloa</span> <span class='ocrx_word' id='word_1_424' title='bbox 1116 3963 1199 4000; x_wconf 71' lang='lat' dir='ltr'>onnia</span> <span class='ocrx_word' id='word_1_425' title='bbox 1212 3951 1254 4000; x_wconf 84' lang='lat' dir='ltr'>de-</span> 
     </span>
     <span class='ocr_line' id='line_1_43' title="bbox 159 4029 1253 4098; baseline 0.001 -16"><span class='ocrx_word' id='word_1_426' title='bbox 159 4029 211 4082; x_wconf 82' lang='lat' dir='ltr'>teri</span> <span class='ocrx_word' id='word_1_427' title='bbox 226 4033 297 4096; x_wconf 78' lang='lat' dir='ltr'>fecit,</span> <span class='ocrx_word' id='word_1_428' title='bbox 315 4032 359 4084; x_wconf 87' lang='lat' dir='ltr'>vel</span> <span class='ocrx_word' id='word_1_429' title='bbox 376 4047 435 4084; x_wconf 90' lang='lat' dir='ltr'>moa</span> <span class='ocrx_word' id='word_1_430' title='bbox 454 4036 511 4085; x_wconf 88' lang='lat' dir='ltr'>erat</span> <span class='ocrx_word' id='word_1_431' title='bbox 528 4035 627 4085; x_wconf 81' lang='lat' dir='ltr'>Romae</span> <span class='ocrx_word' id='word_1_432' title='bbox 645 4040 785 4098; x_wconf 86' lang='lat' dir='ltr'>receptus,</span> <span class='ocrx_word' id='word_1_433' title='bbox 805 4047 857 4084; x_wconf 91' lang='lat' dir='ltr'>non</span> <span class='ocrx_word' id='word_1_434' title='bbox 875 4035 902 4084; x_wconf 91' lang='lat' dir='ltr'>in</span> <span class='ocrx_word' id='word_1_435' title='bbox 920 4033 1083 4098; x_wconf 90' lang='lat' dir='ltr'>municipiis,</span> <span class='ocrx_word' id='word_1_436' title='bbox 1106 4046 1158 4086; x_wconf 91' lang='lat' dir='ltr'>non</span> <span class='ocrx_word' id='word_1_437' title='bbox 1177 4035 1253 4085; x_wconf 89' lang='lat' dir='ltr'>certe</span> 
     </span>
     <span class='ocr_line' id='line_1_44' title="bbox 159 4113 1252 4187; baseline 0.005 -25"><span class='ocrx_word' id='word_1_438' title='bbox 159 4113 304 4178; x_wconf 87' lang='lat' dir='ltr'>Venusiae,</span> <span class='ocrx_word' id='word_1_439' title='bbox 325 4115 368 4166; x_wconf 80' lang='lat' dir='ltr'>vel</span> <span class='ocrx_word' id='word_1_440' title='bbox 386 4129 464 4168; x_wconf 89' lang='lat' dir='ltr'>error</span> <span class='ocrx_word' id='word_1_441' title='bbox 481 4119 507 4168; x_wconf 92' lang='lat' dir='ltr'>et</span> <span class='ocrx_word' id='word_1_442' title='bbox 524 4131 558 4168; x_wconf 89' lang='lat' dir='ltr'>ex</span> <span class='ocrx_word' id='word_1_443' title='bbox 575 4116 710 4168; x_wconf 75' lang='lat' dir='ltr'>Minervali</span> <span class='ocrx_word' id='word_1_444' title='bbox 728 4118 814 4179; x_wconf 90' lang='lat' dir='ltr'>ortus,</span> <span class='ocrx_word' id='word_1_445' title='bbox 844 4117 877 4166; x_wconf 90' lang='lat' dir='ltr'>de</span> <span class='ocrx_word' id='word_1_446' title='bbox 896 4129 949 4180; x_wconf 89' lang='lat' dir='ltr'>quo</span> <span class='ocrx_word' id='word_1_447' title='bbox 967 4129 1020 4166; x_wconf 92' lang='lat' dir='ltr'>non</span> <span class='ocrx_word' id='word_1_448' title='bbox 1039 4119 1093 4167; x_wconf 92' lang='lat' dir='ltr'>tam</span> <span class='ocrx_word' id='word_1_449' title='bbox 1112 4113 1252 4187; x_wconf 77' lang='lat' dir='ltr'>diddxepp</span> 
     </span>
     <span class='ocr_line' id='line_1_45' title="bbox 161 4198 1250 4265; baseline 0.003 -18"><span class='ocrx_word' id='word_1_450' title='bbox 161 4207 241 4259; x_wconf 83' lang='lat' dir='ltr'>quam</span> <span class='ocrx_word' id='word_1_451' title='bbox 259 4201 368 4263; x_wconf 88' lang='lat' dir='ltr'>exigua,</span> <span class='ocrx_word' id='word_1_452' title='bbox 387 4201 416 4250; x_wconf 87' lang='lat' dir='ltr'>nt</span> <span class='ocrx_word' id='word_1_453' title='bbox 432 4200 553 4262; x_wconf 84' lang='lat' dir='ltr'>videtur,</span> <span class='ocrx_word' id='word_1_454' title='bbox 572 4201 651 4252; x_wconf 89' lang='lat' dir='ltr'>unius</span> <span class='ocrx_word' id='word_1_455' title='bbox 668 4202 735 4252; x_wconf 89' lang='lat' dir='ltr'>assis</span> <span class='ocrx_word' id='word_1_456' title='bbox 753 4202 821 4265; x_wconf 91' lang='lat' dir='ltr'>stipe</span> <span class='ocrx_word' id='word_1_457' title='bbox 834 4214 848 4250; x_wconf 90' lang='lat' dir='ltr'>a</span> <span class='ocrx_word' id='word_1_458' title='bbox 862 4198 997 4264; x_wconf 88' lang='lat' dir='ltr'>discipulis</span> <span class='ocrx_word' id='word_1_459' title='bbox 1010 4201 1142 4264; x_wconf 86' lang='lat' dir='ltr'>magistris</span> <span class='ocrx_word' id='word_1_460' title='bbox 1155 4199 1250 4262; x_wconf 89' lang='lat' dir='ltr'>soluta,</span> 
     </span>
     <span class='ocr_line' id='line_1_46' title="bbox 161 4281 1252 4346; baseline 0.005 -19"><span class='ocrx_word' id='word_1_461' title='bbox 161 4291 193 4328; x_wconf 84' lang='lat' dir='ltr'>ex</span> <span class='ocrx_word' id='word_1_462' title='bbox 211 4293 263 4343; x_wconf 84' lang='lat' dir='ltr'>qua</span> <span class='ocrx_word' id='word_1_463' title='bbox 275 4281 301 4332; x_wconf 90' lang='lat' dir='ltr'>hi</span> <span class='ocrx_word' id='word_1_464' title='bbox 313 4283 448 4334; x_wconf 79' lang='lat' dir='ltr'>Minervae</span> <span class='ocrx_word' id='word_1_465' title='bbox 461 4282 562 4334; x_wconf 91' lang='lat' dir='ltr'>donum</span> <span class='ocrx_word' id='word_1_466' title='bbox 580 4283 718 4346; x_wconf 88' lang='lat' dir='ltr'>otlerrent,</span> <span class='ocrx_word' id='word_1_467' title='bbox 738 4281 924 4346; x_wconf 82' lang='lat' dir='ltr'>intelligendus</span> <span class='ocrx_word' id='word_1_468' title='bbox 939 4281 1047 4334; x_wconf 85' lang='lat' dir='ltr'>videtur</span> <span class='ocrx_word' id='word_1_469' title='bbox 1063 4283 1194 4336; x_wconf 82' lang='lat' dir='ltr'>luvenalis</span> <span class='ocrx_word' id='word_1_470' title='bbox 1211 4281 1252 4333; x_wconf 92' lang='lat' dir='ltr'>lo-</span> 
     </span>
    </p>
   </div>
   <div class='ocr_carea' id='block_1_3' title="bbox 0 0 1547 4968">
    <p class='ocr_par' dir='ltr' id='par_1_3' title="bbox 0 0 1547 4968">
     <span class='ocr_line' id='line_1_47' title="bbox 0 0 1547 4968; baseline 0 0"><span class='ocrx_word' id='word_1_471' title='bbox 0 0 1547 4968; x_wconf 95' lang='lat' dir='ltr'> </span> 
     </span>
    </p>
   </div>
  </div>
 </body>
</html>
