3130 4966
258 353 300 418 28
636 357 765 408 Hortarii
775 357 962 410 ‘sitilianum

259 512 383 600 inguen
404 513 446 582 ad
471 491 671 580 obscoenum
693 513 861 581 subductis
882 534 989 601 usque
1011 514 1149 593 lacetns3

260 633 408 703 Pastillos
430 634 563 703 Rufillus
586 633 664 712 olet,
691 635 872 724 Gargonius
895 635 1028 704 hircum.

326 835 368 884 46.
400 847 486 897 usqua
510 833 615 884 Hecatae
640 834 754 885 Pastillos
775 832 885 885 schiller
909 835 1023 886 Zeitscltr.
1047 835 1066 898 s.
1089 834 1216 886 Alterttw.
1241 835 1313 888 4844,

292 909 392 1047 ling).
415 909 575 975 Georpmator
597 908 660 972 (sle)
679 909 710 969 B,
738 909 881 974 Gorpoaiue
896 909 947 975 dp,
970 910 1051 961 LCtF.
1087 909 1131 972 lUt
1146 921 1209 972 nos,
1236 912 1316 962 etiam

260 1153 415 1218 cenatisque
442 1153 628 1204 coniunctione
654 1152 786 1204 alienissi-
821 1152 992 1203 4444444444
1015 1154 1042 1203 S.
1064 1153 1187 1204 Wetctert
1204 1154 1346 1206 0444444444.

260 1241 304 1278 ma
330 1230 403 1279 esset
430 1226 488 1279 talis
512 1227 563 1278 sub
589 1226 651 1280 fleto
677 1229 784 1280 nomine
822 1242 849 1294 p.
868 1228 1007 1281 tta-lla.
1043 1229 1125 1280 84444
1145 1231 1190 1280 der
1210 1231 1348 1294 Geperrsotr

260 1303 421 1354 Maecenatis
433 1301 527 1354 irrisio.
551 1305 693 1354 Praeterea
704 1303 732 1352 in
744 1315 786 1353 sa·
822 1309 865 1355 444
882 1305 936 1367 qut
954 1304 1032 1365 44444,
1051 1304 1349 1356 444εωῦ444444-

262 1379 310 1429 tira
329 1376 462 1429 Luciliano
478 1379 505 1427 et
522 1378 663 1430 Horatiana
681 1375 744 1428 nihil
756 1377 787 1428 fi·
821 1381 892 1432 4444
907 1382 962 1442 4444
978 1381 1093 1445 44444444
1109 1382 1239 1432 44444444
1255 1382 1294 1432 etr
1309 1383 1349 1432 444

262 1453 310 1504 ctis
336 1453 422 1515 agitur
446 1451 611 1516 nominibus,
641 1453 691 1504 sed
714 1454 786 1503 veris
822 1457 944 1508 44444444
958 1447 1119 1508 individuum
1134 1457 1170 1505 44
1185 1456 1255 1520 ι4444
1271 1457 1346 1507 44444.

261 1528 384 1590 notisque
395 1527 544 1591 personis·
569 1526 600 1577 ld
611 1527 684 1592 qnod
695 1529 786 1578 tamen
821 1534 920 1584 444444
936 1531 1164 1595 Gattunpsbepvtffe
1174 1530 1224 1594 pub
1241 1543 1269 1580 er
1279 1531 1350 1582 44444

262 1605 372 1669 propter
393 1604 522 1667 44444444
542 1603 660 1667 Alpinum
684 1605 737 1654 Sat.
756 1603 784 1664 4,
822 1608 953 1672 4444444944
963 1605 1203 1668 Naracustoma,
1217 1617 1350 1670 444444

262 1681 302 1741 40,
313 1680 354 1731 36.
367 1683 403 1742 44,
416 1683 446 1730 44
455 1680 572 1742 videtur,
586 1681 697 1746 propter
707 1680 786 1730 huius
822 1677 849 1734 'eo
866 1685 926 1734 eder
942 1696 969 1732 44
986 1682 1065 1743 44444,
1089 1681 1143 1731 eina
1162 1679 1230 1730 44444
1246 1693 1349 1730 4444·-

261 1757 361 1807 Satirae
387 1756 531 1807 04444444
557 1757 593 1806 ita
619 1758 692 1806 certe
717 1754 786 1805 deli-
823 1757 1157 1819 emmeramensem
1172 1754 1351 1806 4440444444-

261 1830 389 1882 niendum
407 1833 463 1892 est,
481 1834 511 1881 ut
528 1831 650 1882 dicamus
667 1830 785 1896 potuisse
823 1839 860 1886 ter
877 1835 923 1884 cler
943 1831 1119 1898 pextttdortan
1141 1830 1351 1882 4444444444

262 1909 399 1958 Horatium
426 1908 464 1956 ull
493 1909 574 1959 etiam
602 1907 786 1971 cognomentis
822 1911 915 1961 44444.»
942 1933 970 1945 -
998 1907 1088 1958 4444444
1112 1905 1233 1970 amesa]
1262 1903 1347 1956 Plant.

261 1983 311 2034 ioci
324 1985 369 2032 aut
380 1980 556 2032 contumeliae
568 1994 649 2032 causa
661 1983 714 2032 iam
724 1983 786 2033 ante
822 1988 904 2036 Poen.
917 1985 946 2046 4,
960 1985 990 2044 4,
1009 1981 1055 2033 ti:
1075 1981 1142 2032 8444
1152 1993 1230 2044 penae
1240 1981 1285 2031 tce
1295 1994 1351 2030 444-

260 2057 323 2106 4444
333 2055 376 2106 vel
393 2054 428 2106 illi
445 2056 588 2120 impositis,
607 2069 676 2119 quaa
694 2059 786 2120 posto-
822 2059 954 2110 ltebrosam
966 2063 1001 2108 444
1012 2056 1102 2107 lacten
1113 2056 1264 2106 4444444444.
1285 2057 1349 2108 «De

260 2131 315 2182 rior
332 2130 456 2183 Latinitas
472 2131 547 2196 ripae
557 2129 785 2195 (Ualernamaa,
821 2134 945 2184 44444444
956 2133 1056 2182 tunicae
1067 2133 1137 2192 sunt,
1151 2130 1249 2194 qulbus
1256 2130 1350 2190 laomi-

261 2201 451 2272 aotriquata)
485 2205 615 2268 vocabat,
641 2206 685 2256 vel
711 2207 786 2257 inve·
823 2223 872 2260 nes
882 2207 976 2260 molles
986 2205 1020 2256 ad
1032 2205 1243 2269 cruraalrigore
1256 2204 1350 2256 dalen-

262 2282 319 2332 nire
337 2293 444 2346 quoque
461 2279 531 2344 talia,
549 2281 696 2333 dummodo
714 2283 743 2332 44
759 2281 786 2332 44
823 2285 913 2336 denda
942 2283 1088 2336 utebantur
1112 2283 1204 2333 contra
1229 2284 1349 2332 veterem

261 2356 351 2418 Alpino
367 2354 411 2406 illo
422 2357 559 2408 nemiuem
570 2356 684 2420 lugeret,
704 2369 786 2420 quam
823 2363 1005 2412 Romanorum
1017 2369 1147 2409 morem.»
1160 2357 1270 2408 4444444.
1284 2355 1350 2406 Hine

262 2429 442 2482 intellexisset.
477 2433 584 2482 Poterat
606 2433 687 2483 etiam
703 2433 787 2482 inter·
824 2439 850 2488 in
875 2435 995 2488 luxuriae
1017 2435 1098 2498 signis
1124 2434 1192 2484 haec
1216 2432 1351 2495 coniungit

262 2507 328 2557 dum
356 2507 554 2557 eonrmunleare
582 2519 644 2556 cum
675 2507 785 2569 amieis,
823 2515 924 2565 Seneca
944 2513 1070 2564 controv.
1089 2510 1118 2570 2,
1138 2507 1183 2560 tl:
1210 2505 1277 2571 4444
1300 2520 1350 2556 44-

263 2594 345 2645 quem
369 2581 432 2632 ficto
452 2583 560 2632 nomine
582 2595 724 2646 aggressus
742 2596 786 2634 es·
822 2593 913 2655 quoue
928 2601 1002 2639 4444
1016 2587 1111 2648 medat,
1131 2590 1202 2634 4444
1215 2587 1263 2641 444;
1280 2583 1347 2645 quod

262 2659 318 2718 set,
348 2659 378 2707 44
402 2657 514 2709 lortussa
540 2658 603 2709 lecit
627 2657 653 2708 in
680 2657 787 2709 0444444
823 2668 911 2720 paror
925 2678 1004 2730 mque
1019 2665 1047 2714 44
1058 2657 1351 2726 pedmtontcademitti·

263 2732 417 2796 (Gratidia);
443 2734 567 2798 poterant
588 2733 686 2785 Horatii
708 2734 786 2784 amici
823 2749 879 2806 tur,
907 2748 979 2794 tuum
1005 2745 1049 2791 44,
1085 2736 1216 2788 44444444
1243 2733 1350 2799 propria

263 2805 314 2857 tale
332 2820 460 2858 arcanum
477 2807 533 2860 aliis
551 2822 644 2860 rursus
662 2809 787 2860 commit-
823 2821 923 2870 mam
933 2817 1037 2874 444444,
1051 2811 1148 2877 quibus
1159 2813 1293 2862 ueremur
1303 2809 1352 2859 444-

262 2884 329 2934 tere.
364 2883 418 2934 Sed
434 2883 461 2934 4.
474 2881 491 2934 l.
505 2885 674 2936 haecomnia
691 2897 786 2948 pamm
823 2896 918 2946 ormam
938 2893 965 2941 44
985 2887 1047 2940 orba
1067 2899 1164 2949 aanpar
1179 2885 1276 2936 incenit
1294 2885 1351 2948 (Se-

262 2961 324 3009 sunt
341 2960 397 3008 veri
414 2958 518 3010 similia.
553 2961 640 3024 Atque
651 2966 681 3010 ut
691 2974 788 3011 conce·
824 2959 1350 3032 44444844.444.),θὶ84,41444(44ῐῦ4ῑεὶ4

262 3033 358 3084 damus
384 3035 453 3086 hanc
474 3035 586 3087 satiram
609 3050 641 3087 eo
664 3037 787 3102 tempore
823 3057 867 3094 vv.
878 3043 996 3093 senecae
1008 3037 1099 3103 patris,
1112 3037 1257 3101 utrumque
1268 3048 1350 3101 saepe

262 3110 388 3175 scriptam
407 3125 479 3172 esse,
498 3124 553 3174 qno
569 3112 674 3176 ignotus
691 3113 787 3164 etiam-
824 3117 997 3168 coniunctum
1018 3113 1083 3184 erat.
1121 3109 1214 3163 Plurali
1236 3123 1350 3162 numero

263 3189 326 3237 tunc
338 3186 485 3238 Maecenati
497 3201 530 3238 ac
548 3187 660 3240 fortasse
676 3191 787 3253 propter
823 3193 961 3244 Horatium
985 3189 1023 3238 uti
1047 3186 1172 3247 creduut,
1199 3187 1262 3250 qnia
1288 3189 1351 3238 tuno

262 3260 349 3311 studia
367 3263 483 3324 partium
500 3261 535 3311 ab
551 3277 583 3313 eo
595 3275 707 3314 aversus
719 3264 785 3322 erat,
824 3268 893 3319 binis
911 3264 1006 3316 mnieis
1029 3261 1113 3311 induti
1132 3273 1191 3310 esse
1209 3258 1279 3310 soliti
1299 3261 1352 3312 sint

263 3349 328 3388 sana
355 3339 440 3386 totum
465 3349 528 3387 cum
553 3335 652 3388 librum
677 3336 785 3398 ederet,
826 3342 918 3406 (varro
942 3336 1013 3402 apud
1031 3337 1097 3386 Non.
1118 3333 1162 3394 44,
1181 3333 1221 3384 34.
1240 3347 1268 3399 p.
1287 3334 1348 3386 4444

263 3411 334 3461 hunc
345 3423 463 3473 versum,
476 3413 499 3462 si
511 3411 692 3462 Maecenatem
704 3411 788 3462 olian-
823 3419 987 3477 Posteaquam
998 3409 1070 3460 44444
1086 3409 1184 3458 4444444
1194 3408 1284 3460 444444
1294 3423 1351 3460 coe-

262 3488 328 3537 dere
344 3489 463 3552 poterat,
483 3485 787 3538 mutassetautoblltte·
820 3493 926 3555 pmuat,
952 3485 1112 3537 4444444444
1131 3497 1223 3536 occare
1242 3485 1350 3536 444444-

262 3566 357 3615 resset.
391 3562 533 3614 Paldamns
555 3563 671 3612 44444444.
695 3564 716 3626 s.
742 3562 787 3612 44-
823 3567 877 3617 444
893 3569 916 3615 at
933 3561 1068 3614 44444444.
1103 3558 1156 3611 Cir.
1170 3560 1272 3611 Becker
1289 3557 1350 3608 Gal-

261 3637 610 3702 manumittentes:
640 3639 714 3689 444444
729 3639 788 3702 pete
824 3638 865 3690 lus
888 3637 939 3702 (ed.
958 3634 1012 3700 alt.)
1031 3637 1073 3686 lll.
1095 3647 1121 3700 p.
1142 3635 1189 3685 448
1210 3633 1277 3698 sq.l;
1302 3633 1350 3684 nisi

262 3714 347 3766 iatzo
356 3713 491 3775 44444444,
509 3713 539 3762 44
551 3713 615 3763 4444
626 3714 673 3764 das
684 3713 786 3765 4444·
824 3715 913 3780 potius
937 3711 1068 3777 significat
1084 3723 1179 3760 omnes
1200 3709 1257 3760 eius
1280 3709 1351 3760 tuni-

263 3790 328 3840 4444
345 3789 462 3840 4444444
478 3787 617 3838 demissis
633 3788 661 3836 44
676 3788 738 3837 4444
753 3800 788 3838 ru
825 3805 885 3852 cas,
904 3787 1021 3853 singulos
1039 3787 1095 3838 lere
1113 3787 1140 3836 in
1155 3784 1213 3836 dies
1225 3787 1349 3846 mutatas,

256 3868 331 3929 jaser
346 3865 398 3914 Zett
418 3878 445 3914 so
461 3863 599 3927 aaffetlond
615 3864 667 3913 acia
682 3862 785 3925 444444,
825 3866 850 3917 id
869 3864 942 3929 quod
959 3863 1086 3928 equidem
1103 3860 1235 3926 praelero.
1256 3885 1284 3894 -
1297 3873 1351 3910 nm-

263 3943 321 3991 ‹tnas
337 3941 382 3990 dor
397 3939 500 3990 Dichter
513 3939 567 3990 4444
576 3939 686 3990 44444444
696 3940 787 3990 Person
825 3940 902 4004 44444]
925 3938 1044 4004 superbo
1066 3939 1185 3996 incessu,
1214 3937 1242 3984 ut
1265 3935 1348 4000 Epnd.

262 4018 289 4066 44
311 4016 390 4065 dicam
411 4014 552 4079 Bastetana
572 4027 607 4064 zu
626 4027 722 4065 444444
743 4014 788 4078 sair
824 4016 854 4078 4,
873 4017 897 4066 4.
918 4041 947 4052 -
969 4013 1103 4076 abductis]
1126 4007 1230 4071 Quintil.
1253 4009 1297 4070 44,
1320 4009 1349 4070 3,

259 4091 369 4154 possead
377 4089 597 4141 4444444444.
612 4089 788 4153 8444444444
825 4091 886 4143 4384
906 4091 952 4142 Cui
969 4089 1016 4140 4444
1032 4087 1097 4138 44444
1114 4087 1154 4137 tar
1169 4101 1220 4136 444
1236 4086 1297 4146 ait,
1314 4087 1352 4136 444

264 4167 351 4218 4444444
362 4167 464 4218 Plautus
479 4167 533 4217 444
544 4167 628 4218 cicaro
638 4166 701 4216 44444
712 4167 787 4217 oleam
824 4169 955 4232 stupetur,
967 4169 995 4215 44
1006 4164 1106 4214 tantona
1112 4161 1242 4226 44444444
1249 4161 1301 4212 otta
1309 4159 1351 4210 ta·

263 4256 359 4309 penna
375 4241 594 4295 mulleorosom
609 4242 726 4294 4444444
742 4243 787 4292 44-
823 4243 867 4305 44
883 4252 967 4305 penae
979 4237 1109 4302 44444444,
1126 4236 1304 4302 posterioritas
1316 4239 1350 4287 44
