3174 4974
263 417 324 482 572
620 415 749 467 uonnrn
777 413 997 486 nrrsromntnr

305 574 483 662 Adscripsit
505 575 601 644 Liber
623 575 748 665 Satyris
770 571 954 660 Faunisque
976 577 1105 658 poetas,

305 697 383 762 Vina
405 695 472 763 sere
495 695 607 763 dulces
628 695 778 762 oluerunt
798 713 893 760 mane
918 694 1087 760 Camenae.

304 816 469 885 Laudibus
496 819 640 903 arguitur
660 817 724 882 vini
748 817 880 882 vinosus
902 817 1079 892 Homerus3
1142 841 1144 844 ·

306 939 427 1004 Ennius
449 939 519 1025 ipse
542 947 635 1026 pater
657 958 821 1025 nunquam
842 937 903 1002 nisi
926 946 1022 1024 potus
1045 934 1085 1001 ad
1109 955 1197 1002 arma

304 1059 455 1126 Prosiluit
477 1058 625 1126 dicenda.
672 1061 787 1125 Forum
809 1057 984 1145 putealque
1005 1055 1137 1123 Libonis

328 1267 352 1318 ι.
378 1267 501 1318 caseon
527 1226 611 1316 coen.
630 1264 691 1328 auq.
720 1266 760 1330 (ιιι
781 1278 843 1328 nos,
866 1265 949 1317 noser
972 1267 999 1314 et
1022 1249 1138 1316 nutrient
1153 1265 1267 1327 omnes.)
1287 1293 1314 1300 -

292 1343 388 1404 potitos.
411 1342 475 1391 Vina
492 1341 609 1391 distinxit
624 1339 767 1391 Bentleius.
789 1363 816 1376 -
840 1340 879 1389 tu.
903 1340 982 1390 edicit
1000 1352 1015 1388 c
1032 1352 1093 1390 cum
1111 1338 1191 1402 gloss.
1209 1339 1315 1400 Ennius,

275 1479 279 1487 .
295 1417 360 1466 item
377 1415 404 1476 d,
423 1429 492 1466 corr.
511 1414 538 1476 b,
557 1431 587 1476 κ,
606 1415 722 1466 Pettierii
738 1413 874 1480 plerique,
892 1417 948 1464 tum
967 1415 1031 1474 bct,
1050 1414 1129 1464 edicti
1144 1415 1175 1464 D.
1194 1414 1317 1464 Heinsius

263 1603 305 1651 lll.
319 1615 345 1665 p.
359 1600 415 1651 tat.
432 1629 459 1640 -
471 1599 615 1665 Ademipeit]
634 1603 786 1664 «umquam
825 1601 860 1649 ed
876 1613 952 1649 amru
969 1627 983 1637 -
999 1601 1116 1664 diemde]
1140 1601 1300 1650 Praesertim
1323 1601 1349 1650 in

262 1677 289 1726 iu
307 1673 440 1739 legionem
461 1689 553 1736 euem;
576 1689 639 1726 nam
661 1676 788 1725 hocver·
825 1673 980 1735 Annalibus,
988 1685 1104 1737 quorum
1114 1674 1231 1737 primum
1240 1686 1349 1724 versum

263 1749 329 1800 bum
347 1749 458 1800 militare
477 1753 543 1800 est.»
572 1753 666 1800 Poura.
686 1750 786 1801 Cl.0d.
825 1748 888 1799 lectt
917 1747 1034 1799 Merula:
1068 1749 1180 1798 Horrida
1205 1749 1351 1799 limmdeam

263 1824 293 1882 3,
306 1824 336 1884 3,
355 1824 396 1874 35.
416 1825 484 1874 Cum
495 1823 630 1874 Bentleius
641 1837 666 1874 v.
680 1823 705 1874 l.
719 1837 788 1888 pun·
824 1823 964 1872 certamine
980 1835 1066 1886 pango
1082 1822 1198 1872 dueum.
1219 1849 1247 1858 -
1265 1823 1350 1873 Prosi-

263 1899 307 1948 cto
332 1900 396 1962 post
419 1913 444 1948 v.
468 1902 559 1962 poetes
582 1899 668 1963 posito
693 1911 736 1948 vv.
761 1902 789 1947 ut
825 1896 1007 1958 teit1³tiirmt
1024 1897 1183 1956 arboreum
1203 1898 1349 1962 quasiipse

263 1973 329 2022 mule
356 1985 432 2022 sanos
459 1971 604 2037 explicaret
632 1975 789 2035 «tamquam
826 1983 942 2034 pugnam
959 1971 1080 2021 initurus.
1097 1972 1352 2034 —puteclquelibo-

265 2045 335 2098 male
361 2060 475 2106 sunos,»
505 2048 603 2098 lloretii
629 2047 789 2098 sententium
825 2043 872 2107 nit]
891 2045 1041 2106 casati,
1060 2046 1090 2104 6,
1108 2045 1149 2095 35.
1180 2045 1285 2096 «Puteal
1301 2059 1350 2096 au-

264 2122 354 2172 miuus
372 2126 445 2172 recte
463 2119 599 2172 intellexit.
826 2121 882 2169 tem
907 2117 1014 2170 Libonis
1036 2119 1117 2170 sedes
1145 2121 1276 2184 praetoris
1303 2119 1351 2170 luit

296 2195 351 2245 6-9.
373 2196 637 2259 arguitur-uincam]
655 2193 788 2256 φίλοινος
825 2204 910 2256 prope
938 2205 1031 2243 arcum
1059 2193 1218 2256 Fabianum,
1248 2195 1350 2245 dictum

263 2263 317 2329 dv,
343 2283 388 2320 «se
406 2271 463 2334 ipse
481 2269 583 2334 prodit,
611 2271 742 2319 monstrat
758 2280 788 2318 se
826 2265 899 2330 quod
916 2279 931 2316 a
950 2267 1049 2318 Libone
1066 2267 1118 2318 illie
1133 2270 1249 2332 primum
1267 2269 1351 2318 tribu-

263 2343 355 2392 viuum
375 2355 480 2394 amasse
505 2341 642 2404 laudibus,
670 2355 737 2404 quas
763 2341 787 2391 ei
826 2340 869 2391 uel
898 2343 926 2390 et
957 2341 1083 2392 subsellia
1111 2341 1239 2394 collocata
1268 2345 1349 2394 siut.»

263 2412 785 2480 impertit»utHomeruslliad.§,26l:
827 2417 918 2465 Poarn.
947 2416 984 2466 Cl.
1010 2417 1084 2466 Ovid.
1108 2420 1183 2468 lietu.
1205 2420 1264 2468 Am.
1286 2418 1348 2467 tet:

261 2486 349 2560 uitet
375 2487 406 2540 tt
431 2487 575 2555 κεκμηῶτι
599 2491 688 2555 μένος
712 2491 788 2555 μέγα
827 2489 875 2550 Oai
890 2491 1203 2552 Meuilaauntqttetimet
1213 2491 1351 2554 celeresque

264 2559 344 2626 οἶνος
360 2559 447 2628 ἀέξει,
467 2567 495 2615 et
510 2565 611 2628 passim
629 2565 653 2614 ei
670 2563 788 2616 ἐπίθετα
824 2563 959 2625 Kalendas,
975 2566 1097 2627 Torqueat
1108 2567 1172 2615 bueo
1184 2567 1352 2616 minutae

264 2637 383 2689 tribuens
401 2633 536 2709 εὐήνορα,
552 2636 728 2709 μελίφρονα,
740 2653 788 2704 με·
824 2651 923 2688 summo
933 2640 980 2688 eui.
1004 2639 1041 2688 Ex
1054 2642 1176 2689 veterum
1192 2639 1226 2689 de
1250 2640 1351 2690 Puteoli

263 2713 386 2764 νοειιιέα.
403 2739 430 2749 -
449 2715 502 2764 cini
518 2714 626 2775 uiuum]
645 2714 787 2766 «Eiusdem
825 2710 890 2763 locis
907 2715 1032 2763 accurate
1048 2715 1157 2764 iuterse
1171 2713 1271 2764 collutis
1282 2715 1350 2765 haec

263 2789 340 2839 verbi
366 2789 485 2840 diversas
511 2789 609 2839 lormas
628 2793 655 2839 et
678 2792 789 2854 propter
826 2785 930 2849 collegit
955 2787 984 2837 C.
1010 2789 1036 2837 l'.
1061 2789 1230 2838 Hermnnnus
1254 2791 1280 2838 in
1306 2791 1351 2839 ln-

264 2865 318 2914 vim
336 2866 364 2914 et
382 2867 492 2929 propter
512 2877 610 2915 sonum
631 2864 790 2914 adamarunt
826 2861 886 2911 dice
900 2861 971 2911 lectt.
984 2861 1118 2924 ltlarburg.
1136 2861 1208 2912 ⁴8l0.
1226 2875 1251 2926 p.
1268 2863 1347 2912 llll:

264 2937 335 2988 latini
353 2940 497 3002 scriptores
515 2940 541 2988 in
553 2939 664 3002 eiusque
676 2939 715 2988 rei
727 2951 788 3001 gra·
827 2935 927 2986 «Unum
945 2937 1049 2986 tantum
1067 2937 1128 2996 (uon
1146 2935 1213 2996 duo,
1233 2936 1350 3000 utrolgo

264 3013 328 3062 tiam
349 3012 496 3063 verborum
518 3009 639 3063 ordidem
656 3027 710 3063 non
727 3026 788 3063 raro
825 3008 985 3072 statuebant)
1005 3009 1030 3060 in
1048 3009 1105 3058 loro
1124 3011 1284 3073 comitioque
1302 3013 1352 3062 lto-

264 3088 409 3136 muteruut.
439 3087 581 3147 cl.Sat.2‚
599 3089 629 3147 i,
648 3088 689 3137 39.
714 3089 743 3137 Α.
758 3091 786 3137 P.
826 3096 905 3133 mano
927 3083 1008 3134 luisse
1031 3083 1134 3144 Puteal,
1162 3084 1235 3146 quod
1261 3086 1349 3148 prisca

265 3159 321 3210 tet.
341 3161 406 3224 Epp.
426 3162 456 3220 t,
475 3161 519 3221 ta,
538 3161 562 3210 b.
581 3161 640 3211 89.»
667 3161 786 3210 Dicisne.
826 3159 912 3207 aetate
925 3157 981 3207 sive
999 3156 1034 3209 ob
1052 3160 1125 3208 Navii
1141 3160 1249 3222 auguris
1267 3172 1351 3210 nova-

267 3263 293 3270 -
312 3235 416 3299 Ennius]
441 3235 540 3299 quippe
561 3236 606 3298 qui
629 3236 687 3300 ipse
705 3234 739 3284 de
758 3247 787 3286 ee
826 3230 913 3282 culum
930 3233 986 3282 sive
1004 3233 1039 3282 ob
1057 3231 1158 3295 fulgura
1184 3233 1219 3282 ibi
1243 3234 1349 3284 condita

264 3307 371 3359 dixerit:
389 3311 526 3371 Nequam
538 3311 630 3371 poitur
645 3310 694 3358 nisi
707 3310 788 3371 pode-
825 3309 1014 3357 consecratum
1030 3306 1172 3371 postmodo
1184 3321 1200 3356 a
1212 3307 1350 3358 Scribonio

214 3431 221 3444 ,
263 3397 316 3446 per.
349 3385 465 3434 Serenus
483 3385 638 3433 Samonicus
650 3385 788 3434 Horatium
825 3379 938 3441 libone,
957 3381 1001 3430 cui
1019 3382 1153 3444 negotium
1170 3381 1275 3446 publice
1288 3395 1353 3433 con-

264 3458 381 3508 imitetus
398 3472 424 3507 ιι.
438 3457 501 3507 743ι
519 3459 616 3507 tinnire
631 3459 683 3520 ipse
702 3463 787 3521 puter,
825 3453 1017 3518 quireudorum
1028 3453 1188 3505 sacellorum
1201 3456 1351 3507 demandu-

265 3533 324 3582 dom
337 3531 431 3595 poculo
447 3533 524 3581 siccat
539 3532 639 3595 inicum
658 3533 709 3582 lice
727 3533 788 3582 uitio
826 3531 882 3580 tum
899 3531 984 3590 esset,
1012 3530 1186 3581 instauratum
1207 3534 1288 3595 atque
1313 3532 1350 3581 ita

264 3607 327 3656 teies
341 3607 424 3670 fertur
438 3607 557 3657 mouisse
573 3609 677 3658 dobree.
701 3635 728 3644 -
742 3621 789 3668 pa·
826 3606 984 3654 exornatum
1008 3605 1055 3665 sit,
1085 3607 1116 3654 ut
1143 3603 1238 3656 eadem
1267 3617 1350 3669 opera

265 3681 310 3745 ter]
323 3683 442 3744 Propert.
456 3679 483 3742 i,
496 3682 526 3741 2,
544 3683 574 3730 t:
593 3683 724 3743 Parvaque
736 3685 789 3730 tem
825 3677 954 3742 praetori,
973 3679 1018 3740 qui
1036 3680 1063 3728 in
1080 3677 1123 3730 illo
1140 3678 1199 3730 loco
1210 3693 1294 3745 prope
1305 3693 1351 3730 ar-

263 3755 507 3819 meppircdrnorcm
522 3755 701 3818 summisere,
722 3755 789 3805 Unde
826 3765 887 3803 cum
906 3751 1050 3804 Fabianum
1068 3754 1110 3804 ius
1127 3754 1218 3804 dicere
1236 3753 1348 3811 soleret.

260 3834 337 3891 pater
352 3829 436 3879 sitietis
449 3829 547 3878 Ennius
556 3833 614 3879 ente
626 3828 692 3877 bibit.
712 3829 789 3880 Utro-
825 3825 940 3877 tribunal
957 3831 1038 3890 atque
1050 3827 1178 3880 subsellia
1190 3831 1348 3887 exstrueret,

264 3903 345 3966 bique
360 3903 598 3966 puternominutur
609 3907 636 3952 et
647 3903 708 3966 quia
720 3901 789 3952 duo-
826 3914 879 3966 quo
901 3902 970 3952 lucto
991 3905 1018 3953 et
1040 3903 1204 3954 feneratores
1222 3906 1249 3953 et
1268 3901 1347 3964 alios,

264 3977 394 4027 bussuto
412 3975 509 4028 seculis
530 3977 657 4026 lloruerat
679 3977 706 4026 et
726 3978 788 4040 quia
826 3978 871 4041 qui
888 3975 947 4028 lites
969 3977 1086 4041 privates
1106 3979 1349 4042 persequerentur,

265 4064 327 4100 curn
358 4051 429 4101 Livio
457 4051 607 4102 Andronico
636 4051 788 4114 Naevioque
825 4051 981 4114 trequenter
1002 4065 1035 4102 eo
1058 4065 1211 4102 commeare
1235 4065 1352 4102 cousen-

265 4127 357 4175 auctor
379 4126 468 4189 poesis
494 4125 601 4176 Letinue
628 4123 786 4176 habebatur.
825 4129 934 4177 laneum
951 4129 1034 4176 erat.»
1065 4125 1353 4190 (ebibohicquielue—

265 4197 399 4262 Gargullo:
429 4201 448 4251 il
471 4207 556 4252 nostro
582 4202 671 4252 omero
697 4201 786 4251 Ειιιιίο.
825 4201 1136 4265 ritetquandovixerit,
1155 4199 1352 4264 ambiguntdo-

266 4274 304 4325 Gi.
318 4274 366 4324 od.
380 4274 408 4337 l,
427 4275 456 4338 8,
469 4275 510 4326 20.
537 4278 603 4340 Epp.
616 4278 644 4338 2,
659 4278 686 4339 t,
701 4277 741 4326 bb.
757 4301 785 4314 -
825 4276 873 4334 cti;
892 4274 1005 4340 plurima
1022 4277 1113 4326 tarneu
1129 4274 1257 4336 suadent,
1275 4275 1306 4324 ui
1320 4275 1347 4323 L.
