3174 4974
619 473 678 522 Llli.
698 474 716 522 l
753 471 851 522 Epist.
870 473 935 522 xlx.

278 631 404 718 Decipit
425 629 589 716 exemplar
610 629 695 694 vitiis
720 627 887 708 imitabile;
912 629 1029 716 quodsi

278 751 434 818 Pallerem
457 771 549 827 casu,
581 749 729 817 biberent
750 770 914 837 exsangue
937 751 1110 818 cuminum.

278 875 306 941 0
329 874 519 948 imitatores,
546 893 676 938 servum
698 891 817 960 pecus,
841 883 876 937 ut
897 871 973 938 mibi
997 893 1096 960 saepe

267 1053 339 1104 unde
352 1054 431 1115 prot,
449 1054 471 1101 si
487 1051 618 1102 Sanadon.
644 1078 672 1087 —
696 1051 735 1101 ts.
755 1053 796 1101 20.
815 1059 846 1101 ut
858 1053 920 1102 miti
936 1052 1021 1114 Wsm,
1042 1055 1071 1102 lit
1087 1054 1148 1103 miti
1163 1067 1235 1118 saepe
1252 1057 1291 1105 io-

267 1143 325 1179 cum
341 1129 407 1178 Cod.
427 1126 491 1178 Coll.
510 1127 579 1176 Trio.

235 1279 322 1328 taniae
340 1290 447 1340 regem,
466 1277 500 1326 de
513 1289 567 1340 quo
580 1289 669 1338 nemo,
688 1276 760 1340 quod
799 1276 867 1342 σθη
884 1275 975 1343 λέγειν
989 1277 1047 1342 Τῆς
1058 1275 1114 1344 σῆς
1126 1275 1250 1347 ἀγωγῆς,
1270 1277 1322 1332 old'

235 1354 331 1412 sciam,
351 1350 445 1401 melias
458 1351 511 1413 egit
521 1351 655 1400 Visconlio
668 1351 694 1400 in
705 1352 760 1400 lco—
798 1347 864 1418 ἐγώ,
878 1349 1077 1416 φανήσεται
1088 1351 1207 1424 Μακρὸν
1218 1351 1253 1406 τὸ
1263 1353 1325 1408 δεῦ-

234 1429 352 1491 noprapta
368 1439 445 1489 preca
460 1427 502 1475 lll.
521 1439 548 1489 p.
562 1425 619 1476 388.
645 1425 679 1476 lt
694 1439 760 1476 vero
798 1441 833 1496 po
858 1424 991 1493 πέλαγος.
1026 1429 1111 1491 Antip.
1138 1429 1201 1480 96οτ
1228 1435 1323 1494 κεῖνος

234 1499 454 1558 litteratissimum
472 1498 550 1550 simul
568 1501 648 1563 atque
666 1498 762 1550 ditissi·
799 1499 906 1568 ἐπέγνω
923 1503 1041 1566 μανίαις
1061 1499 1166 1554 Ψαύων
1183 1501 1234 1555 τὸν
1252 1502 1323 1556 θεὸν

234 1587 308 1626 muni
332 1587 424 1638 regem
445 1587 507 1624 cum
524 1573 654 1624 Graeculo
671 1575 760 1624 'lima-
798 1575 829 1627 ἐν
845 1578 1010 1647 κερτομίοις
1026 1573 1185 1642 γλώσσαις,
1211 1583 1238 1630 et
1257 1579 1321 1632 ibid.

234 1664 302 1714 gene
320 1663 438 1714 uuquam
457 1651 483 1700 in
501 1647 676 1700 declamando
694 1661 760 1698 con·
799 1652 882 1712 titt.)
917 1651 956 1701 ld
980 1653 1139 1703 sententiam
1161 1653 1194 1704 ei.
1215 1655 1268 1704 Cic.
1288 1657 1322 1708 de

234 1725 352 1777 tendisse
369 1737 499 1790 perquam
514 1723 690 1789 improbabile
703 1726 757 1782 esl;
797 1725 868 1774 Orat.
882 1725 911 1786 i,
924 1725 964 1774 ἥ.
980 1751 1007 1761 -
1024 1726 1160 1792 emanans]
1179 1729 1267 1792 «quod
1279 1742 1324 1780 ex-

234 1813 323 1865 ireque
341 1813 406 1850 vero
428 1812 546 1863 unquam
565 1799 628 1848 mihi
647 1811 759 1862 persua·
796 1813 912 1863 sangues
936 1798 1024 1850 reddit
1049 1801 1206 1852 bibentes.»
1247 1804 1323 1854 Clau-

234 1876 305 1927 debo
335 1875 471 1924 Horatium
496 1873 537 1924 vel
564 1873 625 1923 licto
651 1873 758 1922 nomine
797 1875 867 1924 dian.
882 1873 1113 1935 inltulln.i‚i3tl:
1127 1879 1323 1941 eosaapuirliu-

234 1953 291 2002 siue
317 1948 368 2000 ulle
394 1961 475 1998 musa
496 1948 620 1999 deridere
642 1946 758 1998 voluisse
794 1951 875 2012 βιιιιιιι
895 1950 1003 2011 pmii
1018 1951 1118 2000 tortor.
1140 1978 1167 1986 -
1186 1953 1321 2020 cuniam]

233 2037 340 2088 regem,
353 2025 540 2085 milegastus
552 2021 629 2072 valde
642 2020 756 2071 lavabat.
799 2024 991 2086 nptisanarium
1014 2026 1139 2075 cumini.»
1165 2025 1230 2076 Plio.
1244 2028 1275 2078 ll.
1290 2031 1319 2079 a.

233 2101 291 2150 Non
315 2100 373 2149 stne
399 2109 478 2147 causa
505 2097 622 2146 Diiutzer
644 2095 678 2146 de
704 2099 757 2146 tota
796 2097 837 2158 20,
857 2097 956 2156 imi:
982 2097 1058 2148 Οιιιιισ
1075 2099 1222 2165 (caiatiam)
1236 2102 1322 2163 patta-

233 2171 274 2222 illa
288 2172 368 2222 Codri
384 2170 426 2221 vel
439 2170 519 2221 Cordi
536 2170 624 2220 labula
638 2169 756 2230 dubitat;
794 2185 850 2220 reta
866 2171 999 2222 bibeadbus
1015 2173 1102 2236 plauit
1140 2175 1181 2224 lta
1203 2181 1268 2226 certe
1282 2177 1321 2240 [s-

234 2249 354 2312 precario
371 2260 436 2296 vero
455 2245 579 2296 Iarbitam
595 2259 647 2296 non
666 2245 757 2294 lictum
794 2252 855 2296 naut
871 2247 952 2296 Porcii
968 2247 1086 2297 Latronis
1102 2249 1167 2298 atati
1186 2249 1251 2299 inter
1266 2263 1322 2301 ma·

232 2323 281 2373 sed
298 2321 393 2373 servile
412 2333 509 2370 nomen
530 2321 645 2370 rhetoris
662 2331 758 2370 menu—
794 2322 886 2384 9istros
906 2322 1002 2370 δόοιιιδί
1027 2328 1189 2373 assectatores
1203 2325 1321 2374 dinilita-

233 2398 318 2456 missi‚
335 2397 451 2446 hominis
463 2394 599 2454 maledici,
614 2395 694 2444 luisse
706 2407 756 2457 pu·
795 2396 878 2444 dinem
893 2396 984 2446 coloris
999 2398 1087 2446 ducitis
1102 2399 1224 2448 contracti
1233 2399 1320 2448 imita-

233 2474 278 2520 tat.
297 2470 336 2521 Ad
348 2485 373 2520 v.
387 2483 504 2532 isanpero
515 2469 547 2518 cl.
562 2469 755 2530 sat.t‚3‚t36.
795 2475 844 2520 tos:
871 2472 915 2536 qui
944 2483 1005 2522 cum
1031 2485 1054 2520 a.
1073 2486 1099 2522 u.
1118 2485 1141 2522 c.
1161 2474 1217 2522 iti.
1238 2485 1319 2524 senex

234 2569 261 2581 -
282 2545 378 2608 liapaa]
397 2545 551 2594 Lectionam
570 2543 757 2607 Porphyrionis
796 2549 917 2596 mortuus
934 2548 982 2606 sit,
1009 2559 1073 2597 sane
1091 2547 1148 2596 fleri
1166 2551 1269 2611 potest,
1291 2551 1321 2598 ot

233 2623 261 2669 et
272 2619 356 2670 Codd.
370 2617 430 2682 aliq.
442 2631 456 2667 a
467 2617 607 2668 Sanadono
619 2621 756 2682 receptam
796 2619 844 2670 hos
866 2621 937 2682 ipsos
954 2623 1096 2671 Porcianos
1120 2622 1145 2671 h.
1164 2620 1180 2670 l.
1199 2620 1321 2672 derideat

232 2695 333 2744 aeauta
356 2707 433 2744 coma
459 2692 639 2756 interpolatori
664 2692 757 2742 deberi
794 2697 882 2756 po'sta¹
908 2694 1032 2744 Similiter
1043 2697 1146 2745 iocatur
1158 2694 1282 2745 Martialis
1293 2697 1318 2756 t,

233 2768 360 2828 arbitror,
380 2769 425 2832 qui
443 2766 557 2830 ingluvia
571 2767 658 2830 potius
676 2779 756 2829 quam
795 2766 825 2816 l:
843 2767 924 2828 Esset,
939 2767 1061 2830 Casttice,
1079 2769 1208 2818 commoti
1220 2770 1318 2828 colob,

232 2841 408 2892 declamando
433 2840 558 2891 Iarbitam
576 2839 690 2902 dimmpi
708 2851 758 2902 po-
800 2841 1232 2904 Vcraasscriberacoepttoppianus.
1252 2843 1321 2892 Emi-

232 2919 314 2968 tulsse
331 2917 492 2980 opinaretur.
514 2941 542 2952 -
560 2913 680 2975 urbanae]
699 2913 725 2963 n.
739 2911 755 2962 l.
795 2918 911 2965 nuerunt
936 2917 1025 2966 autem
1047 2917 1072 2966 ln
1089 2915 1241 2966 huiusmodi
1258 2917 1320 2967 imi-

233 3004 284 3043 non
310 2995 364 3040 tam
391 2989 426 3040 sd
451 2989 620 3039 dicacitatem
643 2988 758 3038 retertur
796 2992 910 3038 totorum
928 3001 1008 3052 grege
1025 2992 1133 3053 proprio
1151 2991 1256 3053 ingenio
1273 3003 1319 3042 oa·

232 3077 313 3129 ιῐιιιιιι
330 3066 363 3115 ad
377 3063 535 3126 elegantiam
549 3063 690 3122 sermonis,
704 3074 757 3125 quo
795 3065 870 3113 rente
884 3063 914 3111 oi
922 3057 976 3127 τὴν
987 3059 1142 3126 Πλάτωνος
1154 3058 1320 3129 ἀπομιμού-

232 3139 399 3199 utebatur‚et
406 3139 440 3188 ad
451 3139 572 3202 peritiam
580 3135 756 3187 declamandi.
794 3151 878 3201 μενοι
894 3133 1055 3206 κυρτότητα
1072 3139 1121 3187 καὶ
1131 3134 1185 3204 τὴν
1198 3133 1320 3209 Ἀριστο-

265 3215 304 3264 t'l.
320 3214 359 3263 tit.
380 3213 487 3277 Decipit]
506 3209 642 3270 absoluta,
661 3212 690 3259 ut
705 3211 758 3274 sat·
779 3210 895 3274 ’τέλους
911 3207 1099 3282 τραυλότητα.
1128 3211 1195 3262 Plul.
1209 3213 1243 3263 de
1255 3213 1317 3264 aud.

231 3291 290 3340 tare.
320 3291 433 3338 Gronov.
448 3287 524 3338 0bss.
544 3287 569 3347 3,
588 3287 629 3336 20.
646 3313 672 3322 -—
690 3287 758 3336 cittis
794 3289 866 3352 poet.
879 3301 906 3351 p.
920 3287 960 3336 et.
973 3288 1015 3336 W.

231 3363 358 3428 imitabile]
377 3360 547 3425 «Exemplar,
565 3360 652 3422 quod,
670 3362 755 3411 totum
828 3361 868 3411 ts.
882 3361 922 3410 20.
950 3373 1048 3411 seruam
1063 3362 1148 3426 pecus]
1164 3361 1319 3432 θρέμματα

231 3439 253 3489 si
265 3442 387 3503 spectes.
405 3449 471 3488 saue
482 3435 693 3500 pulcherrimum
705 3437 755 3496 est,
794 3430 1009 3504 ἀνδραποδώδη.
1041 3436 1107 3486 Cum
1126 3449 1232 3487 summa
1249 3437 1318 3487 iudi-

231 3512 279 3563 sed
309 3515 398 3562 tamen
425 3512 487 3561 vitia
516 3511 650 3574 quaedam
675 3510 758 3561 habet
794 3509 916 3573 gnatone
934 3511 962 3559 et
978 3511 1136 3562 contumelia
1151 3510 1235 3562 malos
1252 3517 1318 3576 poe-

231 3587 333 3636 imitatu
355 3585 453 3648 lucilia,
481 3599 514 3636 eo
536 3597 617 3650 saepe
636 3586 661 3635 lu
680 3597 756 3635 erro-
794 3587 833 3636 tas
852 3585 978 3647 increpat.
1012 3585 1133 3635 «Seruitia
1150 3587 1258 3635 imitatio
1275 3583 1317 3636 illa

230 3673 289 3712 rem
307 3662 377 3725 rapit
387 3661 547 3720 imitatores,
566 3660 638 3724 quod
649 3665 757 3724 praeter
793 3660 868 3709 anxia
895 3661 923 3707 et
948 3670 1054 3708 morosa
1079 3662 1134 3720 est,
1162 3661 1318 3722 cumquest

231 3737 320 3786 cetera
333 3737 400 3786 haec
413 3737 470 3800 ipsa
481 3737 543 3785 uitia
558 3735 608 3785 sibi
620 3733 757 3785 aemulan·
793 3733 981 3796 superstitione
994 3733 1111 3796 quadem
1123 3731 1157 3782 ab
1170 3745 1217 3792 eo,
1236 3743 1317 3794 quem

231 3810 265 3860 da
282 3812 435 3875 proponunt
452 3807 658 3872 copiarumque
674 3811 754 3859 etiam
793 3806 950 3856 imitandum
962 3807 1165 3870 proposuimus,
1184 3819 1218 3856 ne
1233 3809 1318 3858 baus-

231 3887 343 3949 augent,
369 3886 442 3934 veris
465 3881 608 3934 luminibus
626 3881 755 3945 eloquen-
791 3895 901 3933 versum
917 3880 1027 3945 quidem
1045 3893 1163 3944 unguem
1177 3879 1317 3932 discedere

230 3961 283 4010 ttae
301 3958 487 4023 posthabitis.»
512 3958 623 4007 V.oitiis
638 3955 709 4005 reler
728 3958 755 4004 et
792 3956 934 4006 audemus.
968 3957 1080 4018 luperca
1104 3967 1183 4016 vero,
1210 3956 1317 4019 mrando

231 4033 265 4084 ad
289 4047 314 4084 v.
342 4033 432 4094 decipit
459 4034 487 4081 st
512 4029 546 4080 od
571 4043 597 4078 v.
624 4028 752 4078 tmttattte.
792 4031 831 4079 sio
848 4028 933 4079 aliena
950 4031 1107 4090 tractamus,
1128 4032 1157 4078 ut
1174 4043 1227 4080 non
1244 4029 1317 4081 inal-

231 4106 365 4174 (Exempla
392 4105 505 4170 duplicis
530 4103 608 4153 liuius
631 4105 755 4153 constru-
792 4104 875 4152 terius
896 4104 1094 4166 possessionem
1116 4103 1241 4164 irruisse,
1267 4103 1316 4155 sed

230 4183 325 4232 etiams
333 4176 670 4232 admodummemorabilla
679 4189 755 4242 pras·
791 4179 850 4227 iure
886 4179 977 4226 nostro
1012 4177 1119 4227 ventsse
1158 4178 1314 4240 credamur,

229 4255 278 4306 bet
294 4254 440 4321 Sophocles
452 4253 516 4304 Oed.
528 4250 583 4302 Col.
597 4251 658 4302 cst:
677 4251 704 4302 K
709 4251 754 4303 at-
792 4261 916 4313 quaeque
938 4248 1022 4299 aliena
1046 4252 1120 4311 sunt,
1147 4251 1182 4301 ob
1200 4251 1317 4302 dissimi-

231 4345 308 4391 νοις
333 4327 355 4378 δ
376 4325 446 4390 ἴσως
462 4327 508 4377 tesi
522 4323 589 4377 δείν’
607 4318 754 4396 insipat·
792 4324 846 4376 lem
862 4323 958 4374 faelem
975 4335 1028 4374 non
1053 4337 1103 4388 pro
1122 4322 1214 4376 alienis
1231 4323 1316 4376 habe·
