3116 4968
592 457 653 508 nm.
671 457 702 507 u.
738 457 806 510 sar.
825 458 856 509 u.
1205 457 1262 526 224

224 639 402 708 llaneidum
423 659 539 727 aprum
560 639 682 727 antiqui
705 639 895 717 laudabant,
919 641 1082 730 nunquia
1104 661 1203 708 nasus

224 760 288 828 lllis
310 759 416 828 nullus
439 770 522 838 erat,
547 758 606 827 sed
628 760 727 827 credo
749 760 810 828 hac
833 771 957 839 mente,
980 761 1069 851 quod
1084 762 1204 851 hospes
1226 764 1268 830 90

224 881 358 948 Tardius
380 881 558 948 adveniens
579 881 725 947 vitiatum
747 882 949 949 commodius
971 905 1070 972 quam

224 1005 386 1091 {ntegrum
401 1002 486 1070 edax
499 1002 650 1069 dominus
665 1013 879 1071 consumeret.
913 1005 980 1071 llos
994 1005 1115 1072 utinam
1127 1005 1211 1074 inter

225 1127 349 1191 Heroas
371 1134 481 1191 natum
502 1123 597 1190 tellus
618 1143 671 1190 me
693 1125 798 1212 prima
819 1124 958 1193 tulissetl

224 1249 289 1312 lies
311 1245 434 1334 aliquid
455 1245 574 1322 lamae,
599 1263 684 1331 quae
708 1245 849 1314 carmine
871 1247 992 1334 gratior
1013 1267 1125 1316 aurem

225 1368 373 1456 Occupet
394 1367 583 1432 humanam:
607 1365 747 1453 grandes
768 1365 894 1434 rhombi
915 1368 1111 1457 patinaeque
1225 1372 1267 1436 95

224 1488 352 1556 Grande
374 1489 480 1556 lerum
501 1509 567 1555 una
588 1507 662 1554 cum
684 1486 802 1554 damno
825 1486 987 1569 dedecus;
1011 1489 1096 1558 adde

245 1687 285 1736 94.
303 1687 407 1736 ediec-et
422 1697 556 1750 superscr.
577 1686 694 1736 3444344344
711 1683 742 1746 S,
759 1685 860 1735 vitiem
876 1698 900 1736 e.
927 1685 967 1749 (ct
984 1698 1048 1748 noe,
1067 1686 1124 1751 hp.)
1145 1716 1173 1724 -
1192 1689 1233 1740 944.

216 1762 323 1823 conspe
339 1774 381 1826 ep,
398 1773 439 1825 pr.
459 1761 490 1822 S,
507 1777 543 1827 γκ
561 1773 640 1812 «cum
657 1759 715 1810 aliis
732 1761 883 1824 quinque,·
910 1760 1026 1810 Pottierii
1042 1759 1176 1826 plerique,
1198 1763 1233 1825 C,

216 1832 364 1885 Bentleius:
384 1835 495 1898 Ocmpet
511 1833 543 1898 b,
562 1848 633 1887 cerr.
653 1835 682 1898 S,
700 1849 755 1900 νφ,
773 1848 822 1887 sex
838 1835 968 1896 Pollioni,
987 1835 1086 1888 444444.
1283 1869 1285 1874 ,

180 2003 485 2067 nospitieuperveniene,
504 2015 558 2067 que
565 2003 619 2054 iem
628 2002 705 2054 caedi
743 2000 812 2054 mele
829 2003 960 2066 punemm
975 2004 1078 2066 ponunt
1094 2004 1155 2067 post
1171 2017 1197 2054 v.
1205 2005 1268 2067 ple·

180 2080 207 2127 34
217 2077 296 2140 coqui
307 2089 406 2141 porcus
418 2077 705 2142 nequitu-vitium]
742 2082 788 2126 334.
810 2103 834 2114 -
854 2078 911 2127 Des
926 2075 1023 2137 34433444
1046 2077 1140 2143 fmus]
1166 2081 1268 2130 Seneca

179 2151 350 2214 enortteltip
366 2150 443 2202 Voss.
474 2151 622 2215 opponitur
638 2153 706 2202 lele-
743 2150 777 2202 de
795 2149 917 2212 Cleml,
937 2151 981 2200 to:
999 2152 1269 2214 Principesmeltede-

178 2238 266 2288 prum,
295 2227 452 2276 «recentem
475 2225 605 2289 (ν.44.),»
633 2239 703 2276 non:
742 2225 991 2288 emetiumsomue
1004 2226 1075 2277 dore.
1102 2227 1184 2278 Tacit.
1197 2231 1266 2280 Anu.

180 2301 306 2350 tioium.»
327 2323 354 2334 -
372 2299 581 2364 Πομ-4433333]
601 2301 704 2350 Festive
743 2301 773 2360 4,
796 2301 825 2349 7:
853 2299 939 2350 Debet
959 2305 982 2350 34
1004 2301 1090 2364 sonmo
1114 2306 1143 2351 34
1165 2309 1269 2354 occulte
1368 2341 1372 2352 ,

178 2375 217 2426 343
233 2375 313 2425 vocet
328 2375 452 2438 antiquos
469 2375 585 2425 rusticos
607 2375 706 2425 ileme-
742 2373 879 2434 3433433333
892 2375 976 2437 potire
986 2375 1159 2439 erepublica
1173 2378 1269 2428 eldm-

178 2461 239 2510 nos,
257 2451 287 2498 ut
297 2447 368 2512 Virg.
382 2448 475 2498 lieret.
488 2449 529 2498 60.
543 2448 577 2499 de
590 2449 702 2500 Simulo:
742 2451 793 2498 433.
812 2448 888 2498 Coni.
898 2449 964 2512 Epp.
975 2449 999 2510 2,
1013 2449 1037 2510 4,
1051 2452 1108 2501 445.
1125 2477 1152 2487 -
1165 2465 1269 2514 3333--

177 2521 247 2586 Erpo
264 2523 343 2572 aliem
364 2523 468 2573 molitur
483 2537 555 2586 opero
576 2523 622 2573 sibi
640 2537 706 2586 pro-
743 2523 857 2588 compro
870 2523 922 2574 Cir.
936 2525 1007 2588 Virg.
1020 2526 1086 2576 Aen.
1099 2526 1128 2587 3,
1146 2526 1210 2578 nel:
1228 2539 1269 2578 ro-

177 2598 250 2646 34433
265 2597 345 2648 heroe.
366 2623 394 2634 -
413 2597 608 2661 eure-prime]
626 2598 705 2648 ’44434-
741 2610 800 2646 nem
814 2599 886 2661 fetae
902 2605 1007 2661 ocmtpet
1023 2612 1106 2650 34333.
1140 2602 1170 2650 43
1186 2613 1268 2666 prosa

178 2670 238 2721 dius
262 2670 356 2733 lleyne
380 2671 407 2722 34
431 2673 549 2735 Wagner
572 2671 607 2722 ad
632 2673 702 2735 virg.
742 2682 781 2720 or.
795 2673 886 2721 3334444
901 2674 936 2722 ed
952 2686 1040 2735 aeres,
1060 2675 1087 2724 34
1097 2673 1268 2726 3334333334)-

176 2746 243 2795 Aen.
263 2744 291 2806 4,
316 2745 340 2793 4.
368 2742 500 2808 explicent
525 2746 702 2810 «antiquitus,
741 2743 827 2794 solute
845 2745 917 2810 opud
933 2747 1036 2797 livium
1057 2748 1102 2809 44,
1127 2749 1171 2798 el:
1196 2750 1269 2812 scota

177 2817 266 2870 eum..
285 2816 417 2869 Facillime
435 2822 477 2869 est
488 2819 637 2883 hyperbole
654 2833 703 2884 pro
742 2818 812 2880 (alibi
833 2833 900 2882 coe,
927 2821 1038 2885 emmor)
1061 2823 1160 2872 eccidit.
1197 2824 1268 2876 Con·

176 2893 262 2955 prisco
277 2893 380 2944 4333333
396 2898 486 2944 334343.
526 2893 579 2944 Cir.
598 2896 651 2944 Sat.
672 2895 702 2956 4,
741 2895 888 2946 iunctivum
904 2895 948 2944 hic
965 2895 1090 2958 praetuli,
1118 2909 1180 2947 cum
1197 2899 1269 2961 opii-

178 2967 206 3030 3,
225 2968 266 3018 99.
290 2969 317 3018 34
339 2965 499 3018 Claudianus
521 2967 547 3017 in
568 2967 653 3018 liuiln.
674 2969 701 3030 4,
741 2981 785 3018 me
811 2969 850 3018 sic
875 2966 1033 3031 explicetur,
1061 2971 1173 3034 «utpote
1197 2983 1268 3034 quae

179 3042 240 3092 loli:
270 3041 355 3092 434343
375 3043 508 3106 3333334433
530 3043 659 3094 omnim
682 3043 704 3092 34
741 3045 893 3106 occupet,»
921 3042 949 3092 id
977 3044 1035 3104 est,
1067 3043 1165 3107 «ideo,
1195 3047 1267 3110 quod

176 3117 262 3178 priseo
294 3117 400 3177 tulisset,
436 3117 576 3168 Pirithoum
607 3117 704 3182 superet
742 3117 880 3179 occupet.»
910 3117 961 3166 Per
971 3115 1142 3170 indicativum
1153 3119 1183 3170 444
1193 3119 1268 3172 locus

180 3190 700 3255 4433333.-43443334](4334.534.4,4,44.
742 3189 905 3248 3343433343,
932 3203 983 3240 nec
1000 3191 1064 3241 33443
1088 3195 1162 3243 recte
1184 3195 1269 3246 iuter·

741 3265 862 3329 pretatur
875 3263 1010 3315 Bentleius
1028 3267 1160 3329 (ceterum
1178 3267 1269 3319 lectio·

209 3338 299 3392 94-944.
319 3340 360 3389 «si
371 3337 571 3403 lemae-aliquid
582 3338 704 3390 tribuen-
741 3352 804 3390 nem
819 3344 925 3402 occupet
939 3339 1117 3404 praeterensl:
1137 3343 1204 3394 «4433
1220 3341 1269 3394 ali·

177 3413 243 3464 dum
260 3425 320 3464 esse
338 3414 474 3465 existimes
493 3415 555 3478 (que
567 3413 602 3464 de
613 3426 644 3463 re
656 3414 705 3463 mi·
742 3412 806 3476 quid
824 3413 924 3476 lemae,
943 3425 1012 3476 quoe
1029 3413 1100 3466 boue
1120 3419 1148 3466 et
1172 3417 1269 3468 iucun-

178 3489 248 3538 nime
268 3486 380 3551 dubito),
406 3489 475 3539 scito
500 3487 632 3538 luxuriem
655 3486 704 3536 tibi
742 3487 851 3539 dissime
863 3489 928 3539 sitin
940 3489 1039 3552 famum
1050 3489 1122 3540 enim
1134 3503 1195 3542 esse
1206 3505 1266 3542 voe.

178 3562 297 3614 dedecus
322 3559 461 3612 euammm
487 3573 574 3612 esse.»
620 3561 702 3624 Scito,
742 3561 877 3622 medium;
896 3575 991 3613 verum
1006 3562 1095 3614 honae
1113 3565 1200 3615 lemae
1218 3579 1269 3616 no-

177 3637 211 3688 eic
227 3641 400 3700 memsaepe
417 3637 453 3686 ite
465 3637 624 3699 cogitatione
637 3648 704 3700 sup·
742 3637 778 3687 tie
796 3636 865 3686 inest
883 3637 910 3686 in
925 3650 968 3686 vv.
993 3637 1048 3688 Des
1068 3637 1173 3700 aliquid
1202 3640 1269 3688 Por-

176 3709 305 3777 plendum
330 3713 386 3770 est;
416 3710 442 3760 id
467 3710 540 3774 quod
569 3710 704 3760 interdum
741 3711 856 3776 phyrion
873 3709 908 3761 ed
925 3710 952 3759 h.
965 3707 993 3760 l.:
1015 3710 1086 3760 «lloc
1096 3711 1268 3763 Antisthenes

177 3787 337 3850 interpretes
361 3783 463 3846 43434444,
490 3787 520 3834 ut
545 3784 620 3834 ovid.
641 3785 704 3835 4434.
743 3785 841 3836 dixisse
859 3783 979 3834 truditur.
1015 3785 1135 3843 lseuim‚
1155 3787 1269 3836 cumvi-

178 3861 223 3922 44,
242 3858 303 3911 loo:
322 3859 389 3910 Neve
405 3863 476 3910 43333
490 3859 575 3922 sellum
592 3859 706 3908 animum
743 3861 827 3911 disset
865 3856 1064 3908 adolescentem
1103 3855 1269 3912 luxuriosum

175 3935 270 3998 443343
286 3938 389 3998 wopai,
413 3933 480 3996 quod
496 3946 566 3984 socer
581 3935 706 3996 Hippoto-
743 3931 939 3984 acroamatibus
957 3930 1090 3992 deditum,
1113 3932 1161 3980 eit:
1188 3933 1270 3984 44433-

176 4009 218 4059 dee
234 4007 279 4058 4444
295 4008 340 4068 344,
368 4008 412 4070 qui
428 4019 530 4058 earcere
545 4009 623 4072 sertor
640 4007 706 4058 Cott-
743 4021 804 4058 rum
820 4009 861 4069 ie,
879 4005 1050 4065 adolescens,
1069 4005 1115 4068 qui
1131 4019 1269 4071 nunquam

176 4083 255 4134 443334
270 4087 357 4136 eones
371 4087 410 4144 34,
428 4095 486 4134 emo
501 4083 574 4144 33444,
593 4095 707 4144 aequm
743 4081 840 4132 audisti
857 4092 993 4130 summum
1005 4092 1142 4142 acroama,
1161 4079 1269 4134 laudem

172 4159 272 4222 placet:
299 4157 359 4221 (hoc
385 4157 527 4222 cogitatml
555 4157 617 4208 Cum
632 4158 707 4208 333434
744 4157 853 4206 4333443
884 4151 947 4204 «llil
975 4152 1003 4203 id
1032 4152 1152 4206 tribuunt
1179 4155 1269 4208 Xeno·

176 4233 259 4284 334334
275 4237 408 4284 meamet
424 4244 537 4294 3333333
558 4233 637 4290 coeti,
663 4233 707 4283 Nil
744 4230 844 4296 pilonii.
880 4227 945 4279 Vide
962 4229 1021 4278 lntt.
1041 4228 1076 4279 ed
1092 4229 1171 4281 ilem.
1187 4230 1218 4292 4,
1237 4230 1268 4293 4,

176 4305 226 4358 iilis
241 4308 346 4362 33444333
364 4312 400 4360 334
427 4308 490 4369 cet,
517 4305 563 4358 ubi
585 4305 707 4371 plerique
744 4305 802 4356 at.»
831 4305 1023 4358 weremund
1040 4303 1075 4356 ed
1091 4302 1203 4358 43443444.
1225 4303 1269 4361 Fr.
