3090 4974
328 455 390 520 736
717 479 720 485 ·
809 455 939 508 Houaru

369 610 516 688 Aemula,
541 610 600 678 sed
622 610 727 678 tenuis
748 611 951 700 simplexque
972 611 1128 678 toramine
1149 631 1254 700 pauco

368 733 543 821 Adspirare
565 743 598 800 et
618 731 736 800 adesse
758 731 866 800 eboris
888 741 959 799 erat
980 731 1066 799 utilis
1088 738 1185 821 atque

368 853 517 920 Nondum
538 853 643 942 spissa
664 853 759 920 nimis
783 852 946 939 complere
969 852 1084 920 sedilia
1109 852 1201 933 llatu3
1349 850 1404 918 205

369 977 442 1056 Quo
464 995 543 1042 sane
565 973 704 1063 populus
726 973 934 1040 numerabilis
951 983 1063 1062 utpote
1085 995 1205 1060 parvus

370 1097 408 1164 Et
428 1096 509 1184 frugi
531 1105 705 1184 castusque
727 1094 997 1181 verecundusque
1021 1094 1137 1161 coibat.

368 1219 542 1305 Postquam
566 1217 673 1304 coepit
694 1237 789 1304 agius
812 1215 986 1283 extendere
1009 1216 1111 1282 vietor
1133 1226 1167 1282 et
1186 1213 1286 1282 urbes

391 1397 449 1448 203.
465 1409 548 1460 parvo
565 1407 700 1460 superam.
714 1408 799 1458 poure
817 1394 869 1455 nii,
885 1407 968 1457 pomo
985 1395 1029 1445 Tc.
1050 1395 1089 1458 (Ut
1100 1407 1163 1457 uos,
1181 1395 1259 1458 RSd.]
1274 1419 1302 1432 -
1321 1393 1376 1446 aaa.

359 1472 479 1534 Amtrure
494 1470 577 1520 abed.
594 1497 620 1506 -
634 1470 692 1520 206.
705 1474 793 1532 utpute
802 1469 852 1519 TE.
867 1497 894 1506 -
905 1482 1000 1532 pareus
1016 1471 1079 1519 Tau.
1095 1466 1190 1520 Faber.
1211 1496 1239 1505 —
1257 1469 1317 1520 208.
1335 1483 1379 1518 rar-

360 1545 414 1596 bem
430 1557 498 1596 uuus
515 1544 631 1596 Pottierii
649 1543 701 1607 (8.),
721 1545 773 1594 LCt
784 1546 811 1594 et
821 1542 963 1594 Bentleius.
983 1544 1023 1606 (Ut
1034 1555 1093 1605 nos,
1110 1545 1220 1607 praeter
1233 1556 1316 1594 uuum
1335 1557 1378 1594 ee-

328 1712 535 1774 ermenbertus,
554 1715 585 1762 ut
595 1710 630 1761 ad
642 1725 710 1778 opus
722 1711 851 1762 committi
888 1711 1024 1761 neminem
1041 1714 1103 1762 ante
1115 1711 1252 1762 Horatium
1269 1711 1322 1762 boe
1332 1723 1408 1762 voea-

327 1790 355 1839 et
371 1789 442 1851 iungi
454 1788 576 1851 possent,
595 1788 623 1836 et
634 1788 727 1849 postea
738 1785 851 1850 disiungi
887 1784 981 1837 brdum
998 1799 1069 1836 nunc
1086 1787 1227 1848 reperitur.
1255 1786 1351 1850 ipsene
1367 1784 1408 1834 ds·

327 1865 355 1913 et
371 1859 457 1912 loculo
475 1861 601 1911 servari.»
636 1861 690 1909 iam
709 1861 851 1910 oonseuta-
887 1861 989 1910 torsitu
1002 1863 1103 1911 Graeco
1116 1855 1332 1930 εὐαρίθμητοςι
1348 1861 1408 1910 Tiro·

326 1949 408 1988 neum
426 1936 481 1997 est,
503 1947 550 1986 eas
567 1936 702 1985 iuncturas
718 1935 775 1984 sive
792 1934 852 1984 uin-
889 1947 944 1985 ner.
958 1935 998 1996 ti,
1011 1935 1057 1986 87:
1075 1927 1257 2004 ἀριθμητούς
1273 1929 1333 1985 ἀπὸ
1348 1933 1409 1984 xoi-

327 2015 417 2063 otums
429 2011 509 2060 etiam
521 2012 645 2059 externas
657 2007 753 2068 luisse,
772 2006 851 2058 tibiae
887 2006 953 2059 λῶν.
973 2012 1036 2060 Post
1048 2011 1186 2062 Horatium
1196 2010 1305 2062 Ovidius
1316 2012 1375 2062 blet.
1385 2010 1406 2066 t.

327 2088 485 2137 ornamento
502 2085 656 2136 destinatas.
684 2085 852 2146 Quamquam
889 2085 950 2136 588:
974 2097 1022 2146 ρον
1043 2097 1107 2146 quas
1134 2084 1235 2148 (aquas)
1252 2085 1409 2136 amasio

327 2162 354 2211 in
372 2159 457 2211 Codd.
471 2157 663 2222 antiquioribus
674 2171 717 2208 vv.
729 2159 815 2208 uineta
826 2161 853 2208 et
890 2159 940 2209 uite
950 2159 1066 2210 coleram
1077 2160 1157 2209 οιιιιιίι
1168 2165 1233 2209 erut
1251 2161 1317 2210 Stat.
1330 2159 1406 2211 Tbeb.

326 2237 413 2286 iuncto
433 2233 556 2296 distingui
577 2235 620 2282 vix
638 2234 753 2296 queunt,
779 2233 852 2297 prius
889 2233 914 2295 3,
928 2233 989 2284 toa:
1007 2233 1215 2294 nummumque
1229 2233 1324 2296 sunere
1334 2235 1407 2297 possi

327 2313 418 2360 tamen
426 2307 542 2357 verbum
552 2307 579 2358 h.
589 2306 606 2357 i.
617 2320 682 2358 sune
694 2309 779 2371 magis
791 2311 853 2372 poe·
891 2333 919 2344 -
934 2309 1023 2358 Lectio
1034 2321 1132 2369 pomus
1142 2310 1233 2358 autem
1244 2308 1323 2373 louge
1334 2321 1409 2374 prse-

327 2385 409 2434 tiuum
424 2384 466 2432 est
479 2385 506 2432 et
518 2381 553 2431 ab
567 2382 757 2444 antiquissimis
766 2381 850 2432 Codd.
890 2383 942 2432 stat
952 2382 1121 2432 coniecturae
1127 2394 1232 2443 norme,
1245 2381 1320 2444 quod
1328 2383 1408 2447 ipsum

327 2459 391 2508 sutis
404 2456 538 2517 firmatur,
557 2459 607 2507 etsi
620 2457 731 2507 loannes
743 2455 850 2506 Saresb.
890 2456 959 2506 inest
976 2455 1002 2505 in
1020 2469 1044 2504 v.
1062 2455 1141 2519 [iugi.
1157 2483 1184 2491 -
1200 2461 1334 2518 castusque
1348 2469 1409 2506 roro

327 2530 439 2594 Prologo
455 2531 498 2580 Vi.
518 2529 612 2581 Polie:
630 2531 698 2580 Nom
715 2532 771 2592 quia
786 2545 804 2580 o
817 2543 852 2581 se·
889 2531 1032 2592 eanquue
1045 2530 1105 2580 ideo
1118 2530 1211 2592 etiam,
1230 2531 1305 2594 quod
1322 2532 1356 2582 ad
1371 2531 1409 2581 ii·

326 2606 464 2668 mmagooo
488 2605 575 2654 titiana
597 2605 721 2655 ortebotm
741 2605 853 2656 iunctam
889 2604 948 2656 beri
968 2605 1050 2669 patris
1067 2603 1168 2655 cultum
1185 2600 1410 2678 pertinebatdpri·

327 2685 351 2731 et
367 2679 495 2730 aenaim
512 2679 585 2730 totas
601 2681 747 2744 grandioris
763 2693 853 2742 ereps-
889 2695 941 2744 μα.
960 2679 990 2728 V.
1002 2681 1092 2729 sutem
1103 2683 1187 2730 coatras
1199 2679 1315 2731 retertur
1325 2681 1359 2732 ed
1369 2693 1410 2730 ra-

327 2753 392 2805 etst?
402 2781 430 2790 -
442 2753 683 2820 iubarquadeinuiu]
695 2769 762 2806 sono
773 2757 852 2806 acuto
889 2753 1021 2816 ligiouem.
1041 2753 1097 2804 cie.
1111 2752 1145 2804 de
1158 2755 1236 2819 Legg.
1246 2755 1271 2816 ἰ,
1282 2755 1308 2818 8,
1320 2755 1364 2808 tt:
1376 2754 1409 2805 Aa

327 2833 355 2881 et
372 2829 446 2879 chori
458 2828 541 2880 verba
554 2833 707 2893 superante.
722 2857 750 2866 -
764 2829 851 2893 tenuis]
890 2830 959 2880 divos
976 2829 1084 2878 ιιὼιιιιιο
1100 2833 1176 2880 casa.

328 2903 417 2966 «quod
433 2902 469 2953 ad
487 2916 583 2954 sonum
595 2907 724 2968 spectat.»
739 2929 768 2941 -
779 2904 853 2967 soro-
922 2901 1051 2953 eoa-ato.
1076 2900 1169 2967 uiator]
1186 2903 1311 2968 populus.
1338 2901 1410 2968 Apud

326 2979 394 3028 mine
406 2976 499 3041 posco]
518 2978 617 3027 «Varro
629 2979 703 3028 attin
714 2979 791 3028 tertio
805 2978 853 3027 Di·
890 2979 1005 3028 Graeoos
1027 2975 1142 3028 retertur
1163 2976 1198 3028 ad
1215 2981 1338 3042 tempora
1355 2979 1409 3042 post

327 3051 499 3115 seiptinarum
511 3053 539 3101 et
549 3051 583 3102 ad
595 3051 749 3103 Marcellum
760 3052 795 3103 de
806 3050 854 3102 liu·
889 3047 925 3100 τὰ
933 3048 1072 3121 Περσικά,
1084 3049 1118 3102 ci.
1129 3051 1163 3101 ud
1172 3052 1237 3115 Epp.
1247 3051 1273 3111 i,
1282 3053 1307 3112 t,
1317 3051 1408 3114 osqq.;

328 3137 379 3189 gua
405 3127 507 3186 Ludna,
542 3129 667 3190 quattuor
692 3125 853 3177 foraminum
889 3123 961 3189 apud
977 3125 1110 3176 Romanos
1121 3130 1183 3188 post
1194 3123 1409 3190 profligatabala

328 3202 409 3253 luisse
431 3201 509 3252 tibias
530 3201 601 3266 apud
619 3203 757 3266 antiquos,
779 3205 852 3252 etse
890 3200 997 3250 Punica.
1021 3226 1049 3235 -
1075 3198 1161 3263 what]
1186 3201 1268 3250 lieete
1286 3199 1410 3252 sehabet

327 3277 414 3340 ipsum
427 3275 463 3325 ait
473 3276 500 3325 iu
511 3274 611 3340 templo
623 3277 744 3339 Marsyae
755 3275 853 3326 vidisse
890 3271 998 3337 pluralis
1013 3272 1143 3324 Codicum
1159 3275 1408 3338 antiquissimorum.

327 3349 407 3401 tibias
424 3351 550 3412 quattuor
566 3349 735 3400 foraminum.
765 3351 853 3410 Quare
890 3359 952 3398 oum
977 3347 1011 3398 de
1029 3347 1136 3398 Graecis
1158 3350 1185 3398 et
1201 3349 1327 3399 Romanis
1343 3359 1410 3399 oom-

328 3427 457 3488 quuterna
473 3426 576 3474 tautum
588 3423 717 3474 foramina
729 3425 852 3488 autiquae
889 3423 1006 3474 muniter
1016 3419 1149 3486 loquatur.
1167 3421 1242 3483 Vide,
1253 3433 1322 3486 quae
1332 3433 1409 3486 supra

328 3498 408 3549 tibiae
426 3496 592 3556 habueruut;
617 3496 660 3547 alii
676 3497 780 3558 dicunt,
800 3511 853 3549 non
890 3497 924 3547 de
932 3499 988 3547 toto
997 3495 1024 3546 h.
1034 3494 1052 3546 l.
1065 3495 1189 3548 diximus.
1201 3523 1229 3534 ·-
1239 3496 1335 3561 latior]
1347 3497 1373 3546 b.
1384 3495 1407 3554 4.,

327 3571 481 3637 piusquam
489 3573 655 3622 tria-Aeso.
668 3573 852 3635 -Adqrtrarel
889 3575 920 3622 ut
944 3572 1155 3622 consentaneum
1179 3574 1237 3632 est,
1267 3571 1407 3634 siguificat:

328 3647 386 3696 deo
404 3647 461 3696 Τοιι
478 3643 624 3709 ungebas.
647 3671 675 3682 -
693 3645 786 3710 αάιιιο]
804 3647 853 3697 bs-
890 3647 1064 3710 «spetiosior,
1091 3643 1216 3709 amplior,
1241 3657 1323 3709 quum
1341 3646 1407 3696 initio

327 3721 455 3784 gtaitao.
468 3747 495 3756 -
508 3721 589 3782 spissa
598 3719 798 3782 simis-reditio]
811 3719 850 3771 Cl.
889 3721 1009 3779 inorata
1027 3719 1182 3782 neutiquam
1195 3731 1261 3768 vero
1278 3731 1311 3770 eo
1321 3731 1407 3774 seusu.

328 3805 355 3844 v.
369 3793 429 3845 ast:
455 3794 723 3856 spinae-worm.
741 3794 808 3858 Epp.
826 3795 851 3855 4,
890 3795 943 3858 quo
970 3794 1004 3845 de
1030 3790 1175 3856 Babylonis
1196 3806 1275 3844 muro
1297 3795 1408 3860 Hyginus

329 3867 370 3928 49,
383 3867 411 3919 tt
422 3883 428 3918 ε
441 3867 666 3932 Spissis-tientes.
682 3895 709 3904 -
722 3867 852 3934 complere]
890 3869 917 3918 F.
931 3867 995 3918 223:
1013 3868 1094 3918 toturn
1105 3868 1183 3930 godar
1198 3868 1288 3930 W„
1306 3867 1372 3918 adeo
1383 3867 1410 3917 ut

329 3941 413 3993 «adeo
438 3944 511 3993 utin
529 3943 632 3993 theatro
649 3941 733 3992 multo
750 3944 852 3993 minore
890 3955 1104 4006 supervacanea,
1128 3943 1178 3992 etsi
1203 3955 1253 4006 per
1277 3955 1307 3995 sa
1329 3945 1407 4000 metr.

329 4027 411 4080 quam
427 4019 517 4068 nostru
534 4030 605 4068 nune
622 4019 698 4077 sunt,
718 4017 854 4068 noudum·
890 4019 925 4068 stt
940 4015 1051 4069 Bentleii
1065 4018 1134 4067 coni.
1148 4030 1163 4067 a
1176 4017 1295 4068 Gouodio
1306 4019 1408 4081 recepta

330 4103 383 4154 que
400 4091 596 4156 spectatoribus
607 4091 686 4141 nimis
697 4090 806 4152 referto,
818 4090 852 4142 ab
890 4092 984 4142 metor.
1003 4091 1033 4140 V.
1047 4089 1168 4155 exempla
1179 4090 1214 4141 ab
1228 4089 1272 4142 illo
1283 4091 1367 4142 adata.
1382 4117 1406 4127 -

330 4162 467 4226 omnibus,
480 4169 610 4229 quantum
622 4167 762 4227 satiserat
775 4178 854 4216 exau·
888 4167 996 4228 mnoqrio
1019 4166 1119 4230 αιίιιιιο]
1146 4167 1293 4218 «conviviis
1309 4169 1409 4229 tempe·

330 4238 518 4302 diripuisses
539 4267 566 4279 ··
584 4241 661 4305 ιαιιο]
688 4245 739 4292 «ut
756 4253 806 4306 per
823 4253 853 4292 se
890 4241 980 4300 stivis;
1009 4238 1183 4304 indulgebant
1210 4239 1282 4291 enim
1306 4239 1407 4290 Genio.»

329 4311 506 4378 intelligitur.»
529 4341 556 4352 -
582 4314 752 4380 numerabitis]
775 4314 853 4382 Apud
890 4315 956 4380 Epp.
970 4316 994 4376 4,
1007 4315 1049 4376 is,
1060 4315 1087 4365 44
1098 4327 1105 4363 ι
1117 4315 1246 4367 Norbano
1257 4319 1353 4368 cartura
1362 4324 1408 4364 sto·
