3022 4984
615 457 675 508 llis
692 453 838 507 Publici.

228 612 361 680 visuros
383 621 516 701 peccata
539 621 650 700 putem
671 629 760 688 mea,
784 617 872 677 tutus
893 619 926 676 et
948 608 1030 676 intra

226 735 326 820 Spem
347 733 462 802 veniae
484 732 624 800 cantus?
658 731 758 800 Vitavi
782 729 926 819 deniqne
949 729 1093 819 cuipam,

226 855 296 921 Non
318 853 450 922 laudem
471 855 585 922 merui.
629 853 692 920 iios
716 848 915 940 exemplaria
941 851 1065 920 Graeca
1169 831 1171 836 ¹

226 975 388 1043 Nocturna
410 984 538 1044 versate
560 993 673 1053 mann,
697 981 826 1041 versate
848 971 973 1040 diurna.

225 1099 266 1164 lt
286 1097 387 1165 vestri
411 1097 523 1186 proavi
544 1095 709 1164 Plautinos
731 1103 764 1162 et
787 1113 940 1162 numeros
961 1102 995 1161 et
1212 1095 1275 1164 270

216 1267 325 1318 iectura.
346 1293 373 1303 -
391 1265 451 1318 idi.
469 1265 579 1318 comae?
609 1267 690 1318 Vttaat
714 1265 820 1318 &duxi
837 1277 900 1316 cum
917 1265 984 1326 uct,
1009 1263 1141 1326 Bentielo‚
1170 1265 1238 1316 lea:

215 1345 323 1392 comm:
340 1341 573 1403 uindimiae?
590 1340 1243 1404 mabbo--contaceitwidistiuguitiloe-

215 1414 317 1466 deriein
334 1415 428 1478 Sgoon
447 1417 490 1466 lii.
509 1427 535 1480 p.
550 1415 606 1466 iii.
627 1444 656 1453 -
673 1416 731 1468 iit).
748 1417 780 1466 At
795 1415 876 1466 nosti
894 1414 913 1466 d
930 1416 1035 1476 noster,
1054 1415 1120 1468 cod.
1134 1416 1197 1480 lieg.
1210 1417 1241 1467 li.

215 1489 273 1552 aa,
292 1490 322 1553 C,
341 1487 454 1552 Schelle,
473 1490 550 1541 Voss.
570 1491 688 1553 (lituos,
706 1487 914 1556 eustachi-ici

183 1639 434 1702 marmeians
446 1665 473 1677 -
485 1638 600 1704 acapna]
614 1651 711 1704 squam
747 1637 987 1703 reprehensionem
998 1636 1121 1690 devitans
1138 1651 1223 1704 nsque
1241 1639 1276 1691 ed

183 1715 271 1766 meriti
289 1726 342 1765 non
359 1715 463 1764 erent.»
749 1725 812 1764 enm
829 1711 926 1773 fluam,
944 1713 1012 1763 intra
1030 1724 1112 1775 quem
1129 1714 1152 1766 ai
1169 1725 1277 1766 manse·

215 1786 360 1840 aec-aee.
393 1787 521 1838 idcircone
544 1800 625 1852 vager
648 1785 710 1851 cet]
748 1799 796 1847 ro¹
809 1787 916 1838 veniam
928 1785 1059 1837 melaciie
1072 1787 1277 1851 impetraturum

184 1861 255 1913 eliac
279 1863 357 1913 venia
392 1862 450 1927 ipse
476 1873 584 1926 quoque
610 1860 711 1912 ebusus
749 1873 861 1925 spero.»
881 1861 1025 1912 «imici
1041 1863 1087 1912 der
1101 1863 1217 1914 &aaron
1232 1865 1278 1914 der

183 1936 336 1988 scribemus
360 1936 418 1988 sine
438 1935 492 1988 ulio
510 1939 584 1988 certo
601 1935 711 1989 consilio
749 1935 870 1998 palemon
886 1935 1046 1986 Nochctcht.»
1065 1935 1193 1986 Durriae.
1220 1937 1274 1987 Cic.

183 2022 279 2061 versus
302 2013 399 2076 spretis
416 2011 629 2063 accuratioribus
645 2010 712 2075 iegi-
749 2007 784 2059 ad
797 2010 869 2059 Fam.
879 2007 905 2070 t,
917 2007 944 2071 t,
955 2008 984 2061 t:
1003 2009 1213 2073 mesaneos,
1232 2015 1278 2061 eat

184 2083 236 2136 bns
244 2085 384 2136 metricis?
401 2097 515 2150 sperans
523 2085 648 2137 videlicet
658 2097 712 2136 non
748 2084 826 2134 attam
836 2084 1026 2135 iatremodistn.
1042 2112 1069 2121 -
1091 2085 1173 2136 vitani
1183 2086 1208 2136 d.
1221 2086 1277 2136 eai-

184 2160 308 2222 qnemvis
325 2157 468 2221 lectorem,
487 2161 570 2211 imme
585 2161 714 2226 pancissi-
744 2171 809 2223 pom
826 2157 888 2223 cet]
911 2157 994 2210 Plaut.
1007 2159 1077 2210 Trin
1090 2159 1116 2221 a,
1129 2159 1154 2220 i,
1166 2160 1198 2210 lt:
1219 2161 1277 2210 Noa

185 2245 258 2294 mos.
276 2233 303 2284 id
321 2245 382 2284 esse
399 2233 653 2287 animadversuros?
671 2237 711 2286 Au
746 2233 834 2282 videor
854 2234 973 2284 aarum
993 2233 1110 2294 leudam
1136 2233 1213 2297 atipc
1228 2247 1276 2284 ca-

185 2307 315 2370 iortasse,
342 2309 476 2359 contrario
506 2321 598 2360 errore
624 2312 710 2370 actus,
747 2305 958 2357 miserarium.
974 2333 1002 2344 ·-
1014 2307 1181 2373 mmpmsc]
1201 2321 1276 2373 sper-

183 2381 277 2446 pntem
294 2392 389 2432 omues
406 2381 517 2445 quidem
533 2383 638 2436 visuros
650 2396 711 2436 esse
749 2381 833 2433 lectos
850 2381 980 2445 cuiusque
1006 2383 1112 2446 generis
1129 2383 1275 2448 scriptores

185 2467 246 2506 mea
266 2457 390 2519 peccata,
417 2455 466 2507 sed
490 2457 570 2508 nihilo
590 2460 711 2510 minnsa
750 2457 897 2516 Graecum»
916 2467 978 2507 nam
995 2457 1025 2506 ut
1040 2455 1075 2506 ad
1087 2457 1137 2507 hos
1153 2455 1277 2522 adspira-

185 2529 395 2595 reprehansione
418 2531 504 2582 tatum
524 2545 569 2583 me
587 2532 710 2594 arbitrer,
748 2532 823 2592 rent,
841 2528 868 2581 id
885 2542 1023 2582 summum
1040 2532 1112 2592 erat,
1132 2532 1205 2595 quod
1219 2534 1276 2583 suis

184 2602 332 2654 dummodo
344 2616 464 2667 caveam,
477 2616 512 2654 ne
526 2618 621 2657 versus
633 2609 712 2658 nimis
748 2603 921 2669 popularibus
938 2603 1019 2656 iicera
1030 2606 1116 2670 proha
1128 2607 1277 2671 perspicie-

183 2676 273 2730 scabri
299 2676 339 2728 vei
361 2679 442 2728 etlam
464 2691 575 2742 prorsus
591 2672 712 2752 ὅμηροι
749 2677 989 2730 ballimatiae·
1007 2681 1140 2740 Noctua-ea
1154 2680 1218 2746 cet]
1236 2681 1277 2733 id

185 2753 249 2802 mihi
261 2754 363 2817 passim
376 2752 518 2805 excident?
529 2754 631 2805 Veram
640 2756 714 2819 equi-
749 2750 873 2802 versiculi
890 2765 988 2803 sonum
1004 2753 1038 2803 ci.
1051 2754 1117 2819 Epp.
1131 2754 1156 2816 t,
1170 2755 1210 2816 49,
1229 2757 1273 2804 tt:

185 2825 249 2876 dem
269 2829 359 2877 tantm
382 2825 556 2890 negligentiae
574 2839 712 2892 nunquam
750 2825 878 2876 Noclomo
888 2829 1275 2891 certaremarofflataadtaatvo.

185 2913 248 2952 reus
265 2901 344 2962 ilam;
363 2913 425 2952 nam
438 2901 543 2964 dentque
558 2901 617 2966 (am
628 2904 713 2954 liade
783 2899 921 2950 tit-hit.
950 2901 982 2950 li
1004 2902 1066 2966 cet]
1092 2903 1139 2952 Est
1161 2901 1277 2952 obiectio

185 2989 211 3027 v.
230 2975 306 3028 hand
321 2977 396 3028 Ture.
410 2977 441 3027 ih
459 2989 487 3041 p.
505 2975 573 3039 iii.)
599 2977 712 3028 vitarem
750 2975 824 3022 erote
849 2973 991 3026 coniuncte
1016 2987 1078 3026 oum
1101 2977 1276 3041 responsione

186 3051 296 3115 quidem
321 3051 577 3114 reprehensionem,
603 3049 713 3102 laudern
749 3048 857 3098 amma
870 3047 995 3111 patienter
1006 3051 1058 3100 cet.
1085 3053 1163 3112 stip
1180 3051 1275 3116 inqiut,

186 3137 266 3186 vero,
285 3137 367 3188 wem
384 3137 500 3188 quaero,
522 3125 596 3190 apnd
611 3125 713 3191 peritos
751 3123 881 3173 «maiores
898 3125 981 3174 vestri
998 3125 1086 3188 magni
1101 3125 1190 3176 iecere
1202 3123 1277 3176 Plau-

186 3198 289 3252 iudices
300 3211 353 3250 non
365 3199 522 3250 invenirem.
542 3199 616 3252 lianc
626 3202 713 3266 ipsam
751 3199 834 3248 tum.»
853 3197 1000 3262 ditique.»
1025 3198 1170 3262 respondet
1184 3201 1275 3263 poeta,

186 3275 277 3324 aewm
300 3271 409 3324 landem
432 3274 510 3324 unice
528 3276 714 3340 appetiverunt
751 3270 816 3322 used
832 3273 944 3336 propter
955 3272 1006 3322 hoc
1017 3272 1121 3336 ipsum,
1139 3272 1213 3337 quod
1224 3273 1277 3323 mi-

187 3349 285 3401 summi
310 3351 473 3401 Graecorum
498 3352 608 3414 potitae,
640 3353 713 3402 omni
751 3357 801 3396 uus
817 3347 881 3396 tnnc
893 3345 991 3398 exculti
1003 3345 1163 3411 exemplaria
1174 3347 1277 3398 Graeca

187 3422 343 3487 negligentia
352 3437 446 3475 severe
454 3421 504 3475 sibi
512 3423 711 3486 interdicentes;
750 3431 803 3468 non
828 3420 893 3470 satit
919 3423 1015 3470 nonni
1038 3432 1127 3486 neqiie
1152 3420 1277 3471 eximiam

187 3499 312 3563 quocirca
324 3511 387 3561 vos,
400 3499 524 3561 Pisones,
542 3499 593 3551 hos
605 3513 712 3552 mecum
750 3493 846 3544 horam
863 3493 1057 3558 perlectionem
1074 3495 1275 3560 perspexerant,

187 3573 356 3637 sequimini.»
375 3599 405 3612 -
424 3587 459 3625 im
475 3573 568 3639 mes]
586 3575 715 3627 Lectione
750 3569 924 3632 praepostere
941 3569 1091 3621 iudicarunt
1108 3568 1142 3620 de
1155 3568 1237 3620 Plauti
1248 3571 1277 3620 et

187 3661 271 3698 manea
290 3649 318 3698 ei
334 3648 393 3698 orta
410 3650 452 3700 est
468 3661 501 3699 ax
522 3659 634 3713 prorsus
650 3662 714 3714 pai·-
751 3641 874 3693 versibus
886 3645 913 3693 ei
924 3643 1054 3695 facetiis.»
1068 3642 1277 3708 -oetn]l1eec

186 3734 266 3773 versa
282 3727 311 3772 ot
326 3735 410 3772 osana
426 3725 454 3772 et
465 3723 588 3786 exiguam
605 3723 714 3774 habeta
750 3715 829 3768 lectio
846 3717 1022 3781 praeterenda
1038 3721 1080 3770 est
1095 3717 1171 3769 alteri
1186 3719 1275 3782 nona,

188 3795 273 3848 Codd.
292 3796 486 3848 auctoritatam.
520 3798 613 3858 Varie,
637 3801 666 3848 ut
684 3798 714 3848 tit
750 3792 847 3858 partim
865 3792 927 3856 qula
944 3792 1007 3844 hnic
1022 3793 1140 3857 poemati
1157 3787 1278 3843 didasoe·

187 3873 215 3921 in
226 3869 298 3921 iaisis
309 3869 476 3933 lectionibus,
492 3872 711 3936 interpretantur:
750 3866 814 3928 lico,
841 3868 996 3931 ubicunque
1021 3869 1122 3932 potest,
1149 3865 1277 3931 epistolae

188 3943 301 4006 iisiicat
310 3947 430 4010 putem.»
447 3945 472 4008 t)
485 3945 546 4006 «ita,
556 3947 712 4009 utputem.»
752 3941 853 3992 inducit
869 3940 988 3993 ociorem
1006 3942 1044 4006 (ui
1058 3955 1083 3992 v.
1097 3941 1277 4005 praecedente

188 4018 241 4069 Sed
258 4019 501 4070 neutra·sententie
520 4021 595 4070 recte
613 4020 655 4069 est
670 4017 714 4070 vei
754 4016 814 4077 Vos,
841 4017 999 4068 oPisones:
1027 4017 1061 4067 lte
1084 4015 1221 4078 videlicet,
1247 4017 1279 4068 ut

189 4097 348 4159 propterea,
373 4094 446 4158 qnod
464 4093 587 4145 Homtius
604 4095 632 4143 et
647 4093 715 4144 scri-
751 4088 830 4140 simini
848 4089 972 4142 omnibns
984 4089 1129 4142 lectoribus
1141 4090 1277 4142 hocidem

188 4166 255 4220 bere
270 4167 367 4219 debuit
383 4171 410 4218 et
426 4167 534 4232 scripsit
549 4179 596 4230 oo,
618 4178 672 4218 non
687 4171 716 4218 ct
751 4163 853 4214 dictum
875 4165 970 4228 esset),
994 4165 1092 4230 partim
1117 4166 1180 4231 qnia
1203 4165 1277 4216 haud

190 4253 279 4307 neque
295 4247 332 4292 ot.
353 4267 380 4278 -
402 4241 483 4304 tator]
508 4241 560 4292 Cir.
578 4255 604 4292 v.
621 4242 662 4293 28.
684 4269 711 4279 -
752 4239 830 4290 nimis
841 4238 1031 4302 conveniebat,
1050 4240 1125 4303 ntis,
1144 4240 1219 4291 ouius
1230 4251 1278 4304 pa—

190 4317 261 4368 latro
279 4329 347 4381 span
365 4317 454 4369 antae
469 4313 566 4382 cumea]
585 4329 715 4370 nemnem
751 4317 794 4366 ter
809 4315 868 4366 sine
885 4316 961 4380 patre
977 4315 1076 4378 iuerat,
1092 4325 1277 4380 pinnensem
