3082 4968
544 374 603 426 tie.
622 375 642 424 1.
677 374 745 425 SAT.
764 375 818 424 vii.

189 531 369 609 Conventu;
391 528 502 596 laudat
521 531 656 596 Brutum
677 527 852 617 laudatque
874 529 1052 598 cohortem:

188 651 295 718 Solem
316 651 412 718 Asiae
433 651 567 718 Brutum
593 649 746 738 appellat,
770 649 945 740 stellasque
967 650 1114 720 salubres

187 771 331 860 Appellat
352 771 503 850 comites,
527 782 663 860 excepto
685 774 789 860 liege;
812 793 925 841 canem
947 772 1052 850 illum,
1187 774 1230 840 25

185 895 325 960 Invisum
347 893 497 982 agricolis
520 893 627 971 sidua,
650 893 790 960 venisse.
834 894 972 972 lluebat,

185 1015 318 1083 Flumen
340 1026 375 1082 ut
396 1014 584 1092 hibernum,
608 1015 707 1081 iertur
729 1035 796 1104 quo
819 1035 892 1082 rara
913 1016 1046 1084 securis.

184 1139 262 1203 Tum
284 1136 513 1203 Praenestinus
535 1134 621 1202 salso
643 1135 809 1224 multoque
832 1134 941 1202 liuenti

183 1260 345 1346 Expressa
367 1258 499 1326 arbusto
522 1257 642 1344 regerit
662 1257 821 1334 convicia,
845 1256 946 1324 durus

183 1379 402 1446 vindemiator
423 1388 456 1444 et
478 1378 632 1456 invictus,
656 1377 707 1444 eui
730 1397 830 1465 saepe
852 1378 955 1444 viator
1185 1379 1227 1444 30

184 1501 359 1576 Cessisset,
382 1519 498 1587 magna
519 1498 717 1588 compellens
738 1519 819 1566 voce
841 1498 1000 1567 cuculum.

204 1655 247 1704 aa.
265 1653 421 1715 4444444444
437 1666 453 1702 4
469 1653 498 1702 ot
513 1665 554 1716 pr.
573 1637 605 1712 s,
624 1653 685 1702 act.
722 1652 762 1714 (444
779 1663 840 1712 nos,
867 1650 923 1716 nep
940 1653 968 1702 44
984 1665 1054 1703 eon.
1073 1654 1102 1714 o,
1120 1649 1193 1718 μευ,

172 1730 291 1791 itemque
309 1728 425 1778 Pettierii
442 1725 566 1791 septem.)
586 1753 614 1764 ·-
633 1726 674 1778 84.
692 1725 817 1775 maiam
833 1724 869 1776 be
886 1727 913 1775 et
929 1737 970 1790 pr.
986 1726 1017 1786 S,
1037 1727 1103 1788 tet,
1120 1739 1196 1777 444444-

171 1803 237 1864 iun,
255 1815 391 1867 superscr.
409 1801 547 1862 4444444444,
565 1800 592 1851 d.

139 1925 214 1975 cant:
242 1922 384 1973 «irridetur
400 1921 532 1972 Persius.»
553 1923 580 1958 ὲ
600 1919 666 1972 aar·
702 1921 820 1970 Demetr.
853 1918 957 1972 Phaler.
984 1935 1011 1986 p.
1039 1920 1096 1973 446.
1123 1922 1225 1974 Fisch.:

137 1999 221 2061 44444444]
239 1999 360 2048 «Corona
377 1997 530 2048 auditorum
551 1997 579 2047 in
596 1995 666 2046 iudi-
702 1993 751 2045 unt
772 1989 827 2066 γὰρ
848 1992 1050 2067 μεταφέροντά
1068 1995 1129 2049 ἐστι
1147 1995 1227 2048 δεινὰ

139 2074 206 2124 clo·
221 2099 249 2110 -
263 2071 398 2135 coitortern]
416 2071 565 2122 amicorum
583 2072 666 2121 etco-
701 2076 796 2121 κοιεῑν
813 2063 853 2134 ὥς
870 2065 916 2132 τό,
942 2067 1003 2138 «Tei
1020 2068 1139 2122 4444444444
1155 2071 1227 2144 θρα-

139 2149 233 2199 mitum
245 2148 333 2208 Bruti,
352 2147 398 2210 qui
409 2145 511 2196 iudices
523 2145 663 2196 sedebant.
702 2146 852 2212 συνομένῳ
870 2145 919 2196 aut
936 2142 1032 2213 πολλῷ
1048 2139 1142 2216 ῥέοντι
1162 2145 1227 2197 καθ’

141 2250 167 2260 ·-
185 2223 269 2273 Salem
285 2221 349 2285 cet]
366 2219 484 2271 Tumidis
502 2219 665 2284 metaphoris
702 2213 784 2284 ὑμῶν
809 2215 864 2271 οὐκ
889 2215 977 2284 εἶξα.»
1014 2221 1165 2284 (Demosth.
1192 2222 1226 2274 de

139 2298 166 2347 et
188 2295 301 2348 ridicula
317 2289 464 2346 ἀντιθέσει
486 2297 554 2346 inter
574 2293 665 2346 stelles
703 2295 808 2344 Corona
835 2295 859 2358 ἓ.
887 2295 943 2346 486.
970 2309 996 2360 p.
1023 2296 1081 2346 446.
1106 2297 1144 2360 li.)
1181 2298 1228 2348 Se-

138 2370 269 2424 salutares
287 2374 313 2422 et
337 2369 492 2424 Caniculam
509 2383 588 2434 egros
609 2371 665 2418 tor-
702 2381 769 2419 neca
787 2369 913 2421 controv.
932 2371 995 2422 Euo.
1015 2383 1048 2420 ex
1066 2371 1094 2422 L.
1107 2370 1131 2423 4.
1145 2373 1227 2424 Prae-

139 2451 243 2500 rentem
255 2447 382 2498 utebatur
392 2445 499 2506 rabula;
518 2443 599 2504 unde,
619 2441 665 2507 qui
701 2442 745 2494 lat.
764 2443 798 2493 de
817 2444 938 2494 Haterio:
963 2445 1047 2496 44444444
1067 2451 1140 2497 eram
1163 2461 1228 2510 qaae

138 2524 262 2583 aderant,
281 2523 351 2574 maus
367 2521 467 2572 iecere.
482 2548 509 2556 -
521 2520 605 2583 sertor
616 2530 665 2579 quo
699 2520 906 2583 reprehenderes,
931 2521 1012 2572 44444444
1035 2535 1100 2584 quae
1115 2524 1226 2587 444444444-

137 2612 201 2648 rara
218 2597 322 2661 44444444]
347 2609 396 2646 «eo
416 2595 488 2657 loco,
516 2593 574 2654 nbi,
602 2593 664 2657 quia
700 2607 754 2656 ree,
772 2597 1227 2663 memoriammemioria-

138 2685 270 2736 pracceps
287 2673 329 2722 eat
349 2671 422 2734 ripa,
450 2670 573 2722 torrentis
595 2667 665 2732 (xat-
700 2667 769 2729 dem,
792 2669 834 2718 sed
856 2671 969 2720 4444444444
989 2673 1085 2736 fiuent.
1120 2674 1174 2724 Sat,
1195 2676 1224 2738 4,

137 2741 262 2817 μάῤῥου)
280 2745 396 2810 impetus
417 2747 459 2796 est
478 2743 665 2794 vehementior
701 2741 731 2804 4,
750 2743 777 2792 44
792 2757 798 2792 :
826 2743 889 2795 Cum
903 2747 992 2810 44444444
1010 2746 1139 2812 (Lucilius)
1157 2749 1227 2800 444444-

138 2823 254 2886 idcoque
272 2821 299 2870 in
316 2817 376 2870 loco
389 2817 612 2883 periculosorum
624 2830 666 2866 ar-
699 2816 786 2867 4444444.
814 2819 878 2870 Mire
890 2819 1030 2871 Turnebus
1048 2821 1228 2888 iunxitriaertii

138 2897 218 2948 bores
244 2894 418 2945 caeduntur.»
455 2894 546 2944 Fertur
562 2894 662 2954 44444444,
700 2891 810 2942 oreore.
832 2921 859 2930 -
884 2895 1014 2957 Expressa
1036 2895 1146 2961 arbusto]
1171 2897 1227 2950 444-

137 2973 166 3020 ut
186 2969 329 3034 aliquoties
353 2969 379 3018 in
402 2968 474 3020 Actis
498 2969 578 3018 Fratr.
599 2969 662 3016 444.
700 2967 803 3018 lissimo
816 2967 933 3020 clamore
946 2983 978 3020 ex
990 2969 1113 3032 arbusto,
1133 2971 1159 3022 in
1171 2985 1226 3036 quo

139 3048 172 3106 (a.
191 3059 216 3096 c.
235 3043 300 3094 Teh.
319 3043 370 3106 ii.)
386 3043 451 3107 ferri
472 3043 560 3092 inlatio
577 3041 604 3092 io
623 3041 665 3092 444-
699 3041 782 3092 ramis
809 3046 952 3108 coopertus
977 3044 1068 3106 sedet,
1096 3045 1225 3110 prolata.-

138 3135 194 3172 aam
210 3121 280 3170 Deae
295 3119 369 3170 Diae.
397 3119 446 3177 Qui
458 3117 571 3168 verbum
582 3118 665 3181 fertur·
702 3143 730 3154 -
743 3109 845 3182 reperit]
864 3119 1046 3182 rrespondens
1063 3121 1224 3183 ingerit.»-

137 3195 249 3258 inngunt
265 3207 328 3244 cum
346 3207 371 3244 v.
388 3195 494 3258 tieem,
512 3197 626 3244 haerent
637 3194 664 3244 in
703 3191 879 3256 Vindeoiator]
905 3191 1122 3256 tetrasyllabum,
1149 3196 1226 3259 quasi

138 3268 302 3335 explicandis
327 3281 371 3318 vv.
391 3283 440 3332 aare
464 3283 531 3319 rara
555 3269 662 3330 mauris,
699 3265 882 3328 vincerentur,
909 3267 936 3317 44.
956 3265 973 3316 4.
992 3267 1085 3318 vineae
1108 3271 1224 3334 putator.

138 3347 164 3394 et
180 3345 220 3395 sic
236 3343 385 3406 infringitur
396 3343 515 3394 efficacia
526 3357 551 3394 v.
564 3343 662 3396 44444444.
700 3340 759 3390 Vid.
778 3341 813 3391 ad
835 3341 888 3391 Sat.
908 3343 936 3405 2,
954 3342 983 3404 8,
1008 3343 1031 3393 i.
1053 3368 1080 3379 -
1100 3345 1224 3412 4444444444]

137 3419 279 3469 Praeterea
293 3430 421 3469 caesurae
433 3419 474 3469 vis
490 3420 617 3482 requirit,
635 3421 665 3469 ut
700 3413 764 3467 Plin.
784 3416 815 3466 44.
834 3418 864 3467 N.
884 3417 929 3478 48,
949 3417 992 3480 66,
1016 3419 1045 3469 2:
1072 3419 1124 3470 XV.
1143 3419 1227 3470 4444444

138 3491 348 3558 distinguamus:
372 3492 476 3544 menen
491 3498 520 3542 444
535 3493 664 3545 4444444444
695 3492 789 3554 primia
806 3491 875 3556 (post
891 3493 1090 3557 aequinoctium
1102 3495 1224 3558 vernum)

140 3567 252 3632 isertur
268 3569 319 3618 cet.
699 3567 827 3631 aerkoiae
843 3568 969 3630 rapiendo
989 3575 1047 3620 urat
1068 3583 1112 3632 ea,
1138 3569 1227 3634 quibas

168 3642 259 3693 88-36.
289 3642 368 3705 miae]
392 3655 506 3692 «amaro
529 3645 556 3693 et
578 3641 664 3692 male·
695 3643 847 3706 pereqetdit
876 3650 935 3695 cote
965 3645 1150 3706 aequinoctium
1175 3659 1228 3696 eoa

137 3715 224 3768 dico.»
244 3744 272 3754 -
295 3718 422 3780 medioque
439 3717 539 3784 44444444]
562 3718 662 3769 Persio.
698 3717 835 3780 suffecerit,
853 3719 913 3768 dam
928 3721 991 3770 sciat
1007 3721 1064 3769 444444
1079 3724 1168 3770 amem
1179 3733 1227 3790 esa-

138 3793 183 3844 mr
207 3793 322 3844 4444444444.
355 3793 428 3856 Virg.
447 3795 542 3856 Georg.
564 3793 594 3856 3,
620 3792 661 3843 28.
695 3793 996 3860 probratioaemsoedam
1009 3795 1156 3858 putantium
1165 3795 1227 3845 vitea

136 3881 306 3932 metuoque
332 3871 449 3932 4444444444
475 3868 570 3919 itiitere.
614 3870 664 3920 So-
696 3883 745 3932 per
761 3870 925 3922 ermetem
941 3875 1031 3921 44444444
1047 3870 1115 3920 alitis
1130 3875 1227 3934 impo-

136 3942 225 4008 phacl.
241 3945 328 4008 Antig.
347 3943 407 3994 tia:
426 3941 523 4010 πολλῷ
541 3939 664 4015 ῥεύματι
700 3945 780 4007 rarii,
802 3957 876 4008 qaam
895 3945 1012 3996 4444444444
1034 3949 1134 3995 vocant.
1174 3947 1227 3996 De·

137 4020 416 4090 rpoarreeopre'roaq.
436 4021 543 4071 Euenus
555 4021 664 4071 84444444-
700 4019 773 4070 demas
797 4021 863 4070 4444444
888 4019 992 4070 44444444
1016 4019 1228 4083 opprobriumque

137 4093 203 4146 dew.
230 4094 289 4146 Del.
316 4108 342 4159 p.
370 4095 435 4146 itt:
465 4097 492 4146 ai
516 4093 548 4146 et
573 4091 664 4159 πολὺς
699 4095 829 4158 mum,
854 4096 946 4160 [44444444
967 4095 999 4146 ab
1021 4094 1067 4144 iiic
1083 4095 1184 4145 uoluere
1200 4096 1227 4145 444

137 4167 284 4222 rreieerav
310 4168 370 4221 κτλ.
400 4171 442 4222 Sic
468 4171 502 4222 de
525 4173 662 4223 minitante
698 4170 748 4221 aite
759 4172 921 4234 deprehendi,
939 4175 967 4221 444
984 4171 1014 4220 ob
1031 4171 1058 4221 id
1070 4171 1228 4234 petulantiae

136 4245 225 4312 Earip.
245 4247 289 4298 Or.
309 4246 393 4298 tate:
413 4239 449 4311 ἢν
467 4241 557 4310 πολὺς
574 4244 660 4320 παρῇ.
700 4247 763 4301 solet
779 4247 855 4297 etiarn
871 4259 928 4296 aum
948 4247 1035 4309 primo
1054 4259 1112 4298 vere
1134 4247 1228 4298 iudea-
