3174 4974
290 424 353 492 ota
660 426 788 478 donarii
805 403 1027 504 antemnarum

333 587 431 652 Recta
453 581 534 649 lacta
555 581 668 658 refert,
692 581 828 649 orientia
850 590 995 668 tempora
1016 581 1100 647 notis
1316 579 1378 645 l30

334 703 464 770 Instruit
486 702 655 791 exemplis,
680 703 809 790 inopem
832 701 953 768 solatur
974 710 1007 768 et
1027 721 1171 789 aegmm.

335 826 439 893 Castis
460 845 534 892 cum
555 824 666 912 pueris
689 824 799 912 ignara
820 822 928 911 puella
948 822 1051 888 mariti

332 947 479 1014 Disceret
499 944 586 1011 unde
607 963 738 1032 procae,
762 953 869 1012 vatem
891 947 923 1008 ni
945 945 1035 1010 Musa
1057 942 1223 1010 dedisset?

334 1068 442 1136 Poscit
462 1087 558 1155 opem
581 1064 700 1134 chorus
722 1075 755 1132 et
775 1064 960 1152 praesentia
980 1065 1111 1130 numina
1133 1064 1243 1140 sentit,
1287 1095 1289 1100 ·

335 1189 499 1257 Caelestes
522 1187 671 1276 implorat
692 1207 794 1274 aquas
816 1185 912 1254 docta
933 1206 1032 1274 prece
1053 1184 1206 1260 blandus,
1316 1185 1377 1252 i35

333 1311 454 1378 Avertit
473 1309 620 1386 morbos,
644 1306 817 1374 metuenda
838 1307 982 1395 pericula
1003 1306 1108 1395 pellit,

358 1471 414 1520 435.
441 1468 538 1533 aquas]
564 1481 621 1530 oper
642 1466 767 1530 singulari
793 1480 885 1517 errore
902 1479 971 1517 unus
988 1467 1153 1518 Beramanni.
1174 1492 1201 1505 -
1228 1466 1347 1529 implorat

325 1557 419 1607 wear,
446 1546 519 1594 meto
540 1556 616 1606 prece
640 1543 745 1592 modus
767 1542 863 1592 Avertit
885 1541 985 1591 ararica
1009 1540 1145 1604 distinguit
1168 1539 1302 1592 Bentleius
1318 1542 1346 1591 in

325 1621 401 1670 Curis
418 1619 577 1670 novissimis.
598 1645 626 1654 -
645 1616 702 1667 aas.
722 1615 806 1680 petiit]
831 1616 894 1666 toiiit
909 1628 979 1666 unns
996 1615 1165 1677 Bersmanni,
1192 1615 1345 1679 Cuningha-

326 1695 395 1745 mius
412 1693 572 1744 coniectura.

291 1839 427 1893 rectorem,
446 1835 476 1882 ut
490 1829 614 1882 vocabuli
627 1834 756 1892 correptor
764 1830 817 1880 iarn
855 1829 904 1879 esi.
920 1855 947 1864 -
961 1827 1200 1890 Caelestes-opace]
1218 1826 1377 1891 :pluviam-

293 1907 363 1960 nulla
380 1908 581 1958 siiauctoriias.
598 1905 818 1955 -orientioiem-
856 1902 895 1952 Ci.
913 1900 1062 1974 odoro,
1082 1901 1128 1950 ts:
1155 1913 1238 1963 oquae
1254 1903 1377 1954 ceeimm

289 1980 366 2046 pora]
376 1995 429 2031 non
439 1983 493 2031 tarn
503 1977 817 2042 insolescentequnam
855 1977 910 2026 Lir.
922 1975 947 2037 i,
959 1975 1003 2026 3⁰:
1016 1975 1275 2040 ruebam-depretiari
1285 1989 1376 2038 epaee

293 2067 390 2106 «unam
413 2055 551 2105 hominum
569 2055 683 2104 aetatem
702 2055 762 2118 posi
779 2051 818 2102 al·
855 2053 882 2102 Si
893 2050 1000 2115 quando
1009 2053 1108 2101 Romae
1117 2063 1202 2114 aquae
1215 2051 1302 2116 inopia
1312 2055 1378 2114 erat,

293 2133 391 2190 ieram,
418 2131 448 2179 ui
469 2129 556 2193 prima
580 2141 704 2193 quaeque
722 2127 816 2189 oritm,
855 2139 932 2178 sacra
958 2124 1163 2176 instituebantur
1190 2128 1245 2177 iovi
1270 2125 1377 2188 Pluuio,

293 2205 320 2254 in
336 2203 424 2255 lucem
442 2203 530 2253 editur
547 2217 578 2252 ac
591 2203 671 2266 priori
684 2201 816 2260 succedit;
855 2199 977 2263 aquilicia
994 2199 1078 2260 dicta,
1097 2201 1196 2264 qnippe
1214 2199 1311 2264 quibus
1327 2203 1380 2252 im-

293 2278 333 2328 die
343 2278 491 2327 werdendeo
500 2277 691 2327 Geettoettera
708 2303 732 2314 ·-
745 2277 818 2338 notis]
855 2275 919 2326 bras
932 2274 1006 2326 caelo
1018 2273 1190 2336 miserantum
1210 2275 1379 2340 nudipedalia

294 2350 458 2411 «veui-ibus,
477 2363 547 2413 quae
564 2349 598 2400 ab
610 2349 734 2400 omnibus
746 2348 820 2399 cele·
855 2348 1017 2411 agebantur,
1044 2347 1071 2398 id
1088 2351 1143 2410 est,
1170 2348 1285 2413 populus
1301 2349 1379 2400 nudis

293 2423 436 2474 braniur.»
458 2451 486 2459 -
509 2424 626 2488 aegrum]
651 2425 751 2474 «animi
771 2437 819 2474 aa·
855 2421 970 2485 pedihus
986 2434 1114 2487 pompam
1132 2421 1250 2474 ducebat
1265 2437 1315 2488 per
1331 2425 1380 2476 Ur·

294 2511 385 2562 grum,
411 2494 578 2548 sollicitum.»
614 2496 681 2550 itala
702 2497 819 2549 nonnulli
855 2495 929 2546 bem.
944 2496 982 2547 Ci.
995 2498 1102 2548 Festum
1113 2498 1139 2547 in
1148 2510 1174 2548 v.
1182 2496 1378 2559 leodidico.-

293 2573 403 2622 vertunt
438 2574 496 2622 dee
528 2573 690 2634 Kronion,
720 2575 819 2624 rectius
855 2572 929 2621 docta
940 2583 1016 2634 prece
1027 2570 1140 2635 ibides]
1153 2570 1266 2622 ablande
1278 2571 1379 2637 suppli-

293 2647 361 2698 Voss
378 2647 428 2697 die
444 2648 665 2698 Schwermcti.
856 2657 921 2696 cans
939 2645 980 2696 dis
993 2645 1124 2705 carmina,
1143 2645 1216 2709 quod
1227 2649 1305 2710 poeta
1317 2660 1380 2698 eum

328 2721 449 2772 iti-tte.
476 2723 557 2772 Goatie
572 2723 635 2787 cet]
652 2723 709 2774 lam
726 2724 820 2774 transit
857 2721 985 2781 docuii;»
997 2721 1072 2770 docta
1083 2723 1126 2770 eat
1136 2721 1313 2784 participium,
1326 2733 1380 2771 non

294 2795 328 2847 ad
348 2796 437 2860 poesis
447 2797 503 2846 vim
520 2795 712 2860 utilitatemque
731 2797 757 2847 in
774 2810 819 2848 sa-
857 2794 1027 2845 adieciirum.
1042 2821 1070 2830 -
1088 2794 1184 2844 Λυσι-ιιι
1198 2795 1304 2858 morbos]
1321 2807 1380 2845 tna-

294 2871 347 2923 crie
365 2883 396 2920 ac
413 2869 593 2934 religionibus.
609 2895 637 2906 -
656 2872 820 2934 ignara-me-
856 2871 928 2919 nime
946 2867 1065 2933 Apolline
1081 2868 1218 2930 invocato;
1237 2869 1270 2920 oi.
1288 2869 1336 2919 0d.
1354 2869 1377 2928 t,

293 2947 346 3008 rita]
365 2943 442 2994 Silius
458 2945 487 3004 2,
506 2945 551 2994 68:
577 2945 644 2994 Haec
661 2947 755 3010 ignoro
769 2948 820 2996 oiri
856 2944 901 3003 ti,
919 2942 959 2992 ta.
981 2969 1008 2978 -
1027 2942 1167 3007 mmmde]
1185 2943 1300 3006 «quippe
1317 2955 1380 3006 por·

292 3032 422 3081 naconem
437 3021 542 3069 adsueto
552 3020 634 3070 miili.
650 3048 678 3058 -
696 3021 770 3086 aede]
788 3034 819 3071 aa
855 3018 936 3068 tentis
962 3017 1135 3080 significata.»
1158 3042 1186 3053 -
1210 3017 1307 3082 laea]
1332 3015 1380 3066 adi

295 3107 378 3158 quoa
396 3095 425 3142 ut
442 3093 490 3143 Od.
505 3094 528 3155 i,
543 3094 583 3154 ii,
597 3095 637 3144 tr.
653 3119 679 3132 ·-
696 3095 820 3161 preoeeJa
856 3091 946 3154 interi,
964 3093 1010 3142 iiis
1026 3091 1115 3155 paie'r,
1139 3093 1307 3157 Proserpina,
1327 3091 1381 3142 iia-

294 3167 383 3218 choris
399 3165 548 3232 puellarum
566 3169 593 3217 ei
611 3181 757 3231 puerorum
774 3183 821 3233 pa·
856 3169 942 3226 cetea
954 3167 1064 3229 utvirg.
1079 3167 1124 3216 Ge.
1137 3164 1163 3225 i,
1176 3167 1237 3217 tiit:
1257 3167 1311 3229 Quo
1320 3169 1381 3232 [tete

294 3243 436 3292 trimorum
447 3255 479 3291 ac
491 3243 675 3292 matrimomm
684 3244 818 3304 recitatas,
856 3243 962 3292 Manes
980 3240 1054 3304 (deos
1066 3240 1187 3304 interos),
1207 3253 1259 3302 prta
1268 3241 1381 3292 Nm

295 3329 410 3381 quarum
428 3315 580 3380 exemplum
601 3316 687 3368 habes
704 3319 819 3368 Carmen
857 3313 986 3378 (superos)
1003 3327 1062 3364 once
1077 3314 1201 3364 vocaret?
1222 3315 1254 3364 Et
1263 3315 1302 3364 ric
1312 3318 1378 3365 Aen.

294 3389 429 3450 seculare,
448 3393 529 3454 atque
547 3391 599 3441 iam
616 3392 762 3454 antiquitus
777 3393 820 3442 Li·
857 3387 897 3449 tn,
911 3387 972 3440 oto:
994 3389 1136 3438 Voaomibi
1146 3390 1234 3439 Mones
1245 3389 1303 3438 Bate
1312 3388 1379 3450 bosi,

294 3466 329 3515 vii
351 3463 494 3515 Andronici
517 3477 639 3526 carmen,
667 3466 739 3530 quod
756 3479 820 3530 pro-
856 3463 976 3524 ouoniam
1008 3463 1112 3526 &aperie
1137 3475 1228 3513 aversa
1253 3463 1378 3513 colunias

295 3541 355 3604 pter
371 3539 443 3588 varia
461 3537 580 3602 prodigia
591 3539 707 3603 virgines
719 3543 761 3590 ter
771 3554 820 3590 no-
856 3537 947 3588 llanes
964 3537 1043 3600 igliur
1059 3538 1085 3587 b.
1098 3537 1115 3588 l.
1131 3538 1171 3587 die
1185 3537 1382 3588 mrertrtixien

294 3626 380 3665 venae
405 3626 455 3677 per
479 3611 576 3663 urbem
602 3617 697 3665 euntes
720 3616 818 3665 Dianae
855 3612 962 3662 illicite.
995 3609 1127 3675 Gargaiio:
1155 3613 1231 3662 Gioce
1243 3611 1381 3674 pineaeoi

295 3688 452 3738 cecinerunt
471 3687 687 3739 anaemaris.
700 3690 762 3751 (biv.
776 3689 818 3748 27,
856 3686 951 3748 carmi,
970 3685 979 3734 i
995 3687 1078 3736 canni
1088 3685 1165 3736 Picto.
1195 3687 1310 3750 Burgus:
1329 3687 1382 3738 Coe

295 3761 362 3825 37.),
381 3775 414 3811 ex
431 3761 519 3826 prisco
536 3762 644 3826 quidem
657 3775 733 3812 more
748 3760 821 3812 Itali·
856 3760 893 3810 ior
907 3772 991 3810 cerem
1002 3772 1053 3822 por
1068 3761 1155 3810 ultim
1169 3773 1194 3810 ae
1213 3761 1323 3823 opacae
1334 3762 1383 3811 ica

295 3849 344 3895 co;
366 3837 405 3887 sic
423 3836 504 3886 etiam
521 3835 628 3886 Faleriis
645 3836 729 3907 χοροὶ
748 3849 820 3907 καρ-
856 3835 935 3884 dores
950 3835 990 3884 dei
1005 3835 1103 3885 eveno
1119 3847 1132 3884 e
1151 3835 1190 3886 dei
1206 3835 1310 3898 Oiirrrpe.
1341 3835 1381 3886 De

294 3911 388 3961 θένων
405 3904 561 3976 ὕμνόυσῶν
571 3901 721 3981 τὴνἬραν
732 3904 821 3978 ᾠδαῖς
857 3908 978 3962 Manibus
994 3910 1102 3974 proprie
1119 3908 1196 3961 dictis
1213 3908 1295 3960 nolim
1312 3909 1384 3973 cogi-

295 3985 434 4054 πατρίοις.
461 3985 571 4048 Dionys.
589 3982 671 4034 lialic.
685 3985 714 4044 i,
733 3986 774 4035 tt.
791 4013 817 4022 -
858 3985 929 4044 iare3
948 3984 997 4035 etsi
1010 3981 1277 4044 ceriiacarmlnibua,
1290 3983 1380 4044 idest,

220 4088 227 4099 ·
292 4059 444 4122 warentia]
472 4059 615 4124 «propitia,
640 4058 818 4122 opitulantis.»
857 4056 986 4120 ior-mulis,
999 4058 1143 4110 utebantur
1154 4059 1180 4110 in
1193 4058 1382 4120 incombusta

296 4132 335 4183 Gi.
349 4133 397 4183 cd.
412 4135 435 4194 i,
449 4133 491 4194 35,
503 4135 528 4184 ἱ.
544 4161 572 4171 -
585 4133 666 4199 ambil
678 4135 721 4184 Sic
732 4135 759 4186 in
771 4135 820 4186 Eu·
857 4130 1036 4194 denicalibus,
1055 4134 1082 4184 in
1094 4134 1231 4184 Lemuriis.
1250 4135 1279 4184 in
1291 4133 1332 4184 iris
1343 4133 1383 4182 ni·

294 4209 387 4272 ripidis
410 4209 520 4259 Bacchis
544 4223 569 4258 v.
585 4209 643 4260 582.
662 4209 759 4260 chorae
777 4211 819 4260 dei
857 4221 917 4271 gras
940 4207 1014 4260 iabas
1037 4221 1083 4258 ore
1101 4209 1262 4273 accipientes
1279 4209 1382 4258 aremi-

296 4283 460 4346 praeaantla,
488 4281 655 4352 inoperata,
680 4281 820 4348 perculsus
857 4281 1294 4344 queiacienieaaevieadicebani:
1312 4281 1382 4332 tieee
